2017 2948
97 554 183 575 Divisio.

201 152 260 183 452

392 293 595 326 EXPOSITIO
617 291 779 324 TEX'I'US.

200 393 263 416 Sunt
276 392 336 416 item
349 390 390 415 alii
402 390 599 422 praecedentium
615 387 737 412 insaniam
753 386 968 411 transcendentes.

242 482 344 522 Supra
372 481 507 512 ostendit
537 480 685 519 Magister
713 487 828 517 corpus
858 477 969 508 Clu-isti

200 544 315 566 verum
332 534 431 569 sumi;
450 534 480 563 in
496 533 553 563 lias·
571 535 656 571 parte
672 532 804 561 ostendit
827 531 911 570 quod
931 531 967 568 ἕω

200 597 312 628 eorpus
327 586 438 617 Christi
455 594 565 616 verum
580 586 668 615 estin
684 585 786 622 altari,
800 584 971 623 procedens

198 651 217 672 a
229 640 437 672 destructione
453 639 584 669 minoris
599 638 715 668 erroris
732 638 771 668 ad
785 637 969 667 destructio-

197 703 271 725 nem
288 693 427 732 majoris.
445 692 482 723 Et
499 692 651 722 dividitur
668 691 735 721 haec
752 700 824 730 pars
845 690 876 719 iu
893 690 971 720 duas

198 752 311 790 partes.
331 748 364 779 ln
379 749 482 788 prima
494 747 646 787 Magister
661 745 828 785 respondet
846 744 968 784 sophis-

197 803 266 834 ticis
280 802 457 833 rationibus
470 801 609 839 illorum,
624 800 678 840 qui
694 799 841 830 dicebant
855 807 970 837 corpus

198 855 310 888 Christi
326 864 439 886 verum
452 855 484 885 in
498 854 589 885 altari
604 862 668 884 non
683 862 764 890 esse;
782 852 815 882 in
833 851 970 881 secunda

197 909 363 940 veritatem
388 908 554 939 confirmat
578 905 745 945 multiplici
771 904 968 942 auctoritate,

197 961 365 993 ostendens
380 961 464 1001 quod
484 969 598 1000 corpus
621 968 732 991 verum
753 959 845 988 estin
867 957 968 994 altari,

197 1017 228 1045 et
242 1023 306 1054 qua
320 1014 438 1044 virtute
450 1014 510 1044 hoc
523 1014 588 1049 fiat,
606 1013 647 1042 ibi
661 1022 668 1043 z
690 1012 775 1043 Satis
786 1019 969 1050 responsum

198 1067 335 1098 arbitror
357 1075 421 1098 esse
448 1066 615 1097 lioerettcis.
645 1065 748 1095 Prima
778 1073 849 1103 pars
876 1063 970 1093 habet

197 1119 294 1150 duas:
316 1120 348 1149 in
370 1120 473 1158 prima
495 1119 584 1157 ponit
606 1117 806 1148 auctoritates
825 1118 855 1147 et
875 1116 967 1146 ratio-

197 1182 271 1211 nes;
295 1173 327 1203 in
352 1172 489 1203 secunda
513 1171 682 1210 subjungit
705 1169 916 1209 expositiones
942 1171 971 1198 et

197 1225 486 1262 determinationes,
505 1224 564 1254 ibi:
585 1224 658 1258 011oe
673 1231 713 1254 ez·
726 1222 832 1253 eadem
847 1222 971 1253 ratione

198 1279 307 1310 omnia
320 1277 510 1317 accipienda
521 1280 606 1307 sunt.
623 1276 656 1306 Et
669 1276 721 1305 illa
733 1275 878 1305 similiter
892 1275 972 1304 duas

199 1332 294 1362 habet
306 1343 312 1362 ε
325 1332 357 1361 111
373 1332 475 1370 prima
488 1330 618 1369 exponit
633 1332 663 1359 et
678 1328 866 1358 determinat
881 1336 972 1367 quas-

199 1385 272 1416 dam
287 1384 497 1421 auctoritates,
512 1392 594 1422 quas
610 1382 653 1412 illi
670 1382 751 1412 male
766 1381 972 1419 intelligendo

199 1438 428 1477 depravabant;
443 1437 477 1466 in
492 1435 630 1466 secunda
644 1444 720 1466 vero
736 1434 909 1465 incidenter
920 1443 973 1464 ex-

199 1491 287 1530 ponit
297 1490 467 1530 quamdam
480 1489 671 1519 locutionem
684 1488 837 1527 tropicam
848 1488 973 1526 Augus-

189 1543 268 1581 tini,
286 1552 359 1582 quae
374 1544 478 1582 posset
492 1541 585 1571 alicui
602 1541 779 1570 ministrare
797 1540 972 1570 fomentum

200 1595 333 1633 erroris,
356 1595 399 1625 ibi
419 1606 426 1625 ε
453 1594 588 1626 Accende
613 1594 664 1625 Ιιῑε
688 1593 869 1633 diliqencer,
894 1594 972 1632 quia

201 1651 289 1688 tropo
304 1648 455 1688 quodam,
474 1649 533 1678 etc.

529 1741 597 1763 DUB.
621 1740 643 1761 1.

346 1800 501 1824 Sacrificium
520 1799 636 1823 Ecclesiae
653 1798 766 1828 duobus,
784 1799 832 1822 etc.

240 1863 370 1894 Videtur
385 1862 585 1902 Augustinus
601 1861 652 1891 hic
669 1860 749 1891 male
764 1860 883 1896 dicere,
900 1859 974 1899 quia

202 1926 242 1948 ex
257 1925 387 1956 corpore
402 1915 528 1953 Christi,
550 1917 580 1945 et
599 1915 692 1953 signo
708 1913 823 1944 visibili
844 1912 924 1942 nihil
939 1912 974 1942 fit

201 1978 316 2000 unum.

242 2022 333 2061 Resp.
356 2021 530 2052 Dicendum
552 2020 637 2060 quod
659 2019 808 2059 quamvis
833 2027 898 2049 non
919 2018 975 2048 fiat

202 2084 304 2106 unum
319 2083 376 2114 per
389 2075 569 2112 essentiam,
583 2074 619 2104 fit
632 2075 738 2103 tamen
754 2081 857 2103 unum
873 2080 974 2101 saera-

203 2130 363 2166 mentum,
385 2127 459 2167 quia
481 2128 716 2158 sacramentum
738 2135 802 2155 non
821 2124 895 2155 dicit
916 2123 972 2153 ali-

203 2181 279 2222 quid
292 2180 485 2218 absolutum,
502 2179 555 2210 sed
570 2179 674 2217 magis
686 2178 724 2208 ad
739 2177 868 2217 aliquid.
887 2175 974 2206 Unde

203 2234 351 2265 dicuntur
375 2233 475 2263 facere
499 2241 601 2263 unum
632 2232 881 2267 sacramentum,
911 2237 974 2259 non

203 2286 279 2326 quia
293 2287 370 2316 fiant
385 2293 498 2322 unum,
515 2284 566 2314 sed
582 2283 658 2323 quia
672 2282 711 2312 ad
726 2290 838 2312 uuum.

524 2377 593 2398 nus.
616 2376 648 2397 u.

375 2435 445 2460 Sicut
461 2433 553 2458 Christi
569 2439 681 2463 persona
697 2434 802 2456 constat.

244 2497 376 2528 Videtur
404 2496 576 2536 improprie
605 2495 711 2535 loqui,
742 2494 817 2534 quia
840 2503 975 2533 persona

207 2549 320 2581 Christi
343 2552 391 2581 est
412 2549 667 2589 simplicissima:
693 2555 773 2586 ergo
791 2556 857 2577 11011
882 2546 976 2578 habet

207 2603 467 2642 compositionem
482 2602 634 2641 aliquam.
656 2600 734 2631 Item
748 2599 836 2630 nulla
850 2600 976 2630 videtur

756 143 1062 177 SENTENTIARUM
1086 143 1158 173 LlB.
1185 141 1232 173 lV.

1026 209 1210 245 similitudo,
1226 209 1302 248 quia
1316 211 1363 239 est
1377 209 1452 239 unio
1468 210 1499 239 in
1515 218 1659 249 persona,
1675 213 1705 240 et
1720 211 1794 242 unio

1026 262 1156 292 omnino
1178 262 1386 302 sempiterna,
1413 264 1443 291 et
1466 261 1702 302 inseparabilis:
1726 262 1795 294 haec

1026 318 1131 346 autem
1149 316 1186 345 ad
1203 315 1361 345 modicum
1380 317 1504 354 tempus
1518 317 1575 344 est.

1066 367 1156 407 Resp.
1175 368 1345 398 Dicendum
1365 367 1448 406 quod
1467 367 1641 398 similitudo
1663 368 1795 399 attendi-

1026 424 1078 451 tur
1088 424 1242 460 quantuni
1258 421 1295 450 ad
1312 421 1387 455 duo,
1404 423 1433 449 et
1448 423 1604 459 quantun]
1621 421 1659 450 a·l
1675 430 1711 451 ea
1725 430 1796 460 quae

1025 474 1172 504 dicuntur
1188 473 1349 512 componi,
1374 476 1403 503 et
1427 477 1581 512 quantum
1604 473 1641 503 ad
1667 474 1795 504 niodum

1026 528 1201 566 compositi.
1232 526 1392 563 Quantum
1421 526 1459 556 ad
1486 536 1521 556 ea
1547 536 1619 565 quae
1647 525 1797 557 d³1runtur

1026 580 1183 619 componi,
1202 580 1275 619 quia
1293 580 1372 609 sieut
1389 583 1436 609 est
1450 580 1491 609 ibi
1505 580 1623 619 aliquid
1636 580 1797 619 spirituale

1026 636 1055 662 et
1070 632 1239 669 invisibile,
1263 635 1297 662 ut
1316 632 1422 662 divina
1445 635 1570 670 natura,
1593 633 1712 672 aliquid
1728 643 1795 664 eor--

1026 686 1132 725 porale
1147 688 1177 716 et
1197 686 1335 723 visibile,
1354 686 1397 715 sic
1411 686 1487 716 etin
1507 686 1676 725 proposito.
1691 686 1797 723 Quan-

1026 742 1094 769 tum
1107 739 1145 769 ad
1162 739 1292 769 moduni
1308 739 1483 778 compositi,
1501 739 1576 778 quia
1591 740 1671 770 sicut
1687 739 1796 770 divina

1026 795 1140 823 natura
1159 795 1189 822 et
1210 792 1352 822 humana
1373 792 1521 822 dicuntur
1544 793 1707 832 componi,
1734 802 1796 824 nou

1026 845 1101 885 quia
1115 854 1155 875 ex
1170 845 1214 875 eis
1228 848 1347 875 constat
1359 854 1472 882 unum,
1487 846 1541 876 sed
1554 846 1628 885 quia
1640 846 1797 878 uniuntur

1026 899 1058 929 in
1081 908 1157 936 uno,
1180 898 1297 928 scilicet
1315 899 1348 928 111
1368 908 1433 929 una
1449 908 1582 938 persona
1597 898 1730 930 Christi:
1751 899 1795 930 sic

1026 952 1059 982 in
1084 952 1244 992 proposito
1278 951 1426 981 dicuntur
1457 952 1621 991 componi,
1653 952 1728 991 quia
1760 951 1799 982 ad

1026 1015 1139 1035 unum.
1161 1004 1248 1041 Quod
1268 1014 1348 1043 ergo
1369 1005 1515 1043 objicitur
1537 1004 1574 1034 de
1595 1005 1798 1045 compositio-

1026 1068 1079 1090 ne.
1097 1058 1264 1088 dicendum
1281 1058 1364 1097 quod
1380 1058 1469 1097 large
1487 1058 1607 1088 dictum
1629 1061 1674 1088 est
1690 1067 1796 1097 perso-

1027 1120 1100 1140 nam
1128 1111 1241 1140 (Itu-isti
1264 1114 1405 1141 constare
1430 1113 1460 1140 ct
1482 1111 1609 1148 confici,
1637 1111 1712 1150 qnia
1731 1112 1799 1142 illas

1027 1164 1104 1193 duas
1119 1167 1249 1194 naturas
1265 1164 1297 1194 iu
1313 1174 1344 1194 se
1361 1164 1464 1194 habet.
1482 1163 1569 1194 Unde
1580 1164 1693 1194 dicitur
1708 1173 1797 1194 com-

1028 1218 1144 1255 posita,
1169 1217 1243 1256 quia
1264 1226 1338 1247 cum
1361 1217 1422 1247 alio
1443 1217 1555 1255 posita,
1579 1226 1643 1247 non
1665 1226 1706 1247 ex
1730 1216 1800 1248 aliis

1028 1270 1175 1300 confecta.
1194 1270 1282 1306 Quod
1299 1270 1446 1309 obiicitur
1460 1270 1498 1300 de
1516 1269 1797 1308 inseparabilitate,

1028 1326 1195 1356 dicendum
1212 1326 1295 1366 quod
1311 1328 1467 1366 quantum
1482 1326 1521 1356 ad
1537 1325 1598 1356 hoc
1618 1334 1682 1355 non
1697 1327 1798 1355 atten-

1028 1380 1114 1411 ditur
1129 1380 1316 1412 similitudo.

1348 1470 1417 1490 DUB.
1441 1469 1485 1490 111.

1255 1529 1394 1553 Conficitur
1411 1532 1510 1560 autem,
1529 1531 1578 1553 etc.

1069 1593 1234 1632 Objicitur‚
1249 1603 1322 1624 cuin
1338 1593 1415 1624 illud
1431 1595 1666 1624 sacramentum
1681 1592 1803 1623 dicatur

1029 1649 1170 1677 constare
1190 1655 1230 1676 ex
1246 1655 1340 1676 carne
1357 1648 1387 1676 et
1401 1646 1573 1685 sanguine,
1596 1648 1627 1676 et
1645 1654 1684 1675 ex
1702 1645 1803 1684 specie

1030 1699 1097 1730 vini
1121 1702 1152 1729 et
1170 1699 1279 1738 panis:
1302 1698 1448 1729 similiter
1470 1707 1510 1728 ex
1533 1697 1650 1737 specie,
1675 1699 1705 1727 et
1727 1705 1803 1727 vero

1030 1762 1160 1792 corpore
1172 1763 1179 1790 ;
1192 1753 1348 1792 quaeritur
1359 1761 1421 1791 quo
1433 1752 1526 1782 modo
1534 1751 1695 1782 disserunt.
1712 1749 1800 1788 Item,

1030 1815 1103 1836 cum
1131 1806 1317 1836 conficiatur
1342 1805 1377 1845 lb)
1401 1813 1442 1835 ex
1472 1806 1668 1834 sacramento
1693 1805 1723 1834 et
1751 1812 1802 1840 re,

1030 1859 1187 1898 quaeritur
1203 1868 1266 1898 quo
1283 1858 1376 1888 modo
1396 1867 1429 1888 se
1450 1858 1586 1888 habeant
1601 1865 1657 1896 per
1671 1855 1804 1886 modum

1030 1912 1169 1952 partium
1189 1922 1194 1942 :
1213 1913 1269 1941 aut
1283 1911 1368 1941 enim
1390 1913 1462 1941 sunt
1484 1912 1587 1950 partes
1608 1909 1804 1948 subJectivae‚

1030 1967 1085 1995 aut
1106 1964 1280 2002 integrales
1296 1975 1302 1993 :
1324 1972 1389 1993 non
1408 1963 1591 2002 subJectivae
1610 1962 1656 2001 (c),
1673 1961 1747 2000 quia
1765 1970 1805 1991 ex

1030 2017 1075 2048 eis
1089 2026 1153 2047 uon
1168 2018 1341 2053 eoustaret3
1359 2017 1386 2046 si
1401 2016 1582 2055 integrales,
1599 2014 1653 2044 sed
1668 2022 1740 2053 pars
1758 2013 1805 2043 in-

1030 2069 1161 2108 tegralis
1176 2078 1239 2099 non
1260 2069 1370 2108 recipit
1385 2068 1673 2099 denominationem
1686 2066 1800 2097 totius:

1031 2132 1110 2161 ergo
1126 2124 1359 2152 sacramentum
1379 2130 1442 2152 non
1462 2121 1558 2151 habet
1577 2119 1687 2150 confici
1702 2128 1742 2150 ex
1754 2127 1803 2149 sa-

1031 2178 1203 2213 cramento,
1221 2177 1249 2205 et
1265 2184 1309 2205 re.

1072 2228 1163 2268 Resp.
1178 2228 1348 2258 Dicendum
1362 2228 1446 2266 quod
1462 2228 1696 2257 sacramentum
1711 2234 1803 2257 novae

1031 2282 1112 2321 legis
1127 2282 1190 2312 duo
1205 2281 1311 2318 habet,
1328 2280 1443 2310 scilieet
1455 2280 1540 2319 quod
1554 2282 1600 2310 est
1616 2279 1758 2318 signum,
1773 2281 1804 2309 et

1031 2345 1098 2366 res:
1115 2335 1266 2374 quoniam
1283 2342 1362 2372 ergo
1377 2333 1452 2363 illud
1464 2334 1699 2363 sacramentum
1709 2332 1803 2362 habet

1031 2388 1186 2418 rationem
1202 2387 1351 2425 signandi
1365 2396 1383 2416 a
1395 2386 1496 2426 specie
1511 2385 1670 2423 exteriori,
1685 2385 1739 2415 sed
1753 2392 1802 2414 ra-

1031 2441 1150 2472 tionem
1164 2440 1259 2470 dandi
1279 2440 1415 2478 gratiam
1434 2448 1453 2469 a
1467 2447 1560 2469 carne
1579 2438 1692 2469 Christi
1707 2445 1799 2473 vera;

1066 2538 1099 2567 (α)
1124 2537 1193 2561 Edu.
1221 2537 1278 2561 Ven.
1300 2536 1369 2568 quid.
1384 2548 1415 2554 —
1439 2535 1474 2566 (b)
1495 2535 1553 2560 Caee.
1577 2534 1636 2558 edit.
1660 2532 1798 2558 conficitur.

1031 2586 1062 2612 7-
1083 2573 1113 2612 tc)
1131 2573 1199 2597 Edit.
1227 2573 1284 2596 Veri.
1310 2573 1391 2596 omitt.
1413 2573 1456 2595 aut
1476 2570 1612 2601 integrales
1634 2576 1640 2592 t
1664 2576 1716 2593 non
1743 2569 1800 2592 sub-

1029 2611 1141 2639 Jeehvae.
