2017 2948
203 105 262 137 296
760 105 1069 138 SENTENTIARUM
1089 106 1163 138 LIB.
1187 106 1235 139 lv.

84 186 188 207 neroum
249 172 311 205 Sed
327 172 415 216 quod
429 177 475 206 est
490 173 574 206 illud
590 174 727 207 verbum
742 200 750 215 ,
768 185 834 219 quo
848 174 1017 206 accedente
1037 174 1078 206 ad
1100 174 1314 213 elementum,
1332 174 1370 206 fit
1383 176 1647 207 sacramentum?
1662 174 1791 208 Veritas

84 219 189 272 mffif'fi*
208 235 235 261 te
248 229 352 271 docet,
368 241 443 274 ‹111ae
459 230 558 275 hujus
567 231 759 264 sacramenti
771 231 910 263 sormam
922 231 1063 272 tradens,
1075 231 1119 264 ait
1132 231 1300 276 discipulis
1309 232 1318 247 ⁷
1333 245 1339 264 z
1352 233 1412 271 Ite,
1424 231 1534 265 docete
1547 242 1658 264 omnes
1667 238 1789 276 qentes,

205 287 412 332 baptizantes
429 299 480 321 eos
494 289 530 322 in
544 290 677 322 nomine
691 289 812 328 Patris,
831 295 862 321 et
880 288 971 329 Filii,
989 295 1019 321 et
1033 289 1176 334 Spiritus
1191 290 1310 324 sancti.
1327 289 1492 322 Invocatio
1509 289 1611 332 igitur
1625 289 1794 322 Trinitatis

205 346 342 378 verbum
357 346 489 388 dicitur,
505 358 571 390 quo
586 346 745 391 baptisma
758 350 964 379 consecratur
977 358 983 378 :
996 350 1027 379 et
1037 346 1106 379 haee
1121 350 1168 379 est
1184 346 1287 380 forma
1301 347 1490 387 verborum,
1504 346 1566 379 suh
1575 358 1642 391 qua
1655 347 1796 380 traditur

206 402 396 446 baptismus.
415 403 508 436 Unde
529 404 694 436 Bonifacio
710 404 858 448 episcopo
872 403 1042 436 Zacharias
1057 416 1140 449 papa
1159 404 1204 437 ait
1220 407 1230 421 ²
1247 418 1254 437 z
1281 417 1297 435 «
1319 403 1518 437 Firmissime
1538 408 1734 448 praeceptum
1749 408 1796 438 est

206 460 240 492 in
264 461 389 504 synodo
420 461 624 503 Aug-(lorum,
652 461 853 506 quicumque
883 461 953 494 sine
978 461 1183 495 invocatione
1210 461 1381 494 Trinitatis
1404 472 1530 494 mersus
1551 461 1683 503 fuisset,
1707 461 1796 506 quod

206 522 444 551 sacramentum
461 519 715 561 regenerationis
737 530 803 551 non
823 518 955 552 haberet
970 531 976 551 :
998 520 1086 564 quod
1109 520 1242 553 omnino
1264 531 1380 552 verum
1395 524 1442 552 est
1455 546 1463 561 ‚
1479 519 1556 564 quia
1573 519 1599 551 si
1612 516 1748 552 ⁷mcrsus
1762 518 1797 552 iu

207 577 294 609 sonte
309 576 462 620 baptismi
477 576 551 620 quis
566 576 665 608 fuerit
679 576 748 609 sine
763 577 968 609 invocatione
982 577 1167 619 Trinitatis,
1184 577 1345 622 perfectus
1364 577 1560 610 christianus
1574 588 1640 610 non
1655 580 1718 618 est,
1735 576 1798 610 nisi

208 634 238 666 in
254 633 387 666 nomine
403 633 521 675 Patris,
538 637 569 666 et
582 633 671 675 Filii,
689 637 720 666 et
733 634 876 678 Spiritus
889 635 991 667 sancti
1006 635 1105 668 fuerit
1124 635 1318 680 baptizatus
1342 647 1358 666 »
1382 634 1517 678 Legitur
1535 638 1645 667 tamen
1659 634 1695 667 in
1709 634 1799 668 Acti-

208 690 264 723 bus
279 692 509 735 Apostolormn
519 694 528 709 ³
538 692 715 736 Apostolus
729 692 907 736 baptizasse
918 693 951 725 in
965 693 1097 725 nomine
1112 692 1231 726 Christi
1245 706 1251 725 :
1269 692 1323 726 sed
1334 693 1368 725 in
1384 692 1443 725 hoc
1458 692 1603 734 nomine,
1618 696 1656 725 ut
1667 692 1800 736 exponit

208 749 402 782 Ambrosius
417 751 444 791 ⁴,
462 753 530 782 tota
543 750 685 783 Trinitas
700 750 908 793 intelligitur.
926 749 1127 794 Intelligitur
1142 751 1229 783 enim
1244 777 1252 792 ,
1269 762 1345 783 cum
1360 750 1526 784 Christum
1541 750 1621 783 dicis
1633 776 1642 792 ,
1658 753 1690 783 et
1703 750 1801 783 Pater

208 818 227 839 a
241 818 307 851 quo
323 811 441 839 unctus
455 811 521 849 est,
537 811 568 840 et
586 808 653 852 ipse
674 808 734 853 qui
748 813 866 840 unctus
881 812 927 841 est
938 834 946 849 ,
963 812 995 840 et
1009 808 1152 853 Spiritus
1166 813 1296 841 sanctus
1314 819 1371 852 per
1385 819 1484 852 quem
1499 812 1617 841 unctus
1631 811 1688 840 est.
1709 806 1800 840 Unde

208 864 362 898 Nicotaus
376 875 459 910 papa
473 865 514 898 ad
534 865 683 899 consulta
702 865 925 909 Bulgarorum
941 867 951 883 ⁶
968 878 975 898 :
1003 878 1020 897 «
1041 867 1071 899 A
1091 866 1234 910 quodam
1250 866 1360 911 judaeo
1382 865 1503 899 multos
1521 865 1700 910 baptizatos
1717 875 1802 898 asse-

209 922 280 955 ritis
296 935 303 954 :
321 922 447 967 etquid
462 923 537 956 inde
552 924 716 967 agendum
731 924 787 963 sit,
804 924 984 957 consulitis.
1001 924 1045 957 Hi
1059 924 1202 969 profecto
1222 925 1250 958 si
1269 925 1304 957 in
1326 924 1459 958 nomine
1481 927 1598 957 sanctae
1618 922 1799 964 Trinitatis,

210 980 263 1013 vel
286 981 320 1013 in
345 980 478 1014 nomine
501 981 643 1023 Christi,
668 981 751 1014 sicut
777 981 812 1014 in
835 982 970 1015 Actibus
993 983 1222 1027 Apostolorum
1246 982 1407 1026 legimus,
1428 981 1631 1026 baptizetur,
1647 980 1802 1024 baptizati

211 1043 288 1071 sunt
305 1050 312 1071 :
331 1050 436 1071 unum
451 1039 572 1084 quippe
586 1039 739 1084 idemque
756 1044 814 1080 est,
832 1044 869 1072 ut
883 1040 1017 1084 exponit
1031 1040 1238 1073 Ambrosius.
1257 1053 1272 1071 n

91 1114 195 1135 Ammo.
257 1096 318 1128 Hic
341 1097 500 1140 quaeritur
519 1108 560 1129 an
583 1097 762 1141 baptismus
779 1101 859 1129 esset
883 1108 994 1138 verus,
1013 1097 1040 1129 si
1062 1098 1224 1130 diceretur
1243 1098 1278 1130 in
1298 1099 1432 1131 nomine
1454 1100 1566 1132 Patris
1588 1103 1728 1142 tantum,
1751 1101 1803 1134 vel

89 1146 197 1196 ζᾞζὲζζ
214 1154 357 1198 Spiritus
372 1155 481 1186 sancet
496 1158 622 1187 tantum
637 1180 644 1195 ,
662 1159 698 1186 nt
711 1165 785 1187 cum
804 1155 923 1187 dicitur
938 1156 972 1187 in
987 1156 1120 1187 nomine
1137 1156 1271 1188 Christi.
1290 1156 1484 1189 Ambrosius
1500 1157 1630 1190 videtur
1642 1157 1759 1200 dicere,
1777 1158 1804 1190 si

90 1209 199 1264 ‘¹¹:21¹‚fs5152
215 1212 279 1244 fide
296 1212 487 1255 mysterium
512 1212 680 1244 Trinitatis
704 1216 871 1251 teneatur,
900 1217 929 1243 vt
956 1224 1022 1245 una
1045 1224 1182 1257 persona
1207 1217 1334 1245 tantun]
1352 1214 1559 1255 nominetur,
1587 1214 1722 1258 plenum
1737 1226 1803 1249 esse

111 1270 178 1324 {2¹23}
216 1274 455 1303 sacramentum
474 1282 480 1301 :
498 1274 529 1302 et
544 1281 560 1301 e
575 1281 742 1310 converso,
759 1271 785 1301 si
808 1274 871 1302 tres
893 1271 1118 1311 nominentur,
1134 1274 1165 1303 ct
1189 1282 1255 1303 non
1279 1275 1361 1303 recte
1383 1271 1422 1303 de
1444 1271 1556 1316 aliquo
1578 1271 1713 1305 illorum
1734 1283 1807 1306 sen-

91 1331 202 1383 ἱξὲὲῐυξψ-
218 1328 330 1368 tiatur,
347 1339 487 1360 vacuum
503 1328 575 1360 fieri
590 1327 782 1371 mysterium
801 1327 981 1359 Trinitatis.
1002 1328 1055 1360 Ait
1070 1328 1157 1360 enim
1175 1328 1219 1360 sic
1233 1334 1243 1349 ⁶
1263 1341 1269 1360 2
1294 1341 1310 1359 ι(
1335 1328 1395 1361 Ubi
1419 1339 1484 1361 non
1509 1332 1556 1361 est
1579 1329 1714 1374 plenum
1728 1329 1807 1375 bap-

217 1385 304 1417 tismi
322 1389 574 1426 sacramentum,
595 1397 653 1418 nec
678 1385 888 1429 principium,
913 1396 970 1417 nec
995 1385 1115 1430 specics
1137 1386 1249 1430 aliqua
1272 1386 1424 1430 baptismi
1448 1386 1638 1419 aestimatur.
1665 1387 1806 1422 Plenum

216 1447 326 1475 autem
342 1447 400 1483 est,
423 1443 449 1474 si
473 1443 603 1475 Patrem
627 1446 658 1475 et
672 1443 795 1475 Filium
819 1447 849 1475 ct
871 1443 1031 1487 Spiritum
1056 1447 1204 1475 sanctum
1229 1443 1369 1476 fatearis.
1388 1444 1423 1475 Si
1443 1455 1546 1476 unum
1570 1456 1679 1487 neges,
1702 1449 1806 1479 totum

216 1500 365 1532 subrues.
387 1500 426 1532 Et
449 1500 532 1532 sicut
551 1500 577 1532 si
598 1501 632 1532 in
656 1512 758 1533 unum
780 1511 962 1533 sermonem
987 1501 1253 1545 comprehendas,
1280 1502 1331 1533 vel
1354 1502 1497 1543 Patrem,
1520 1502 1572 1534 vel
1594 1502 1730 1543 Filium,
1756 1503 1808 1536 vel

218 1558 378 1601 Spiritum
393 1562 554 1598 sanctum,
571 1557 634 1590 fide
650 1562 759 1590 autem
776 1569 833 1590 nec
848 1558 990 1599 Patrem,
1009 1569 1066 1591 nec
1083 1558 1205 1591 Filium
1219 1584 1226 1600 ‚
1244 1570 1302 1590 nec
1318 1559 1477 1603 Spiritum
1492 1565 1639 1592 sanctum
1655 1560 1807 1604 abnegeS‚

218 1616 354 1660 plenum
369 1621 415 1648 est
430 1615 508 1648 fidei
524 1621 782 1657 sacramentnm3
800 1616 844 1648 ita
863 1616 960 1648 etiam
982 1616 1056 1648 licet
1070 1616 1200 1649 Patrem
1212 1642 1220 1658 ,
1237 1621 1268 1649 et
1282 1616 1403 1649 Filium
1415 1644 1423 1659 ,
1441 1621 1471 1649 et
1486 1617 1648 1662 Spiritum
1661 1622 1810 1651 sanctum

219 1673 318 1715 dicas,
337 1678 367 1706 et
381 1673 499 1715 Patris,
516 1677 546 1706 et
560 1673 650 1714 Filii,
667 1678 698 1705 et
712 1674 855 1717 Spiritus
868 1673 969 1706 sancti
985 1674 1115 1706 minuas
1129 1677 1318 1718 potestatem
1334 1700 1341 1715 ,
1357 1685 1499 1707 vacuum
1514 1679 1561 1707 est
1580 1686 1677 1707 omne
1692 1679 1812 1720 myste-

219 1732 320 1764 rium.
334 1732 344 1748 '¹
355 1731 438 1764 Cum
453 1731 541 1763 enim
556 1731 675 1763 dicitur
693 1743 700 1763 ε
718 1731 898 1764 innomine
915 1731 1053 1771 Clo-isti,
1070 1742 1127 1775 per
1142 1732 1301 1764 unitatem
1317 1732 1460 1764 nominis
1472 1732 1645 1776 impletum
1659 1736 1707 1765 est
1724 1743 1811 1777 mys-

222 1790 341 1822 terium
355 1801 362 1821 :
381 1800 440 1821 nec
455 1800 474 1821 a
488 1788 608 1821 Christi
623 1788 816 1832 baptismate
831 1788 974 1832 Spiritus
985 1792 1167 1833 reparatur,
1179 1789 1258 1833 quia
1276 1788 1424 1822 Christus
1434 1789 1611 1833 baptizavit
1623 1789 1657 1822 in
1672 1789 1809 1834 Spiritu.

114 1870 206 1895 Quaefflo
266 1860 282 1878 »
301 1850 311 1865 Β
326 1846 422 1879 Nunc
435 1846 678 1879 consideremus
695 1850 806 1879 utrum
821 1872 829 1888 ‚
845 1846 928 1878 sicut
942 1846 976 1878 in
991 1846 1111 1879 Christi
1126 1847 1258 1879 nomine
1272 1846 1413 1890 legimus
1427 1846 1581 1891 baptismi
1595 1846 1730 1891 plenum
1745 1857 1812 1880 esse

98 1901 206 1923 “ffb“’ffi
222 1909 461 1937 sacramentum
475 1931 483 1946 ‚
500 1904 545 1937 ita
560 1903 657 1937 etiam
673 1903 799 1948 Spiritu
816 1909 925 1936 sancto
946 1908 1072 1937 tantum
1093 1908 1281 1948 nuncupato
1297 1903 1380 1936 nihil
1395 1903 1476 1936 desit
1495 1904 1535 1936 ad
1551 1904 1697 1949 mysterii
1711 1904 1814 1948 pleni-

225 1962 384 1995 tudinem.
408 1962 580 1994 Rationem
601 1972 797 2006 sequamur:
823 1962 881 2006 qni
901 1972 1006 1994 unum
1029 1961 1168 2004 dixerit,
1195 1962 1385 1995 Trinitatem
1407 1961 1559 2005 signavit.
1587 1961 1623 1994 Si
1645 1961 1811 1995 Christum

223 2019 320 2061 dicas,
338 2023 370 2052 et
391 2019 520 2051 Patrem
544 2030 563 2052 a
581 2030 648 2063 quo
663 2023 781 2052 unctus
803 2023 850 2051 est
873 2019 987 2062 Filius,
1006 2024 1038 2052 et
1061 2020 1168 2064 ipsum
1186 2019 1244 2064 qui
1269 2023 1387 2052 unctus
1407 2023 1466 2061 est,
1482 2019 1602 2051 scilicet
1619 2019 1755 2060 Filium,
1781 2023 1812 2052 et

223 2077 383 2121 Spiritum
403 2081 563 2120 sanctum,
580 2088 646 2122 quo
661 2081 779 2110 unctus
794 2081 856 2117 cst,
876 2077 1062 2119 designasti.
1087 2077 1253 2121 Scriptum
1278 2080 1324 2109 est
1347 2077 1435 2109 enim
1449 2079 1459 2096 ⁹
1474 2076 1561 2109 hunc
1576 2087 1642 2109 esse
1660 2076 1772 2109 Jesum
1794 2088 1812 2109 a

222 2134 395 2176 Nazareth,
412 2146 510 2179 quem
524 2135 621 2168 zozoez't
636 2136 721 2167 Deus
733 2135 861 2178 Spiritu
875 2141 1000 2167 sancto.
1016 2135 1054 2167 Et
1069 2135 1096 2167 si
1108 2135 1237 2167 Patrem
1255 2134 1353 2175 dicas,
1369 2133 1491 2166 Filium
1507 2134 1587 2178 ejus,
1606 2138 1637 2166 et
1651 2133 1812 2178 Spiritum

223 2192 287 2225 oris
302 2193 372 2237 ejus
386 2193 507 2236 pariter
522 2192 656 2233 indicas,
673 2193 698 2225 si
715 2197 823 2225 tamen
838 2192 871 2224 id
887 2192 984 2225 etiam
1000 2192 1095 2225 corde
1109 2191 1375 2236 comprehendas
1393 2191 1433 2224 Et
1447 2191 1473 2223 si
1488 2191 1650 2235 Spiritum
1664 2196 1811 2225 sanctum

223 2250 322 2292 dicas,
338 2250 444 2283 Deum
460 2250 603 2291 Patrem,
619 2262 638 2282 a
652 2261 717 2294 quo
733 2250 897 2294 procedit,
914 2255 944 2282 et
958 2250 1081 2283 Filium
1096 2250 1187 2294 ejus,
1204 2250 1298 2294 cujus
1318 2253 1365 2282 est
1384 2248 1541 2293 Spiritus,
1565 2249 1761 2293 nuncupasti
1776 2254 1811 2283 ¹⁰.

223 2307 338 2349 Unde,
357 2311 394 2340 ut
408 2307 527 2340 rationi
541 2308 712 2351 copuletur
726 2308 918 2350 auctoritas,
936 2308 1095 2341 Dominus
1109 2308 1215 2340 dicit¹¹
1232 2320 1238 2339 :
1265 2309 1322 2340 Vos
1345 2313 1458 2340 autem
1473 2306 1728 2351 baptizabimini
1740 2307 1816 2352 Spi-

226 2366 294 2399 ritu
309 2371 434 2398 sancto.
452 2366 500 2398 Ex
516 2376 582 2410 quo
597 2365 719 2398 indicat
733 2377 790 2398 nos
804 2370 888 2398 recte
904 2377 994 2410 posse
1007 2365 1166 2410 baptizari
1180 2366 1214 2398 in
1230 2366 1356 2409 Spiritu
1371 2370 1495 2398 sancto.
1513 2378 1529 2396 »

110 2437 214 2460 rei-‚tnn-
274 2425 322 2458 Ex
337 2424 388 2457 his
402 2428 511 2468 aperte
526 2423 732 2456 intellexistis
748 2423 781 2455 in
798 2424 929 2456 nomine
944 2423 1063 2456 Christi
1076 2434 1191 2456 verum
1206 2423 1366 2467 baptisma
1382 2423 1484 2456 tradi:
1502 2423 1590 2456 unde
1599 2421 1815 2456 nihilominus

104 2471 134 2495 git
161 2475 212 2495 prae-

259 2515 264 2527 ¹
280 2514 384 2539 Manli..
399 2519 491 2543 xxvnr,
508 2515 578 2537 19.-
593 2514 602 2527 2
616 2513 652 2536 Dc
665 2520 782 2543 consecr„
798 2513 855 2537 dist.
873 2520 906 2543 iv,
923 2522 943 2537 c.
961 2515 988 2538 In
1003 2514 1132 2545 ςι]ιιοιί<>.ν4
1146 2513 1154 2527 ³
1166 2513 1229 2544 Act„
1245 2519 1302 2540 vnz.
1320 2514 1356 2541 ¹2,
1374 2515 1421 2543 163
1438 2519 1464 2543 x,
1479 2514 1549 2537 48.-
1565 2512 1575 2528 Β
1590 2512 1690 2542 Amba,
1705 2511 1734 2535 de
1746 2512 1812 2542 spir.

226 2550 325 2577 Sancto,
342 2549 384 2572 lib.
401 2550 419 2579 1,
436 2556 458 2573 c.
476 2555 516 2580 111,
528 2556 554 2573 n.
570 2549 610 2579 36,
625 2550 664 2579 3Ἳ,
675 2549 758 2580 quoad
773 2556 917 2574 sensum.-
933 2550 942 2566 ⁵
954 2550 989 2573 De
1000 2557 1114 2578 consecr„
1129 2549 1185 2573 dist.
1201 2554 1236 2579 ιν,
1250 2556 1272 2573 c.
1287 2550 1306 2573 A
1323 2548 1427 2580 quodam
1435 2548 1562 2580 judoeo.—
1577 2548 1586 2561 ’ἲ
1596 2547 1692 2577 Ambr.,
1703 2546 1732 2570 de
1745 2547 1811 2577 Sps».

226 2585 322 2609 sancto,
333 2584 376 2608 lib.
395 2585 413 2613 Ι,
429 2592 451 2608 c.
467 2590 506 2615 ιιι,
518 2591 543 2608 n.
559 2585 631 2609 35.—
641 2584 735 2614 ⁷1b1'd.,
750 2585 817 2608 36.—
835 2584 927 2615 sibim,
940 2592 966 2609 u.
983 2586 1072 2609 37.--⁹
1085 2585 1149 2615 Act,
1160 2585 1295 2613 x,38.—¹⁰
1304 2584 1403 2614 Ambr„
1416 2584 1463 2608 toc.
1475 2583 1509 2607 cit
1521 2602 1527 2613 ,
1540 2589 1566 2607 n.
1578 2583 1777 2611 38.-¹¹Aet.,1.
1788 2583 1811 2606 5.
