2017 2948
88 1934 191 1954 Fundam.

724 148 822 180 DIST.
846 149 896 180 IX.
920 149 1010 180 ART.
1034 149 1057 179 Ι.
1082 148 1230 185 ΟΠςῖἶὸΤ.
1253 148 1290 179 ΙΙ.

251 219 281 246 1.
294 216 342 247 Ad
354 217 432 247 illud
444 224 524 256 ergo
537 216 621 256 quod
634 215 793 255 objicitur,
807 216 891 256 quod
903 219 910 235 ¹
926 215 980 246 ubi

210 278 312 300 unum
333 271 461 309 propter
481 269 616 299 alterum
629 291 636 304 ‚
661 270 732 305 etc,
748 268 786 308 (a)
810 268 980 299 dicendum

210 321 293 361 quod
308 322 367 352 hoc
382 330 495 352 verum
510 324 566 359 est,
583 321 608 351 si
624 322 662 350 sit
676 321 719 350 ibi
734 330 836 352 unum
853 324 981 360 propter

210 374 361 412 alterum,
377 374 462 414 quod
477 383 539 404 non
555 376 651 413 queat
665 375 822 413 separari;
839 375 891 405 sed
906 384 979 405 cum

210 429 385 466 separatur,
397 428 466 466 jam
482 435 546 456 non
563 429 706 457 remanet
720 436 835 457 unum.

250 481 279 510 2.
295 479 343 510 Ad
356 480 431 510 illud
447 480 531 519 quod
544 480 705 519 objicitur,
721 479 805 518 quod
819 489 890 510 caro
903 488 980 510 sem-

209 541 266 572 per
279 532 379 569 cibat,
397 533 565 563 dicendum
580 533 664 572 quod
685 535 773 562 actus
790 533 841 563 ille
856 541 980 572 semper

209 586 334 625 respicit
347 585 582 625 dispositionem
603 586 805 625 suscipientis
817 609 825 621 ,
848 586 929 616 sicut
943 586 980 616 il-

208 639 365 670 luminare
378 649 386 670 ;
405 639 499 676 unde,
515 639 596 669 sicut
608 639 794 678 geminatur
806 638 977 678 dispositio,

209 692 254 723 sic
267 694 297 722 et
312 692 424 722 modus
439 692 660 722 manducandi.

248 747 277 776 3.
298 746 348 776 Ad
363 746 440 776 illud
455 746 539 785 quod
552 745 712 784 objicitur,
729 745 813 785 quod
828 747 891 775 tres
907 748 980 776 sunt

208 798 293 829 modi
316 798 349 828 in
370 799 549 838 baptismo:
573 801 604 828 et
627 798 691 836 sic,
713 800 786 835 etc.,
809 798 977 828 dicendum

207 850 292 890 quod
306 850 358 881 ille
371 851 483 881 tertius
496 851 609 881 modus
621 860 685 881 non
697 850 905 889 distinguitur
919 851 978 881 nisi

207 903 409 934 materialiter
423 906 548 934 tantum
564 904 603 934 ab
619 904 687 934 aliis
702 904 837 934 duobus.

246 958 275 987 4.
298 956 346 987 Ad
362 957 438 987 illud
453 957 538 996 quod
558 957 704 996 objicitur
725 957 763 987 de
784 957 904 987 unione
918 966 977 988 na-

207 1011 308 1048 turae,
331 1010 498 1040 dicendum
522 1011 606 1050 quod
631 1010 831 1040 manducatio
854 1011 978 1049 respicit

206 1064 310 1092 actum
337 1072 477 1102 personae
497 1073 505 1093 :
533 1063 603 1093 ideo
629 1062 803 1092 secundum
831 1065 976 1093 naturam

205 1123 270 1145 non
284 1118 330 1145 est
345 1116 546 1146 manducatio
558 1139 565 1151 ,
583 1116 634 1145 sed
651 1116 919 1155 praesupponitur.

245 1169 274 1199 5.
295 1169 341 1199 Ad
364 1169 440 1198 illud
461 1169 545 1208 quod
561 1169 708 1208 objicitur
723 1169 760 1198 dc
776 1178 829 1208 spe
841 1192 850 1207 ‚
867 1170 976 1200 dicunt

205 1222 334 1262 quidam
347 1222 430 1262 quod
445 1231 508 1252 non
522 1223 603 1260 unit,
619 1223 695 1262 quia
709 1232 780 1261 spes
792 1223 916 1262 proprie
929 1225 975 1253 est

204 1276 322 1313 futuri;
345 1278 450 1306 tamen
471 1276 639 1306 dicendum
656 1277 741 1316 quod
757 1276 824 1306 istae
840 1277 975 1306 mandu-

205 1330 342 1360 cationes
359 1339 424 1360 non
446 1329 691 1369 distinguuntur
711 1331 887 1360 secundum
906 1330 974 1360 vir-

204 1384 297 1419 tutes,
312 1383 390 1427 quia
404 1383 604 1414 manducatio
619 1383 791 1423 spiritualis
806 1385 853 1413 a-t.
867 1392 975 1413 secuu-

204 1434 280 1465 dum
293 1435 387 1465 ssdem
400 1438 430 1466 et
443 1436 629 1466 charitatem
641 1447 648 1474 ;
667 1436 720 1466 sed
735 1435 910 1465 secundum
924 1444 975 1466 res

204 1490 409 1519 sacramenti:
424 1489 508 1520 unde
520 1499 614 1520 omne
629 1492 875 1526 sacramentum,
890 1489 975 1528 quod

203 1541 330 1580 quidem
346 1542 440 1573 habet
453 1552 503 1573 res
518 1543 613 1580 duas,
638 1545 738 1582 potest
757 1542 851 1582 recipi
867 1551 974 1572 sacra-

204 1595 382 1625 mentaliter
396 1598 426 1626 et
441 1596 658 1635 spiritualiter.

467 1729 645 1767 QUAESTIO
669 1730 706 1761 ll.

268 1824 311 1849 An
332 1824 434 1850 credere
451 1825 488 1850 sit
507 1824 688 1858 spiritualiter
708 1823 873 1850 manducare
887 1822 906 1849 ’.

246 1915 327 1952 Quid
342 1916 380 1945 sit
393 1916 586 1946 manducare
600 1915 817 1955 spiritualiter,
834 1915 901 1946 sive
918 1925 975 1955 pro

207 1971 323 2008 quanto
345 1969 468 1999 dicatur
489 1969 560 2008 quis
584 1968 775 1999 manducare
801 1969 975 2008 spirituali-

207 2023 254 2052 ter
266 2032 273 2056 ;
289 2024 320 2052 et
333 2021 418 2061 quod
431 2021 558 2052 credere
572 2022 611 2052 sit
624 2021 828 2061 spiritualiter
843 2022 977 2052 mandu-

206 2083 277 2105 care
289 2099 297 2112 ,
331 2075 456 2105 videtur
484 2075 670 2105 auctoritate
700 2074 823 2104 Domini
835 2077 869 2105 ³:
901 2074 977 2106 Ne'sz'

206 2128 480 2159 manducaveritis
501 2136 626 2159 earnem
649 2127 715 2167 filit·
731 2128 870 2159 hominis
883 2151 890 2165 ,
913 2136 977 2158 mm

207 2180 359 2212 habebitis
380 2182 483 2213 vitam
502 2185 664 2213 oeternam.
687 2180 764 2212 Et‘:
793 2182 858 2220 Qui
876 2180 978 2212 credit

208 2234 245 2265 in
268 2242 332 2272 me,
355 2235 453 2266 etiam
470 2235 501 2266 si
522 2239 665 2267 mortuus
689 2235 803 2273 fuerit,
828 2235 922 2266 vivet.
945 2234 976 2265 Si

208 2296 286 2326 ergo
300 2287 365 2317 vita
383 2287 553 2327 spiritualis
573 2297 637 2318 non
656 2290 702 2318 est
717 2288 784 2318 sine
802 2278 975 2318 manduca-

241 2351 245 2362 “
263 2349 348 2379 Ᾱτὶεῑ,,
363 2349 494 2380 Top.,lil1.
515 2350 545 2379 u,
563 2358 585 2373 c.
605 2356 684 2373 1v.—
703 2351 713 2366 ²
729 2351 768 2380 Cf.
792 2350 862 2374 Alex.
881 2350 977 2381 Mens„

208 2392 231 2414 p.
255 2385 295 2413 tv,
321 2392 345 2415 q,
368 2391 404 2413 ix,
424 2385 532 2407 membr.
556 2387 577 2414 1,
600 2387 646 2408 art.
670 2388 699 2415 23
720 2387 744 2409 S.
765 2385 867 2415 Thom.,
888 2393 912 2416 p.
935 2386 977 2415 lli,

209 2427 234 2451 q.
256 2424 332 2449 Lxxx,
350 2421 395 2443 art.
414 2422 440 2449 25
461 2422 485 2443 et
506 2420 536 2443 lV
556 2420 634 2450 Sent„
655 2421 712 2444 dist.
730 2427 764 2450 ix,
779 2428 804 2452 q.
823 2427 860 2451 111,
883 2422 930 2445 art.
946 2423 977 2451 23

210 2455 296 2485 Steph.
324 2455 427 2485 Brulef„
453 2455 483 2478 tv
505 2456 582 2486 Sene„
604 2455 659 2479 dist.
687 2461 722 2485 ix,
747 2463 772 2485 q.
801 2462 831 2485 11;
857 2457 923 2480 Petr.
947 2456 977 2479 de

1747 150 1805 179 439

1035 216 1119 246 tione
1142 215 1316 254 spirituali,
1340 219 1370 245 et
1395 217 1503 247 vivere
1525 220 1571 246 est
1590 217 1622 246 in
1641 216 1732 246 nobis
1750 225 1806 254 per

1035 268 1129 299 fidem
1143 292 1150 305 ‚
1167 277 1245 307 ergo
1260 267 1310 298 vel
1327 268 1451 298 credere
1469 271 1515 298 est
1529 269 1739 306 manducare,
1755 267 1806 298 vel

1035 331 1098 352 non
1116 322 1183 352 siue
1198 321 1452 351 manducatione.

1077 374 1154 405 Item
1179 374 1304 405 videtur
1329 374 1508 413 expressius
1532 374 1715 404 auctoritate
1738 374 1806 404 Au·-

1037 427 1168 465 gustini,
1185 436 1282 466 quam
1298 427 1392 457 etiam
1408 427 1499 467 ponit
1514 426 1665 465 Magister
1678 427 1709 456 in
1723 426 1804 456 litte-

1035 480 1090 509 ra⁵
1106 489 1114 510 :
1136 480 1282 517 «Crede,
1304 481 1335 510 et
1354 479 1560 510 manducasti.
1579 490 1592 507 »
1612 478 1673 509 Sed
1688 481 1806 509 constat

1035 533 1117 572 quod
1130 533 1189 563 hoc
1199 542 1263 563 non
1274 532 1371 562 intelli
1376 532 1423 571 git
1434 531 1715 562 sacramentaliter:
1727 540 1805 570 ergo

1034 585 1247 625 spiritualiter,
1267 587 1297 615 et
1313 585 1356 615 sic
1368 609 1376 622 ,
1394 586 1452 615 etc..

1075 638 1172 677 Item,
1198 639 1463 678 quandocumque
1486 638 1599 678 aliquis
1612 638 1745 668 interius
1759 638 1805 668 la-

1035 695 1139 730 vatur,
1155 692 1269 722 dicitur
1283 692 1488 731 spiritualiter
1502 692 1651 731 baptizari
1668 700 1677 722 :
1693 700 1771 730 ergo
1786 700 1806 721 a

1034 745 1149 783 simili,
1176 745 1443 785 quandocumque
1466 744 1578 784 aliquis
1601 743 1806 784 spiritualiter

1034 798 1175 828 masticat
1186 801 1214 828 et
1226 799 1377 836 reficitur,
1394 798 1599 838 spiritualiter
1613 797 1783 827 manducat
1796 807 1803 826 t

1034 852 1087 882 scd
1102 852 1162 882 hoc
1182 854 1227 882 est
1246 861 1301 891 per
1317 854 1423 882 actum
1438 851 1509 882 fidei
1530 852 1652 881 devotae
1665 875 1673 888 ,
1690 850 1746 881 ubi
1761 853 1806 880 est

1033 905 1184 935 discussio
1200 908 1228 935 et
1244 905 1414 944 spiritualis
1427 905 1554 935 refectio
1568 915 1574 934 :
1592 913 1670 942 ergo
1681 928 1688 941 ,
1705 906 1762 933 etc.

1073 958 1185 987 Contra
1200 969 1205 987 t
1224 961 1249 987 t.
1267 957 1297 987 Si
1309 957 1435 988 credere
1445 958 1491 987 est
1500 956 1705 996 spiritualiter
1717 965 1805 986 man-

1033 1012 1148 1041 ducare
1160 1035 1167 1047 ,
1193 1020 1265 1040 cum
1282 1011 1372 1040 multi
1390 1012 1567 1050 peccatores
1579 1034 1586 1047 ,
1611 1011 1640 1040 et
1654 1010 1801 1047 credant,

1033 1067 1063 1094 et
1088 1064 1227 1103 aliquam
1260 1064 1462 1094 devotionem
1491 1063 1647 1101 habeant,
1680 1062 1805 1092 videtur

1033 1117 1116 1157 quod
1143 1117 1314 1147 secundun]
1342 1118 1402 1147 hoc
1435 1116 1641 1156 spiritualiter
1667 1115 1804 1145 mandu-

1032 1173 1123 1201 cent:
1151 1171 1209 1200 hoc
1234 1174 1339 1200 autom
1362 1172 1407 1200 est
1430 1171 1539 1199 contra
1563 1169 1801 1207 Augus-tinum,

1031 1223 1086 1262 qui
1101 1223 1174 1252 dicit.
1185 1224 1207 1259 ⁵,
1224 1223 1306 1262 quod
1324 1222 1430 1252 nullus
1445 1222 1650 1262 spiritualiter
1665 1222 1801 1251 mandu-

1032 1279 1095 1313 cat,
1110 1276 1170 1305 nisi
1187 1276 1242 1314 qui
1257 1278 1304 1306 est
1318 1276 1497 1306 membrum
1513 1275 1636 1312 Christi,
1653 1277 1680 1304 et
1698 1276 1804 1304 manet

1031 1329 1064 1359 in
1080 1329 1212 1359 Christo.

1071 1384 1100 1413 9..
1118 1382 1194 1412 Item
1208 1406 1215 1420 ,
1243 1383 1269 1412 si
1286 1384 1373 1412 actus
1393 1382 1465 1412 fidei
1485 1382 1580 1412 etiam
1602 1390 1674 1411 cum
1696 1380 1803 1411 chari-

1031 1436 1094 1466 tate
1111 1436 1225 1465 sufficit
1240 1436 1277 1465 ad
1293 1436 1487 1475 spiritualem
1505 1435 1778 1465 manducationem
1791 1457 1800 1471 ,

1030 1497 1109 1527 ergo
1139 1498 1232 1518 omne
1261 1489 1344 1528 quod
1373 1488 1530 1519 credimus
1556 1490 1586 1518 et
1614 1487 1777 1526 diligimus
1793 1510 1800 1524 ,

1031 1543 1261 1573 manducamus
1279 1553 1285 1573 :
1303 1552 1381 1581 crgo
1403 1551 1475 1572 cum
1492 1541 1591 1572 multa
1612 1541 1674 1572 alia
1694 1539 1801 1571 creda-

1031 1606 1118 1634 muS,
1134 1605 1232 1636 quam
1248 1596 1307 1626 hoc
1323 1596 1554 1625 sacramentum
1570 1618 1575 1624 .
1593 1594 1643 1625 vel
1656 1603 1725 1624 rem
1740 1593 1803 1623 hu-

1025 1651 1081 1689 ¹ius
1107 1649 1312 1686 sacramenti,
1339 1648 1466 1678 videtur
1493 1647 1577 1686 quod
1603 1646 1803 1677 manducatio

1031 1702 1201 1743 spiritualis
1225 1702 1264 1731 sit
1290 1701 1436 1731 omnium
1465 1699 1693 1737 articulorum,
1719 1699 1803 1739 quod

1030 1764 1124 1785 nemo
1139 1763 1224 1785 sanae
1236 1754 1351 1784 mentis
1364 1752 1558 1789 concederet,
1571 1754 1602 1782 et
1617 1752 1700 1791 quod
1715 1761 1803 1782 man-

1030 1809 1155 1839 ducatio
1170 1817 1234 1838 non
1250 1807 1290 1836 sit
1308 1806 1385 1837 huic
1402 1808 1599 1836 sacramento
1615 1807 1645 1836 et
1659 1805 1704 1835 rei
1727 1813 1801 1844 pro-

1030 1862 1110 1902 pria.

1072 1918 1099 1946 3.
1119 1914 1196 1945 Item
1209 1938 1216 1951 ,
1243 1912 1444 1944 manducatio
1464 1911 1634 1951 spiritualis
1658 1914 1704 1942 est
1722 1911 1804 1942 dicta

1031 1969 1069 1999 ad
1083 1967 1321 1998 similitudinem
1340 1965 1510 1996 materialis
1526 1965 1604 1995 :sed
1621 1964 1676 2004 qui
1698 1973 1801 1995 come-

1031 2021 1076 2051 dit
1094 2019 1308 2057 materialiter,
1325 2019 1504 2058 incorporat
1519 2018 1578 2048 sibi
1598 2018 1704 2048 cibum
1723 2028 1729 2047 :
1748 2018 1803 2057 qui

1032 2077 1137 2105 autem
1154 2074 1268 2110 credit,
1290 2075 1318 2103 et
1335 2072 1438 2111 diligit
1455 2072 1634 2109 Christum,
1660 2071 1803 2111 incorpo-

1031 2130 1120 2158 ratur
1147 2127 1268 2157 Christo
1296 2137 1301 2155 :
1336 2135 1416 2164 ergo
1444 2125 1549 2165 potius
1574 2124 1801 2162 manducatur,

1032 2190 1129 2221 quam
1150 2180 1318 2210 manducet
1336 2190 1342 2209 :
1364 2188 1441 2218 ergo
1459 2179 1585 2209 videtur
1608 2177 1692 2217 quod
1717 2186 1804 2207 man-

1032 2235 1156 2266 ducatio
1180 2234 1366 2272 spiritualis,
1391 2242 1455 2272 qua
1477 2232 1548 2272 quis
1564 2231 1749 2266 manducat,
1770 2230 1803 2260 in

1033 2291 1104 2319 actu
1120 2287 1192 2317 fidei
1206 2289 1235 2317 et
1249 2286 1410 2317 charitatis
1424 2295 1487 2316 non
1503 2285 1661 2315 consistat.

1033 2347 1145 2376 Tarant„
1159 2346 1188 2369 IV
1203 2346 1281 2372 Snus„
1297 2344 1354 2367 dist.
1371 2349 1445 2374 121,sp
1462 2349 1489 2366 ΙΙ.
1506 2355 1536 2360 -
1550 2342 1631 2364 ³-lm171
1645 2360 1651 2371 ,
1671 2347 1704 2369 Vt,
1719 2342 1757 2364 534.
1774 2353 1803 2358 —

1034 2383 1134 2412 ‘1011717
1151 2388 1185 2411 χι,
1198 2382 1235 2404 253.
1249 2395 1273 2397 -
1291 2381 1300 2397 ⁵
1311 2382 1383 2410 Aug„
1399 2381 1422 2402 in
1446 2380 1515 2402 Joun.
1534 2379 1640 2408 Erana„
1656 2379 1727 2401 tract.
1742 2383 1801 2406 xxv,

1034 2425 1058 2441 n.
1081 2420 1117 2442 12.
1133 2430 1161 2433 —
1179 2417 1188 2433 θ
1213 2418 1286 2446 Aug..
1303 2416 1331 2439 τῖε
1349 2415 1414 2439 verb.
1434 2415 1503 2437 Dom.
1522 2420 1597 2437 serm.
1619 2419 1655 2442 xr,
1677 2413 1709 2436 al.
1731 2418 1802 2441 LXXI,

1035 2466 1057 2481 c.
1073 2463 1148 2485 x1,n.
1166 2457 1201 2479 ¹7.
1217 2469 1247 2474 ——
1258 2458 1291 2486 (a)
1310 2456 1371 2478 Cat.
1388 2454 1448 2477 edit.
1463 2453 1542 2484 deest,
1555 2454 1603 2476 etc.

1824 967 1856 986 Ad
1874 973 1925 993 opp,
