2017 2948
558 190 655 222 DIST.
678 190 808 222 XXXIV.
834 191 947 222 PART.
972 191 995 222 Ι.
1019 191 1109 222 ART.
1134 191 1156 222 1.
1178 190 1327 228 QUAEST.
1351 193 1374 223 1.
1728 194 1766 224 09

173 263 308 299 quenter
320 259 353 289 in
368 268 404 289 ea
419 260 517 288 status
539 257 668 297 quidam
688 257 889 297 quietationis
911 259 941 288 et

173 312 395 343 delectationis,
413 311 448 341 In
463 311 522 341 hac
537 313 644 341 autem
658 310 862 341 delectatione
878 311 939 341 duo

173 367 386 402 concurrunt,
415 364 559 395 videlicet
588 364 735 403 quaedam
768 365 941 404 spiritualis

172 419 308 455 refectio,
325 420 355 448 et
370 417 467 457 ipsius
482 417 658 447 refectionis
674 417 846 456 spiritualis
869 427 942 457 per-

172 471 282 511 ceptio.
293 471 364 501 Ideo
378 470 416 500 ad
427 470 486 500 ista
494 470 556 500 tria
569 478 688 508 genera
701 470 871 500 habituum
887 471 942 501 ad-

171 523 290 554 duntur
311 524 433 553 fructus
461 525 491 552 et
520 522 700 562 spirituales
728 532 855 560 sensus,
886 523 940 562 qui

170 585 234 606 non
248 576 356 606 dicunt
370 576 421 605 hic
434 584 534 605 novos
549 575 687 613 habitus,
704 576 757 605 sed
768 576 937 606 habituum

169 631 416 670 praecedentium
433 630 617 669 exprimunt
630 631 803 669 perfectum
823 632 938 661 statum

169 686 199 713 et
213 693 319 714 usum.
346 682 483 720 Rursus,
506 683 657 722 quoniam
679 683 717 712 ad
740 683 809 713 haec
832 684 941 713 omnia

169 737 312 767 habenda
327 746 382 776 per
397 745 454 766 nos
473 745 539 766 non
559 736 743 773 sufficimus,
760 737 849 767 nobis
869 737 940 767 data

169 792 243 819 sunt
257 789 449 819 adminicula
468 791 750 825 sacramentorum,
774 790 807 818 in
823 790 939 829 quibus

169 841 343 872 secundum
379 841 593 871 diversitatem
623 850 756 871 suorum
793 843 938 873 effectum

170 894 274 933 gratia
288 894 381 924 datur
396 894 435 924 ad
460 894 696 924 inchoationem
712 895 892 933 perfectam,
910 898 940 925 et

173 947 940 987 consummationemomniumhabituumpraedic—

169 1003 286 1038 torum,
299 1000 370 1030 licet
379 1000 431 1030 illa
443 1009 561 1039 genera
575 1001 789 1040 principaliter
802 1002 937 1032 habeant

169 1056 345 1093 respectum
362 1053 401 1084 ad
417 1054 566 1083 morbum
586 1054 776 1084 curandum.
795 1054 844 1085 Sic
859 1064 938 1094 ergo

168 1110 253 1148 patet
262 1108 347 1147 quod
357 1108 555 1148 quadruplex
569 1111 615 1138 est
624 1109 737 1139 modus
753 1109 937 1148 assignandi

167 1161 376 1192 differentiam
393 1161 474 1191 inter
485 1162 617 1192 virtutes
632 1164 663 1192 et
684 1162 776 1192 dona.
802 1162 933 1193 Verum-

168 1218 274 1247 tamen
288 1216 411 1256 primus
431 1216 543 1247 modus
566 1225 630 1247 non
650 1220 696 1247 est
718 1226 773 1256 per
798 1218 936 1257 propria,

167 1269 230 1300 imo
256 1270 359 1309 magis
384 1279 439 1309 per
461 1269 672 1309 appropriata²
701 1268 760 1299 Per
791 1270 931 1309 propria,

168 1324 310 1364 inquam,
329 1333 393 1354 non
410 1326 473 1361 est,
497 1323 571 1362 quia
594 1323 620 1353 si
643 1323 713 1362 quis
732 1323 808 1353 velit
832 1324 936 1354 dicere

167 1377 251 1417 quod
265 1377 372 1407 omnia
387 1377 468 1407 dona
486 1377 548 1406 sint
571 1377 603 1405 in
618 1377 751 1411 ratione,
770 1378 801 1407 et
823 1386 934 1407 omnes

166 1431 299 1461 virtutes
314 1430 346 1460 in
354 1430 532 1467 voluntate,
551 1430 750 1460 manifestam
770 1430 865 1461 habet
891 1431 936 1461 in-

167 1485 315 1515 stantiam
341 1484 373 1514 in
401 1484 490 1514 donis
518 1485 675 1523 quantum
703 1484 741 1513 ad
770 1484 935 1522 timorem,

167 1540 381 1571 fortitudinem
403 1541 433 1569 et
449 1539 608 1578 pietatem,
626 1547 699 1578 quae
722 1541 796 1568 sunt
816 1548 834 1569 a
849 1542 937 1578 parte

166 1594 310 1630 affectus,
327 1593 360 1622 in
376 1591 557 1629 virtutibus,
575 1594 731 1631 quantum
744 1592 782 1622 ad
798 1592 891 1623 fidem
908 1595 937 1624 et

167 1646 380 1687 prudentiam,
396 1654 467 1685 quae
490 1647 563 1675 sunt
584 1654 623 1675 ex
644 1647 733 1684 parte
750 1645 934 1677 intellectus

168 1700 240 1730 Ideo
258 1699 311 1729 illa
325 1698 503 1729 differentia
524 1700 578 1728 aut
592 1698 669 1728 falsa
684 1700 740 1736 est,
756 1701 811 1728 aut
826 1699 935 1738 nul]a;

167 1755 222 1783 aut
243 1755 289 1782 est
309 1761 364 1792 per
387 1751 673 1791 appropriationem
693 1751 882 1790 quamdam,
904 1753 937 1783 in

167 1806 226 1836 hoc
241 1805 396 1842 videlicet,
407 1804 491 1844 quod
507 1804 599 1843 plura
614 1804 697 1834 dona
707 1807 780 1834 sunt
795 1814 835 1835 ex
850 1808 937 1845 parte

167 1858 307 1896 rationis,
328 1867 424 1897 quam
445 1857 633 1895 voluntatis;
657 1867 673 1888 e
690 1867 842 1889 converso
861 1869 937 1890 vero

167 1915 213 1941 est
227 1912 260 1941 in
282 1911 464 1942 virtutibus.
481 1910 643 1941 Secundus
665 1921 741 1942 vero
758 1912 871 1942 modus
885 1922 935 1943 as-

168 1963 317 2003 signandi
331 1963 541 1994 differentiam
552 1973 607 2003 per
618 1965 887 2003 comparationem
899 1966 937 1996 ad

167 2017 320 2056 opposita,
338 2016 476 2046 abundat
496 2026 514 2046 a
535 2017 654 2056 primo,
671 2017 746 2056 quia
766 2026 877 2048 revera
891 2021 939 2049 est

166 2079 222 2110 per
236 2070 372 2110 propria.
390 2069 425 2099 In
446 2069 504 2099 hoc
518 2071 624 2099 tamen
638 2070 757 2108 deficit,
778 2071 853 2110 quia
871 2081 937 2102 non

166 2126 211 2154 est
230 2132 286 2163 per
309 2123 430 2163 priora,
456 2123 508 2153 sed
538 2123 642 2161 magis
670 2132 725 2162 per
749 2125 933 2163 posteriora.

166 2177 244 2208 Cum
259 2176 343 2207 enim
354 2176 480 2206 habitus
494 2176 650 2206 donorum
666 2178 697 2206 et
710 2176 867 2208 virtutum
884 2188 935 2218 op-

165 2231 324 2269 ponantur
333 2229 428 2266 vitiis,
446 2229 526 2259 sicut
535 2229 663 2259 habitus
677 2229 716 2260 ad
727 2230 932 2270 privationes,

166 2284 196 2313 et
209 2282 335 2312 habitus
360 2282 543 2312 naturaliter
565 2283 654 2321 prius
675 2283 729 2320 sit,
748 2292 845 2322 quam
868 2285 935 2323 pri—

166 2335 262 2371 vatio,
278 2344 342 2365 non
358 2335 599 2374 distinguuntur
614 2335 739 2365 habitus
758 2337 934 2368 secundum

166 2387 368 2427 privationeS,
386 2387 439 2417 sed
449 2388 553 2427 magis
565 2397 582 2418 e
593 2397 744 2419 converso
759 2390 934 2420 secundum

166 2449 233 2470 rem
254 2442 284 2470 et
306 2441 464 2470 naturam.
491 2440 625 2471 Possunt
646 2443 752 2472 tamen
780 2443 933 2482 distingui

166 2493 342 2524 seeundum
366 2492 580 2531 cognitionem
600 2497 741 2525 nostram
767 2496 932 2536 imperfec-

166 2548 242 2583 tam,
263 2554 335 2586 quae
356 2548 391 2576 ut
410 2545 589 2585 frequenter
607 2550 653 2578 est
674 2557 730 2587 per
747 2550 932 2589 posteriora.

165 2598 288 2630 Tertius
309 2601 416 2630 autem
439 2600 552 2630 modus
572 2601 755 2640 assignandi
784 2602 931 2634 differen-

166 2652 242 2692 tiam
257 2653 396 2684 abundat
413 2663 431 2683 a
451 2656 553 2693 primo
577 2656 607 2685 et
628 2656 776 2694 secundo,
793 2657 869 2697 quia
887 2661 933 2689 est

998 267 1054 298 per
1068 258 1196 298 propria
1210 260 1241 288 et
1256 267 1312 298 per
1322 259 1428 298 priora
1446 270 1452 289 t
1469 260 1503 290 in
1518 260 1577 290 hoc
1596 262 1703 290 tamen
1717 259 1767 290 de-

997 311 1073 349 ficit,
1089 311 1173 350 quod
1186 320 1249 342 non
1264 314 1310 341 est
1325 312 1377 342 illa
1392 312 1570 343 differentia
1591 313 1766 344 secundum

997 373 1125 394 omnem
1140 366 1274 402 statum,
1291 365 1367 404 quia
1382 374 1439 396 nee
1456 367 1631 396 secuudum
1647 368 1765 397 statum

997 419 1119 447 naturae
1131 417 1294 455 institutae,
1307 428 1364 448 nec
1379 419 1555 449 secundum
1565 422 1681 450 statum
1700 420 1767 459 glo-

997 472 1064 509 riae,
1083 472 1115 501 in
1129 472 1244 511 quibus
1259 473 1387 503 fuerunt
1403 476 1433 504 et
1448 476 1541 504 erunt
1556 474 1638 504 dona
1653 477 1683 505 et
1697 475 1762 506 vir-

996 526 1094 562 tutes;
1113 527 1143 555 et
1156 527 1262 556 tamen
1277 535 1334 556 nee
1350 527 1589 562 ordinabantur,
1606 535 1664 556 nec
1679 526 1763 556 ordi—

996 578 1157 608 nabuntur
1169 579 1208 609 ad
1219 579 1414 618 patiendum.
1430 579 1644 609 Nihilominus
1659 581 1766 609 tamen

996 631 1047 660 illa
1076 631 1252 661 differentia
1272 634 1355 662 recte
1385 632 1567 671 assignatur
1590 632 1765 663 secundum

995 688 1122 724 statum,
1140 687 1172 716 in
1186 696 1249 726 quo
1267 697 1352 717 nune
1365 697 1489 718 sumus.
1507 687 1644 724 Quartus
1658 689 1765 718 autem

996 740 1109 769 modus
1124 740 1304 778 assignandi
1327 741 1537 771 differentiam
1561 750 1617 780 per
1638 750 1765 780 compa-

995 793 1149 822 rationem
1174 793 1212 823 ad
1236 796 1334 831 actus,
1351 795 1398 823 est
1419 803 1530 831 verus,
1554 797 1584 823 et
1605 794 1763 834 proprius,

995 848 1025 875 et
1039 846 1179 875 abundat
1193 847 1231 876 ab
1256 847 1403 876 omnibus
1429 847 1598 886 praedictis,
1617 847 1691 886 quia
1715 849 1761 877 est

994 907 1051 937 per
1064 899 1191 938 propria
1201 901 1231 929 et
1243 909 1299 938 per
1308 900 1414 939 priora
1423 900 1598 930 secundum
1610 900 1765 931 rationem

994 952 1214 990 cognoscendi,
1232 955 1261 982 et
1276 962 1379 991 perca
1390 961 1462 992 quae
1478 952 1566 982 omni
1582 952 1674 982 statui
1691 954 1766 982 sunt

994 1005 1189 1035 communia.
1208 1005 1242 1035 In
1253 1006 1340 1036 omni
1354 1006 1439 1036 enim
1454 1007 1537 1035 statu
1550 1004 1697 1044 competit
1711 1004 1766 1035 ho-

994 1058 1083 1097 mini,
1100 1061 1135 1088 ut
1149 1062 1298 1097 operetur
1314 1061 1407 1095 recte,
1423 1060 1453 1088 et
1467 1058 1629 1098 expedite,
1645 1060 1675 1088 et
1690 1067 1767 1098 per-

994 1112 1082 1142 fecte.
1099 1112 1136 1142 Et
1151 1113 1236 1151 quod
1261 1112 1319 1142 iste
1334 1112 1448 1142 modus
1465 1111 1650 1150 assignandi
1672 1111 1765 1142 diffe-

994 1166 1128 1196 rentiam
1147 1168 1229 1196 recte
1245 1166 1285 1195 sit
1305 1167 1467 1205 sumptus,
1484 1165 1559 1195 satis
1576 1165 1763 1195 manifesta-

993 1220 1056 1256 tur,
1073 1219 1158 1258 quia,
1186 1219 1361 1249 secundum
1383 1219 1468 1258 quod
1492 1220 1679 1258 praetactum
1707 1220 1763 1256 est,

994 1281 1058 1302 non
1075 1272 1273 1302 solummodo
1293 1272 1469 1302 secundum
1490 1272 1582 1302 istam
1606 1271 1692 1302 viam
1715 1280 1765 1301 as-

993 1325 1140 1363 signatur
1170 1325 1347 1355 differentia
1371 1325 1529 1355 donorum
1555 1324 1594 1354 ad
1618 1324 1764 1362 virtutes,

994 1378 1048 1408 sed
1072 1378 1167 1407 etiam
1191 1380 1320 1417 apparet
1341 1378 1518 1408 differentia
1542 1377 1688 1408 omnium
1711 1386 1764 1408 eo-

993 1441 1078 1468 rum,
1088 1441 1160 1471 quae
1170 1434 1396 1471 computantur
1404 1432 1487 1461 inter
1497 1440 1633 1462 munera
1641 1431 1763 1470 gratiae,

993 1485 1138 1515 videlicet
1155 1486 1325 1523 virtutum,
1348 1487 1378 1515 et
1402 1486 1572 1522 donorum,
1597 1484 1767 1515 beatitudi-

993 1547 1082 1575 num,
1093 1539 1265 1576 fructuum,
1278 1548 1429 1569 sensuum
1439 1538 1664 1577 spiritualium,
1679 1540 1709 1568 et
1719 1547 1767 1568 sa-

994 1594 1241 1621 cramentorum.
1265 1591 1344 1621 Nam
1361 1592 1473 1631 primae
1494 1594 1557 1621 tres
1577 1591 1764 1622 differentiae

994 1645 1161 1675 nominant
1175 1645 1301 1676 habitus
1311 1655 1320 1684 ;
1336 1646 1406 1675 duae
1424 1654 1499 1675 vero
1517 1647 1683 1685 sequentes
1704 1654 1765 1675 no-

995 1699 1118 1728 minant
1130 1701 1230 1729 status
1245 1701 1274 1729 et
1287 1708 1380 1736 usus3
1394 1701 1482 1729 sexta
1497 1707 1573 1729 vero
1589 1697 1766 1729 differentia

993 1752 1138 1782 nominat
1159 1752 1383 1791 praedictorum
1408 1751 1601 1782 adminicula
1622 1754 1652 1782 et
1674 1751 1766 1791 adju-

994 1809 1152 1838 vamenta.
1170 1806 1217 1837 Ex
1232 1806 1281 1836 his
1294 1808 1378 1845 patet
1392 1815 1456 1837 non
1467 1805 1666 1836 solummodo
1681 1805 1767 1836 diffe-

994 1860 1095 1890 rentia
1123 1860 1347 1899 praedictorum
1381 1859 1556 1889 secundum
1589 1868 1657 1888 rem
1670 1881 1677 1894 ,
1712 1857 1767 1889 sed

995 1914 1089 1943 etiam
1105 1913 1281 1943 secundum
1297 1912 1482 1942 nominandi
1497 1912 1665 1942 rationem.
1683 1910 1764 1941 Nam

996 1967 1123 1997 habitus
1135 1966 1342 1996 rectificantes
1357 1967 1440 1995 recte
1454 1965 1603 1995 dicuntur
1618 1964 1763 2002 virtutes,

994 2029 1052 2059 pro
1068 2029 1104 2050 eo
1126 2019 1211 2059 quod
1226 2019 1329 2049 virtus
1351 2019 1389 2049 de
1410 2019 1533 2049 ratione
1549 2018 1599 2048 sui
1623 2017 1763 2048 nominis

993 2073 1078 2110 dicit,
1100 2072 1184 2112 quod
1201 2072 1239 2102 ad
1266 2072 1428 2110 agendum
1453 2071 1550 2110 erigit
1574 2072 1604 2101 et
1627 2071 1764 2110 vigorat.

994 2126 1126 2156 Habitus
1154 2134 1231 2157 vero
1265 2125 1468 2164 expedientes
1500 2126 1583 2155 recte
1617 2124 1766 2155 dicuntur

993 2180 1085 2217 dona,
1107 2188 1163 2218 pro
1179 2187 1216 2209 eo
1241 2178 1326 2218 quod
1350 2178 1458 2208 dicunt
1485 2178 1656 2217 quamdam
1681 2177 1766 2207 ulte-

994 2234 1111 2264 riorem
1127 2232 1354 2263 abundantiam
1370 2231 1519 2262 bonitatis
1527 2232 1566 2262 ad
1580 2231 1742 2271 agendum
1757 2242 1763 2261 z

993 2296 1028 2317 ac
1043 2295 1098 2326 per
1114 2286 1173 2316 hoc
1188 2286 1292 2325 magis
1309 2287 1497 2316 attestantur
1513 2285 1629 2325 divinae
1649 2284 1763 2314 libera-

992 2340 1095 2371 litati:
1122 2341 1151 2369 et
1176 2341 1304 2378 propter
1327 2338 1387 2368 hoc
1410 2340 1493 2369 recte
1515 2339 1683 2368 censentur
1704 2345 1763 2367 no-

992 2394 1077 2424 mine
1090 2392 1176 2423 doni.
1201 2392 1334 2422 Habitus
1358 2400 1435 2422 vero
1460 2391 1656 2431 perficientes
1682 2391 1766 2420 recte

992 2448 1139 2479 dicuntur
1157 2445 1378 2482 beatitudines,
1392 2454 1449 2484 pro
1464 2454 1500 2475 eo
1517 2443 1601 2484 quod
1615 2443 1693 2473 tales
1706 2443 1762 2473 ha-

992 2500 1074 2530 bitus
1097 2500 1216 2530 faciunt
1239 2498 1404 2529 hominem
1430 2498 1614 2537 proximum
1636 2497 1710 2534 Deo,
1735 2498 1765 2527 et

991 2554 1185 2583 conformem
1202 2552 1261 2591 ipsi
1281 2551 1393 2590 gloriae
1409 2559 1546 2581 summae
1572 2552 1602 2581 et
1625 2550 1762 2581 beatitu-

992 2607 1069 2644 dini,
1087 2606 1120 2636 in
1135 2615 1198 2645 qua
1212 2607 1260 2635 est
1274 2604 1412 2645 reperire
1427 2613 1589 2635 summam
1603 2603 1764 2644 perfectio-

993 2668 1077 2689 nem.
1091 2659 1195 2689 Status
1209 2660 1314 2688 autem
1334 2658 1365 2687 in
1381 2666 1444 2696 quo
1460 2658 1506 2687 cst
1520 2657 1659 2695 refectio,
1675 2658 1762 2687 recte
