2017 2948
43 1713 146 1734 Fundam.

573 153 672 184 DIST.
697 152 758 183 XV.
785 150 895 182 PAR'I‘.
923 148 945 178 l.
970 147 1059 178 ART.
1086 147 1107 177 1.
1131 146 1281 183 QUAEST.
1309 148 1344 177 ll.

159 221 221 250 est:
247 229 344 260 quam
366 220 422 260 qni
443 220 602 260 sequitur,
627 219 749 251 etiamsi
768 218 927 248 lubricum

159 273 262 303 carnis
286 273 434 312 patiatur,
459 273 527 303 sine
551 273 648 303 dubio
667 271 839 312 vapulabit,
864 278 928 299 non

158 328 266 357 tamen
273 327 399 366 peribit.
419 338 432 355 11
448 326 485 357 Ε1
495 328 616 357 constat
628 326 714 366 quod
728 324 875 362 intelligit
890 323 928 353 de

158 380 280 412 lubrico
303 381 445 418 mortali,
470 381 560 421 quia,
576 381 601 411 si
623 381 661 411 de
682 379 816 416 veniali,
833 378 928 409 etiam

158 434 226 465 sine
240 434 293 465 illa
306 443 371 464 non
386 434 520 474 periret:
538 443 626 473 ergo,
641 436 699 464 etc.

198 489 228 517 2.
259 486 337 517 Item
359 487 479 517 ratione
501 487 641 524 videtur,
664 486 740 526 quia
762 485 929 516 satisfactio

158 540 324 579 respondet
343 540 588 579 transgressioni
609 549 649 570 ex
669 539 827 579 opposito:
850 546 929 576 ergo

158 600 232 622 cum
256 592 450 631 impossibile
467 592 506 622 sit
525 592 705 631 transgredi
724 591 785 622 nisi
805 599 927 621 succes—

158 644 241 681 sive,
256 644 359 683 primo
374 654 438 675 uno
452 645 561 681 modo,
577 645 687 675 deinde
704 645 782 682 alio,
804 644 930 675 videtur

159 696 304 727 similiter
323 697 407 737 quod
422 700 453 728 et
469 698 565 738 possit
582 698 759 728 satisfacere
775 697 878 737 primo
893 697 930 727 de

158 757 224 779 uno
238 754 375 789 peccato,
394 750 506 781 deinde
520 751 558 781 de
574 750 647 781 alio.

199 804 227 832 3.
244 802 322 832 Item
342 803 393 832 alii
410 806 535 842 peccato
551 803 612 834 alia
625 803 757 834 debetur
776 812 883 842 poena,
901 804 931 833 et

158 854 220 885 alia
233 855 418 894 satisfactio;
435 857 519 887 unde
535 859 565 887 et
580 857 642 888 alia
658 856 849 896 imponitur:
865 859 930 887 esto

159 918 240 948 ergo
267 910 351 949 quod
377 919 434 949 pro
462 911 569 951 aliquo
593 913 720 951 peccato
748 911 930 950 imponatur

159 971 252 1001 poena
275 962 395 1000 debita,
421 963 446 993 si
469 966 646 1003 exequatur
667 963 771 1000 illam,
795 963 931 1002 amplius

159 1024 222 1045 non
237 1017 337 1055 potest
351 1025 408 1046 nec
418 1016 510 1046 debet
523 1016 610 1055 exigi
623 1017 662 1046 ab
678 1025 714 1046 eo
728 1015 859 1055 aliquid,
877 1016 929 1044 scsl

159 1070 260 1107 potest
281 1068 395 1107 exequi
417 1069 641 1099 committendo
663 1069 757 1098 aliam
783 1068 927 1107 culpam:

159 1129 254 1159 ergo,
270 1123 329 1151 etc.

201 1175 231 1203 4.
246 1172 325 1203 Item
341 1173 412 1212 plus
425 1172 581 1204 desiderat
594 1173 675 1204 Dens
689 1174 931 1205 satisfactionem

160 1226 219 1256 sibi
234 1225 305 1256 fieri
322 1234 340 1255 a
358 1228 536 1264 peccatore,
554 1236 650 1265 quain
670 1226 784 1266 aliquis
799 1227 932 1257 crmtitor

160 1278 348 1309 solutionem
365 1287 384 1307 a
396 1278 552 1309 debitore:
567 1279 618 1309 scd
633 1280 766 1309 creditor
778 1280 834 1319 qui
849 1281 929 1310 mul-

160 1333 230 1362 tum
240 1331 395 1362 desiderat
406 1331 607 1369 solutionem,
620 1332 729 1372 recipit
743 1333 932 1364 solutionem

161 1385 198 1416 de
213 1393 278 1415 nno
288 1385 354 1415 siue
365 1385 441 1422 alio;
458 1394 536 1424 ergo
551 1388 581 1415 et
596 1385 677 1416 Dens
690 1386 931 1417 satisfactionem

161 1438 199 1468 de
214 1447 278 1468 nno
294 1439 419 1477 peccato
435 1438 502 1468 sine
515 1439 587 1469 alio.

203 1493 232 1521 5.
264 1491 341 1521 Item
363 1491 460 1521 homo
485 1494 587 1531 potest
606 1492 783 1522 satisfacere
807 1493 844 1523 de
868 1503 933 1523 11110

163 1544 277 1575 veniali
293 1545 519 1575 committendo
534 1545 626 1575 etiam
642 1545 746 1575 aliud:
768 1555 848 1583 crgo
867 1547 932 1585 pari

163 1597 283 1627 ratione
316 1597 353 1627 de
385 1597 507 1628 mortali
524 1609 531 1635 ;
562 1601 618 1628 aut
650 1599 807 1638 quaeritur
836 1608 933 1638 quare

163 1659 238 1681 non.

204 1703 317 1734 Contra
339 1707 373 1734 ¹:
400 1704 477 1734 Ecce
501 1703 543 1734 acl.
568 1704 641 1735 lites
665 1707 694 1735 et
718 1707 934 1738 contentiones

155 1755 329 1795 jejumum,
343 1760 371 1788 ec
380 1757 547 1796 percutitis
556 1766 662 1796 pugno
676 1759 783 1797 impie.
798 1759 834 1789 Et
848 1762 930 1798 post:

161 1809 328 1849 Numquid
340 1810 400 1841 tale
413 1810 629 1848 estjejumttm
640 1811 725 1849 quod
736 1811 834 1851 elem?
844 1812 933 1852 quasi

162 1861 294 1892 diceret:
313 1862 403 1893 Non:
420 1871 498 1901 ergo
519 1872 581 1893 nou
598 1863 697 1902 placet
711 1864 773 1895 Deo
789 1874 845 1904 pro
861 1874 934 1905 pec-

162 1916 231 1944 cato
252 1915 425 1954 jeJunium,
445 1916 571 1955 quando
595 1916 767 1955 jejunando
789 1918 933 1948 commit-

165 1968 276 1997 tuntur
290 1970 426 2007 peccata.

202 2019 280 2051 Item
303 2021 491 2061 Gregorius,
519 2022 551 2052 in
574 2023 753 2054 homilia²z
783 2035 797 2052 α
814 2024 873 2061 Qui
890 2025 935 2056 sic

164 2073 222 2105 alia
238 2074 373 2114 plangit,
389 2077 423 2105 ut
437 2075 498 2106 alia
511 2076 699 2115 committat,
717 2077 934 2116 poenitentiam

162 2137 270 2167 agere,
287 2130 343 2158 aut
359 2128 497 2166 ignorat,
514 2130 570 2159 aut
583 2129 770 2161 dissimulat.
786 2142 801 2159 1)

204 2180 283 2211 Item
298 2180 420 2211 ratione
433 2181 568 2219 videtur,
580 2183 657 2222 quia
670 2183 703 2213 in
719 2184 778 2214 hoc
793 2187 935 2224 peccator

163 2235 210 2265 est
224 2242 319 2273 poena
332 2233 462 2273 dignus,
479 2235 554 2274 quia
568 2235 621 2265 Dei
639 2236 816 2276 imaginem
831 2237 933 2268 defor-

162 2288 246 2317 mat:
269 2295 349 2325 ergo
373 2296 539 2326 nunquam
559 2289 725 2327 satis-ficit,
745 2289 803 2320 nisi
819 2299 874 2330 per
887 2299 935 2321 re-

162 2339 384 2370 formationem
405 2340 576 2379 imaginis:
598 2342 652 2372 5011
672 2342 704 2372 111
725 2352 761 2373 00
776 2343 832 2382 qui
846 2344 936 2374 satis-

162 2392 244 2430 facit,
264 2395 294 2422 et
309 2401 420 2422 rursus
435 2396 548 2432 peccat,
565 2403 729 2433 nunqua-11
746 2396 936 2428 reformatur

163 2445 272 2484 imago
291 2456 297 2476 z
315 2454 393 2485 erga
409 2446 478 2475 talis
494 2456 659 2487 nunquam
675 2449 833 2481 satisfacit.

203 2499 280 2529 Item
304 2499 337 2529 in
357 2501 484 2538 peccato
498 2502 544 2530 est
565 2502 728 2532 conversio
750 2506 780 2533 et
799 2504 933 2542 aversio,

197 2579 251 2601 111-ιι
266 2598 271 2607 ,
288 2584 360 2606 11111,
378 2580 399 2607 ³»,
414 2579 436 2601 ῖί,
452 2592 477 2595 -
493 2579 503 2595 ²
515 2582 601 2611 (zi-cg„
617 2583 642 2605 fn
658 2582 763 2613 Evanq„
779 2582 850 2607 hom.
864 2590 934 2607 xxiv,

164 2626 193 2630 —-
210 2614 319 2644 ³13ccle„
336 2620 369 2643 lx,
388 2614 423 2637 18.
436 2626 467 2630 —
479 2614 488 2629 '⁴
500 2615 561 2642 Aac„
581 2623 607 2645 11,
626 2620 659 2640 lo.

1697 149 1750 178 591

985 217 1015 245 01
1025 222 1118 254 poena
1126 213 1258 244 debetur
1267 214 1424 253 peccatori
1433 214 1555 246 ratione
1565 214 1737 246 aversionis
1746 223 1754 243 ι

984 267 1037 298 5οἀ
1051 268 1176 307 peccata
1194 266 1301 297 omnia
1313 267 1508 298 conveniunt
1521 268 1555 298 in
1568 268 1751 299 aversione:

985 329 1062 360 ergo
1087 321 1254 351 satisfactio
1276 320 1403 360 respicit
1430 323 1555 360 peccata
1579 321 1756 352 secundum

984 373 1015 404 id
1024 397 1034 411 ,
1051 373 1084 403 in
1097 383 1161 413 quo
1175 373 1368 404 conveniunt
1383 383 1391 403 ε
1408 382 1489 413 ergo
1503 374 1697 414 impossibile
1711 376 1757 405 est

985 426 1163 457 satisfacere
1176 427 1214 457 de
1228 436 1292 457 uno
1306 426 1374 457 sine
1390 426 1461 458 alio.

1259 541 1481 573 CONCLUSIO.

987 627 1046 654 Non
1057 629 1143 661 potest
1152 628 1275 661 peccator
1285 626 1317 653 de
1326 634 1378 653 uno
1390 628 1499 661 peccato
1513 627 1681 661 satisfacere,
1694 629 1758 661 quin

1022 671 1054 698 de
1069 671 1132 697 aliis
1147 672 1320 704 satisfaciam
1339 672 1459 705 alioquin
1479 672 1560 698 simul
1574 674 1638 698 esset
1653 679 1758 699 aversus

1023 716 1046 740 et
1058 722 1197 741 conversus
1213 714 1248 741 ad
1257 716 1349 749 Deum,
1365 716 1436 748 quod
1450 716 1583 750 implicat.

1028 797 1118 838 Resp.
1133 798 1171 829 ad
1183 808 1254 837 arg.
1269 799 1353 838 quod
1367 800 1463 839 aliqui
1475 801 1661 840 posuerunt,
1673 801 1757 840 quod
1788 822 1864 849 Opim„

985 851 1023 882 de
1048 854 1175 891 peccato
1198 854 1319 891 poterat
1346 853 1415 883 fieri
1443 853 1627 892 satisfactio,
1653 863 1758 893 pecca·
1781 860 1869 874 ²···'⁴·¹¹·'“

987 907 1055 935 tore
1074 906 1258 944 persistente
1274 906 1307 936 in
1321 906 1393 936 alio.
1415 906 1453 936 Et
1468 907 1547 938 ratio
1562 916 1674 938 eorum
1694 909 1761 938 erat

987 958 1093 989 divina
1110 959 1240 997 largitas
1255 962 1285 989 et
1305 959 1504 998 benignitas,
1527 969 1600 1000 quae
1622 963 1761 1000 acceptat

987 1011 1231 1042 satisfactionem
1260 1013 1556 1052 quantumcumque
1591 1013 1757 1045 modicam.

988 1063 1048 1094 Sed
1077 1066 1184 1094 tamen
1211 1064 1245 1094 hi
1274 1073 1339 1096 non
1365 1065 1645 1097 consideraverunt
1671 1067 1759 1097 sufii-

987 1117 1105 1148 cienter
1125 1117 1199 1156 quid
1215 1117 1256 1147 sit
1272 1118 1459 1149 satisfacere.
1482 1118 1551 1150 Non
1567 1119 1654 1150 enim
1669 1120 1761 1150 satis-

987 1170 1088 1200 facere
1103 1170 1177 1200 dicit
1193 1171 1392 1201 tolerantiam
1407 1180 1509 1210 poenae
1530 1174 1670 1209 tantum,
1687 1173 1761 1212 quia
1776 1190 1871 1217 Jmlffl„

988 1222 1069 1253 Deus
1097 1223 1130 1253 in
1157 1223 1248 1253 malis
1274 1224 1388 1254 nostriS
1412 1233 1475 1254 non
1502 1224 1685 1263 delectatur,
1708 1226 1762 1256 sed

988 1276 1158 1307 delectatur
1179 1277 1211 1307 in
1231 1277 1355 1316 justitia
1376 1277 1548 1308 voluntatis
1570 1280 1704 1316 nostrae,
1732 1281 1762 1309 et

988 1330 1258 1368 reconciliatione,
1284 1340 1357 1370 quae
1382 1339 1446 1361 non
1469 1333 1569 1370 potest
1590 1332 1700 1362 haberi
1723 1333 1761 1363 de

989 1392 1053 1413 una
1077 1384 1168 1423 culpa
1183 1383 1252 1413 sine
1266 1383 1341 1414 alia:
1358 1385 1427 1414 tum
1446 1386 1574 1424 propter
1593 1387 1760 1417 connexio-

989 1445 1062 1466 nem
1096 1436 1251 1467 virtutum
1285 1436 1316 1466 in
1346 1446 1409 1467 una
1436 1438 1559 1475 gratia,
1585 1448 1657 1478 quae
1680 1439 1762 1470 delet

988 1488 1115 1528 culpam
1147 1498 1276 1520 omnem
1316 1490 1497 1529 mortalem,
1533 1500 1606 1522 cum
1648 1492 1762 1523 habeat

989 1550 1117 1571 omnem
1146 1542 1298 1572 virtutem
1326 1551 1499 1580 annexam;
1531 1546 1600 1575 tum
1635 1547 1763 1585 propter

989 1595 1129 1625 divinam
1148 1595 1339 1633 largitatem,
1356 1605 1428 1635 (111εο
1443 1597 1618 1628 secundum
1641 1601 1762 1637 partem

988 1656 1052 1678 non
1073 1648 1241 1686 gratificat,
1270 1648 1334 1678 imo
1356 1657 1486 1679 omnem
1510 1650 1664 1681 offensam
1688 1660 1763 1681 con-

988 1700 1098 1737 donat3
1121 1703 1189 1731 tum
1208 1704 1334 1740 propter
1358 1704 1483 1740 peccata
1512 1703 1666 1741 mortalia,
1689 1713 1762 1743 quae

989 1753 1097 1783 omnia
1120 1753 1356 1784 communicant
1380 1754 1413 1784 in
1437 1755 1604 1786 aversione
1633 1759 1663 1787 et
1689 1766 1763 1789 con-

988 1809 1111 1847 temptu
1132 1807 1202 1845 Dei,
1221 1810 1250 1838 et
1266 1807 1374 1838 omnia
1388 1810 1464 1838 sunt
1479 1811 1587 1839 contra
1601 1809 1715 1848 Deum,
1733 1814 1764 1843 et

989 1863 1098 1891 contra
1108 1870 1227 1891 unum:
1245 1863 1276 1891 et
1289 1861 1358 1891 ideo
1373 1861 1399 1890 si
1415 1860 1497 1891 Dens
1510 1862 1685 1894 remitteret
1699 1865 1763 1895 cul-

990 1923 1063 1953 pam
1077 1915 1114 1945 de
1129 1923 1194 1945 uno
1208 1914 1274 1944 sine
1286 1914 1358 1951 alio,
1374 1914 1471 1944 simul
1485 1917 1566 1946 esset
1581 1916 1623 1954 is,
1640 1917 1691 1948 cui
1710 1927 1760 1949 re-

990 1967 1135 2004 mittitur,
1162 1967 1282 1997 amicus
1301 1969 1331 1997 et
1352 1966 1515 2005 inimicus,
1539 1977 1711 2001 conversus
1733 1974 1764 2002 et

990 2029 1130 2051 aversus
1148 2019 1186 2051 Et
1200 2019 1285 2058 ideo,
1301 2020 1382 2050 sicut
1402 2020 1476 2050 dicit
1496 2020 1659 2061 Magister,
1675 2033 1764 2055 error

990 2075 1036 2103 est
1052 2074 1113 2104 hoc
1135 2082 1267 2113 ponere,
1289 2073 1374 2113 qnod
1396 2073 1492 2104 homo
1514 2074 1681 2106 satisfaciat
1702 2076 1763 2108 Deo

990 2126 1177 2157 offendendo
1191 2126 1306 2165 Deum,
1321 2126 1396 2166 quia
1411 2136 1534 2167 semper
1549 2131 1655 2159 manet
1672 2138 1762 2160 aver-

990 2180 1052 2218 sio,
1077 2183 1108 2211 et
1130 2180 1282 2219 imaginis
1304 2180 1506 2218 deformatio,
1529 2183 1560 2211 et
1586 2181 1761 2215 inimicitia.

990 2233 1028 2264 Et
1038 2234 1106 2264 ideo
1116 2234 1258 2264 dicitur-³:
1274 2234 1334 2268 Qut·
1344 2235 1380 2265 in
1392 2242 1453 2265 (ιηο
1465 2236 1762 2273 peccave1·t·t,v›zulca

991 2287 1071 2318 bona
1084 2287 1209 2326 perdet,-
1223 2289 1254 2317 et
1268 2287 1378 2318 beatus
1391 2287 1526 2318 Jaeohus
1539 2292 1567 2319 ⁴:
1586 2290 1648 2325 Οιιῑ
1664 2290 1760 2329 oslen-

990 2341 1041 2373 de'c
1054 2342 1089 2372 in
1104 2342 1293 2379 1ι110,Γαοίι(5
1306 2345 1349 2373 esc
1361 2343 1502 2373 omnium
1514 2350 1603 2374 rcus:
1617 2344 1691 2383 quia
1704 2346 1759 2385 qui

991 2397 1097 2434 peccat
1117 2395 1149 2424 in
1167 2404 1242 2432 uno,
1261 2404 1325 2425 non
1343 2396 1491 2426 satisfacit
1508 2405 1564 2435 pro
1581 2396 1703 2437 aliquo,
1722 2407 1759 2429 00

990 2449 1072 2487 quod
1092 2448 1126 2478 in
1148 2448 1236 2478 omni
1258 2451 1384 2488 peccato
1406 2458 1491 2479 unus
1518 2449 1703 2490 offenditur,
1728 2455 1759 2483 et

991 2502 1185 2541 impossibile
1199 2503 1343 2543 estquod
1360 2502 1442 2533 Deus
1459 2502 1498 2533 sit
1515 2503 1637 2535 amicus
1654 2507 1686 2536 et
1700 2505 1759 2537 ini-

992 2555 1093 2586 micus
1109 2556 1135 2596 ej
1142 2555 1262 2587 usdem.

1034 2612 1062 2639 1.
1084 2608 1132 2639 Ad
1156 2609 1233 2640 illud
1260 2617 1339 2648 ergo
1362 2608 1447 2648 quod
1471 2608 1621 2648 objicitur
1641 2611 1679 2643 de
1707 2613 1760 2645 illa
