2017 2948
253 140 311 170 588

570 246 638 267 DUB.
661 245 705 266 111.

339 305 370 328 Ut
379 303 453 334 justis
465 309 511 334 per
523 303 670 334 patientiam
686 302 775 326 merita
787 302 936 331 augeantur.

292 366 422 397 Videtur
437 366 488 396 hic
499 366 536 396 de
551 366 653 405 primo
669 364 762 395 modo
777 363 859 393 male
874 361 1023 401 exempli-

253 421 364 458 ficare,
380 420 455 460 quia
470 419 605 450 dicitur¹
624 430 629 449 z
651 419 782 450 Utinam
802 416 1022 457 appenderen-

253 477 307 505 tur
323 477 448 513 peccata
467 481 550 510 mea,
572 472 687 511 quibus
705 473 789 503 iram
808 471 921 502 merui.
945 470 1022 500 Item

254 526 427 565 Gregorius
450 526 482 555 in
504 525 697 556 Morctle'bus:
725 536 739 552 u
764 523 923 563 Quidquid
949 522 1023 553 mali

253 580 408 619 patimur,
436 587 492 619 pro
518 578 651 617 peccatis
674 577 790 608 nostris
812 577 952 607 accidere
979 578 1025 606 est

254 632 469 663 manifestum.
487 643 501 659 »

294 686 385 725 Resp.
402 685 575 716 Dicendum
590 685 673 724 quod
689 692 783 715 causa
794 683 962 723 dupliciter
976 682 1022 712 di-

253 739 346 777 citur,
363 739 479 769 scilicet
496 739 633 779 proprie,
652 741 681 768 et
697 737 919 768 communiter.
933 736 1023 766 Com-

253 792 411 829 muniter,
430 794 460 822 et
475 791 518 822 sic
538 791 653 822 dicitur
671 800 765 821 causa
786 791 854 820 sine
870 798 932 829 qua
947 798 1022 819 non.

253 845 442 885 Accipiendo
464 845 565 883 igitur
585 854 714 875 causam
738 844 830 883 large
853 852 909 882 pro
930 852 1026 872 causa

254 899 322 929 sine
350 908 414 938 qua
442 907 526 933 non,
558 898 601 927 sic
632 897 762 927 omnino
789 906 883 936 poena
911 896 1026 926 dicitur

254 954 364 985 venire
386 955 426 984 oh
451 954 604 984 meritum
622 953 724 993 culpae
746 952 928 990 originalis,
952 951 1025 991 quia

254 1007 315 1038 nisi
335 1009 498 1047 peccatum
511 1007 719 1046 praecessisse†
731 1030 738 1043 ,
755 1005 844 1036 nulla
858 1006 937 1035 esset
958 1013 1027 1043 poe-

255 1070 308 1091 na.
329 1060 362 1091 Si
390 1063 496 1091 autem
522 1060 695 1099 accipiatur
714 1059 838 1099 proprie
860 1067 917 1097 pro
933 1067 1027 1087 causa

256 1113 440 1150 meritoria,
464 1113 512 1143 vel
539 1113 645 1144 tinali.
673 1113 716 1142 sie
741 1121 803 1142 non
828 1112 943 1141 meruit
969 1110 1026 1141 .loh

255 1167 341 1197 illam
365 1176 503 1206 poenam.
536 1166 573 1197 Et
603 1167 686 1206 quod
713 1166 829 1196 dicitur
856 1175 862 1194 ;
899 1165 1027 1196 Utinam

257 1219 523 1260 appenderentur,
536 1220 595 1250 hoc
606 1222 651 1255 est
666 1219 771 1259 potius
783 1219 821 1248 ad
833 1217 1025 1257 oppositum,

255 1274 341 1313 quia,
353 1273 433 1304 sicut
452 1273 516 1313 ipse
529 1273 602 1304 dicit
617 1275 874 1312 consequeretur,
891 1271 929 1310 (a)
944 1270 1026 1310 quod

256 1335 349 1366 poena
361 1326 716 1367 improportionahiliter
728 1325 850 1356 excedit
867 1324 1027 1355 meritum.

574 1421 642 1442 DUB.
666 1420 710 1441 lv.

402 1478 447 1502 Vel
462 1478 494 1502 ad
509 1478 609 1502 initium
623 1484 721 1509 poence,
737 1478 763 1501 ut
780 1476 881 1500 Herodi.

299 1540 430 1572 Videtur
445 1540 527 1570 male
541 1540 655 1577 dicere,
671 1539 745 1578 quia
761 1537 972 1576 Augustinus,
992 1536 1030 1567 cle

260 1594 451 1626 Poem'tenlia
473 1604 486 1624 .·
516 1605 529 1622 (1
555 1591 712 1631 Quidquid
741 1590 823 1621 Deus
852 1589 1032 1629 permiserit

259 1647 334 1686 pati,
356 1647 434 1676 scias
460 1654 528 1676 esse
552 1644 718 1683 flagellum
739 1643 944 1682 corrigentis,
967 1651 1031 1672 non

259 1699 449 1731 damnantis.
477 1710 490 1726 »
515 1698 616 1735 Item,
642 1696 783 1737 quandiu
811 1696 909 1726 homo
939 1695 1031 1732 vivit,

260 1755 361 1793 potest
375 1751 532 1788 converti,
550 1753 579 1781 et
600 1752 702 1790 potest
722 1749 856 1786 mereri,
877 1750 907 1778 et
931 1750 977 1777 est
1001 1748 1032 1777 in

261 1808 343 1836 statu
356 1805 416 1836 viae
433 1816 439 1835 :
456 1813 535 1843 ergo
551 1813 615 1835 non
637 1803 728 1834 debet
755 1801 899 1832 inchoari
923 1809 1031 1840 poena.

301 1859 393 1898 Resp.
407 1858 591 1893 Dicendum,
601 1856 684 1896 quod
697 1855 863 1894 flagellum
874 1854 1031 1884 inflictum

263 1913 358 1943 habet
373 1911 641 1950 comparationem
662 1909 700 1939 ad
717 1909 928 1947 infligentem,
947 1910 976 1937 et
994 1906 1033 1936 il-

263 1966 330 1996 lum
346 1965 395 1995 cui
418 1964 587 2003 infligitur.
606 1962 647 1992 De
669 1962 832 2000 infligente
855 1964 963 1991 antem
988 1963 1036 1990 est

263 2019 350 2058 loqui
374 2020 429 2048 aut
455 2020 610 2057 quantum
634 2016 673 2047 ad
694 2016 890 2046 voluntatem
910 2017 1035 2044 antece-

265 2073 402 2109 dentem,
420 2071 470 2102 vel
489 2071 746 2110 consequentem.
771 2068 803 2098 Si
825 2069 982 2107 quantum
997 2066 1036 2096 ad

264 2123 462 2154 volunlatem
485 2121 721 2151 antecedentem
738 2143 745 2156 ,
771 2119 815 2148 sic
837 2127 930 2148 omne
952 2117 1037 2157 quod

265 2176 348 2206 Deus
360 2175 453 2206 nobis
468 2174 551 2211 facit,
568 2176 598 2204 et
612 2173 730 2212 infligit
745 2172 777 2202 in
794 2171 943 2212 praesenti
958 2171 1035 2207 vita,

266 2228 497 2260 ordinationem
527 2226 665 2266 aliquam
692 2225 787 2255 habet
817 2224 855 2254 ad
887 2224 1036 2262 gloriam,

268 2283 344 2322 quia
357 2281 531 2312 secundum
547 2280 742 2310 vohmtatem
759 2278 852 2308 istam
868 2278 936 2309 vult
954 2277 1036 2307 fieri.

269 2336 302 2367 Si
324 2337 430 2365 autem
454 2335 609 2373 quantum
637 2331 676 2362 ad
702 2331 899 2361 voluntatem
927 2339 1038 2360 conse-

269 2390 429 2428 quentem,
449 2388 524 2427 quia
538 2385 715 2416 secundum
736 2384 819 2415 hanc
842 2384 1039 2414 voluntatem

268 2442 338 2472 vult
352 2441 432 2471 Deus
447 2439 621 2470 secundum
644 2437 728 2477 quod
742 2437 882 2475 praescit,
899 2439 929 2466 et
954 2445 1039 2476 prae-

269 2495 325 2524 scit
335 2494 429 2524 istum
446 2493 478 2522 in
495 2492 613 2521 malitia
629 2499 873 2530 permansurum
885 2514 893 2526 ,
912 2499 1036 2529 poenam

269 2546 382 2577 dicitur
396 2545 543 2584 infligere
565 2545 598 2574 in
614 2543 784 2575 vindictam
801 2543 912 2580 gravis
925 2544 1038 2583 culpae.

303 2608 308 2621 ¹
325 2607 378 2638 Job,
395 2613 430 2638 vx,
445 2608 467 2631 2.
483 2619 513 2625 -
527 2606 560 2637 (a)
575 2606 771 2637 consequenter.

806 134 1115 168 SENTENTIARUM
1137 135 1212 166 LIB.
1236 135 1286 166 lv.

1078 201 1230 233 Similiter
1243 203 1281 232 de
1299 202 1459 241 flagellato
1477 203 1524 232 est
1544 201 1632 242 loqui
1654 203 1818 243 dupliciter
1834 217 1841 236 ε

1078 257 1131 285 aut
1147 258 1303 294 quantum
1318 255 1356 285 ad
1372 257 1508 291 statum;
1524 256 1554 285 et
1568 255 1642 294 quia
1663 255 1728 295 ipse
1751 259 1798 289 est
1811 258 1846 290 in

1079 311 1161 339 statu
1177 309 1209 338 in
1224 317 1287 348 quo
1302 309 1401 348 potest
1416 308 1548 344 reverti,
1564 310 1630 338 tam
1644 308 1710 348 ipse
1726 333 1734 346 ‚
1749 319 1846 350 quam

1079 371 1171 402 psssna
1186 362 1325 401 aliquam
1341 361 1572 391 ordinationem
1595 361 1712 393 habent
1731 363 1769 394 ad
1790 364 1847 395 bo-

1080 425 1173 453 num;
1190 418 1246 446 aut
1261 415 1418 454 contingIt
1434 414 1522 454 loqui
1545 418 1704 454 quantum
1726 417 1765 448 ad
1789 418 1849 448 ob-

1080 469 1281 499 stinationem
1297 468 1404 505 ammi,
1422 476 1494 507 quae
1506 469 1662 499 convertit
1675 469 1851 509 benignita-

1080 524 1144 552 tem
1159 522 1191 552 in
1214 522 1293 552 iram
1307 546 1314 559 ,
1338 523 1367 551 et
1389 521 1524 559 gratiam
1549 522 1734 562 impugnat;
1751 525 1782 554 et
1807 524 1851 555 sic

1081 577 1155 605 sunt
1170 575 1198 605 ei
1213 583 1315 614 pocnae
1332 575 1365 604 in
1379 574 1632 606 damnationem:
1653 578 1685 606 et
1707 576 1752 607 sic
1766 578 1853 617 patet

1081 629 1215 667 utraque
1226 636 1308 667 pars.

1404 709 1473 730 DUB.
1499 709 1531 730 V.

1223 772 1248 795 Et
1263 778 1314 795 non
1330 772 1463 802 praeveniri
1480 771 1648 802 senteutiam,
1663 774 1712 796 etc.

1122 838 1252 869 Videtur
1268 839 1348 870 male
1363 839 1478 876 dicere,
1493 839 1568 878 quia
1583 839 1638 879 qui
1655 839 1751 870 semel
1762 840 1852 880 judi-

1082 895 1170 923 catus
1185 896 1270 924 estet
1282 894 1413 933 punitus
1426 903 1444 923 a
1459 894 1629 930 sacerdote,
1639 894 1777 934 amplius
1788 904 1854 926 non

1079 946 1294 984 judicabitur,
1318 955 1375 975 nee
1400 946 1573 985 punietur:
1597 955 1677 986 ergo
1700 947 1855 978 sententia

1080 999 1194 1037 judicis
1207 999 1413 1038 przevcnitur.

1125 1052 1214 1091 Resp.
1233 1052 1403 1083 Dicendum
1418 1053 1503 1092 quod
1517 1053 1662 1084 sacerdos
1677 1057 1732 1084 aut
1747 1055 1850 1086 absol-

1084 1105 1129 1135 vit
1140 1114 1203 1134 non
1215 1105 1407 1143 ahsolutum,
1424 1108 1455 1136 et
1467 1106 1601 1146 imponit
1618 1107 1775 1138 minorem
1790 1116 1856 1147 poe-

1084 1167 1169 1195 nan),
1193 1167 1289 1197 quam
1306 1158 1397 1188 debet
1413 1169 1419 1188 :
1437 1161 1467 1188 et
1496 1159 1538 1188 sic
1558 1159 1678 1197 judicat
1700 1161 1856 1191 sententia

1085 1211 1234 1249 hominis,
1245 1214 1274 1241 et
1286 1211 1468 1250 nonjudicis
1479 1211 1625 1251 superni:
1637 1214 1667 1242 et
1677 1212 1737 1243 hoc
1749 1213 1853 1251 modo,

1084 1264 1109 1293 si
1139 1264 1285 1294 videatur
1326 1264 1494 1304 praeveniri
1527 1264 1682 1294 sententia
1717 1265 1856 1304 judicis,

1086 1326 1149 1347 non
1169 1319 1274 1348 tamen
1295 1317 1501 1357 praevenitur,
1518 1317 1592 1356 quia
1614 1320 1736 1357 oportet
1752 1317 1855 1349 homi-

1087 1380 1159 1401 nem
1172 1371 1279 1411 puniri
1291 1371 1324 1400 in
1338 1371 1405 1401 soro
1417 1370 1482 1400 Dei.
1495 1370 1558 1400 Aut
1573 1370 1716 1401 sacerdos
1731 1373 1857 1402 servato

1086 1424 1194 1454 ordine
1207 1426 1301 1462 recto,
1319 1425 1349 1454 et
1364 1423 1524 1463 qualitate,
1541 1423 1643 1463 punit,
1659 1425 1689 1453 et
1701 1423 1854 1454 sententia

1086 1478 1255 1508 sacerdotis
1270 1479 1315 1508 est
1331 1477 1485 1508 sententia
1497 1476 1550 1506 Dei
1561 1476 1613 1506 hic
1627 1476 1791 1507 hominem
1806 1477 1859 1508 ab-

1087 1530 1255 1561 solventis:
1271 1532 1301 1560 et
1314 1532 1389 1560 tunc
1404 1539 1468 1560 non
1483 1529 1689 1569 praevenitur‚
1703 1529 1778 1569 quia
1792 1529 1860 1568 ipse

1082 1584 1182 1623 judex
1194 1584 1313 1623 judicat
1325 1592 1381 1622 per
1391 1583 1574 1612 ministrum
1592 1591 1699 1620 suum,
1711 1582 1762 1613 cui
1774 1591 1859 1613 com-

1088 1637 1173 1666 misit
1187 1636 1398 1666 ministerium
1419 1646 1425 1665 :
1447 1637 1556 1665 tamen
1579 1643 1703 1665 cassum
1723 1637 1780 1671 est,
1798 1634 1859 1665 nisi

1087 1689 1244 1729 praecedat
1259 1688 1470 1718 ministerium
1489 1688 1538 1718 Dei
1561 1687 1764 1718 absolventis.

1407 1781 1474 1802 DUB.
1491 1781 1536 1802 Vl.

1151 1841 1224 1865 Levis
1241 1840 1309 1864 enim
1321 1839 1395 1870 culpa
1410 1839 1459 1863 levi
1474 1838 1599 1870 supplicio
1614 1840 1802 1869 compensatur.

1131 1902 1298 1934 Praemittit
1322 1902 1373 1932 hic
1396 1901 1541 1940 exempla
1565 1900 1603 1931 de
1629 1899 1789 1938 Israelita,
1805 1901 1862 1940 qui

1090 1957 1216 1995 collegit
1230 1956 1318 1994 ligna
1339 1955 1371 1984 in
1385 1954 1533 1991 sabbato;
1551 1956 1581 1984 et
1595 1953 1746 1984 ulterius.
1758 1953 1797 1984 de
1811 1962 1860 1989 eo,

1091 2010 1146 2050 qui
1160 2009 1310 2039 Israelitae
1327 2008 1544 2045 maledixerat,
1558 2009 1588 2037 et
1602 2007 1657 2046 qui
1670 2006 1764 2037 etiam
1778 2006 1862 2037 blas·
1896 2019 1899 2021 ·

1091 2064 1297 2103 pliemaverat
1320 2073 1326 2091 :
1351 2064 1381 2091 et
1407 2061 1532 2092 videtur
1556 2060 1590 2090 in
1618 2062 1754 2100 utroque
1778 2059 1861 2091 male

1092 2116 1342 2155 exemplificare,
1361 2117 1430 2144 tum
1444 2114 1568 2144 ratione
1588 2122 1708 2153 poenae,
1724 2115 1795 2143 tum
1809 2121 1862 2143 ra-

1092 2170 1175 2200 tione
1196 2168 1308 2208 culpae.
1334 2168 1464 2198 Ratione
1488 2175 1610 2206 poenae,
1630 2166 1705 2206 quia
1728 2168 1862 2206 uterque

1093 2222 1213 2253 occisus
1228 2224 1284 2259 est,
1302 2223 1333 2251 et
1347 2220 1502 2260 lapidatus
1521 2231 1526 2251 :
1544 2222 1574 2250 et
1594 2219 1664 2249 haec
1679 2220 1726 2250 est
1742 2219 1864 2258 gravis·

1092 2277 1173 2306 sima
1188 2284 1355 2315 poenarum
1366 2298 1375 2312 ‚
1393 2273 1507 2304 scilicet
1529 2282 1623 2313 prena
1646 2273 1768 2304 mortis.
1785 2273 1863 2304 Item

1093 2330 1131 2360 de
1146 2329 1239 2368 culpa
1248 2328 1374 2359 videtur
1384 2327 1510 2364 falsum,
1521 2327 1598 2366 quia
1612 2325 1806 2366 blasphemia
1816 2326 1863 2356 est

1094 2384 1322 2423 gravissimum
1349 2383 1525 2421 peccatum.
1559 2380 1734 2417 Praeterea,
1759 2381 1862 2409 trans-

1096 2437 1218 2475 gressio
1234 2436 1374 2466 mandati
1391 2433 1539 2472 Dec-alogi
1554 2442 1619 2464 non
1640 2435 1686 2463 est
1700 2432 1770 2463 leve
1789 2439 1861 2470 pec-

1095 2492 1212 2520 catum.
1231 2489 1368 2520 maxime
1384 2488 1459 2527 quia
1474 2487 1606 2526 punitur
1626 2494 1720 2525 poena
1740 2484 1862 2520 mortis,

1096 2552 1167 2582 quae
1181 2544 1248 2572 erat
1258 2550 1351 2582 poena
1361 2540 1464 2571 debita
1475 2537 1703 2570 enormissimis
1717 2536 1861 2576 peccatis.

1137 2596 1229 2635 Resp.
1254 2594 1426 2626 Dicendum
1451 2592 1535 2632 quod
1561 2591 1774 2629 Hieronymus
1799 2598 1864 2620 non
