2017 2948
5 1640 106 1662 Fundam.

594 189 690 220 DIST.
714 188 830 220 XXXV.
854 188 943 220 ART.
968 189 991 219 1.
1014 188 1164 226 QUAEST.
1186 189 1239 220 IIl.

125 258 234 298 dirigit
249 267 305 298 per
317 257 470 299 principia
477 256 549 287 fidei
561 257 591 287 et
601 256 685 295 ι111115
700 256 800 287 divini
815 257 899 286 adea

124 321 197 351 quae
213 314 289 343 sunt
305 314 410 342 sancta
427 323 432 341 :
451 311 536 341 unde
549 310 687 350 quodam
702 310 796 340 modo
807 309 899 340 altior

123 367 169 395 est
183 367 271 395 actus
293 365 390 404 ipsius
407 364 479 394 doni
500 363 649 400 scientiae,
667 371 762 402 quam
773 362 899 393 virtutis

124 418 309 456 prudentiae,
327 420 356 448 et
377 426 473 456 supra
488 417 642 456 principia
656 416 760 454 magis
780 416 900 445 elevata

124 470 248 501 fundari
258 471 351 501 habet
361 484 368 508 ,-
383 472 413 500 61
428 472 556 509 propter
570 470 641 505 1106,
660 468 767 498 habita
783 468 900 499 virtute

123 524 310 562 prudentiae,
328 532 392 553 non
408 522 575 562 superssuit
590 522 711 552 donum
725 521 877 552 scientiae.

162 578 192 606 4.
215 576 262 606 Ad
284 576 361 606 illud
385 575 469 615 quod
493 575 662 614 objicitur,
683 574 768 614 quod
782 573 897 603 intelli-

123 629 230 669 gentia
241 629 483 668 Scripturarum
493 630 612 668 spectat
622 628 661 658 ad
672 628 791 658 donum
804 627 900 658 scien-

123 684 190 721 tiae,
207 684 375 715 dicendum
392 684 488 723 quod,
506 683 587 713 sicut
602 683 691 722 prius
707 684 827 713 tactum
842 682 901 712 fuit

123 737 160 767 de
175 736 354 775 cognitione
379 745 491 766 eorum
515 745 589 775 quae
614 738 687 765 sunt
714 735 798 773 fidei,
815 734 899 774 quod

126 798 189 820 non
209 789 423 828 principaliter
438 791 579 828 spectant
598 789 636 819 ad
660 788 779 818 donum
801 787 900 827 ipsius

124 841 275 879 scientiae,
291 841 343 872 sed
360 841 498 881 quodam
514 842 608 871 modo
623 841 852 877 antecedenter,
869 841 900 870 et

123 895 214 934 quasi
229 895 512 934 praesuppositive:
536 894 580 924 sic
603 894 698 924 etiam
714 893 898 931 intelligen-

123 948 200 978 dum
215 950 262 978 est
276 948 314 978 de
325 947 536 987 intelligentia
550 947 736 986 Scripturae.

163 1003 192 1032 5.
205 1001 252 1032 Ad
267 1002 345 1032 illud
361 1001 445 1041 quod
456 1001 569 1032 ultimo
581 1001 738 1041 quaeritur
749 1000 787 1031 de
800 1000 900 1030 diver-

123 1055 214 1085 sitate
236 1057 379 1092 actuum,
401 1056 471 1093 jam
497 1056 581 1094 patet
604 1054 767 1093 responsio
786 1062 842 1093 per
863 1062 900 1083 ea

124 1116 196 1147 quae
213 1108 294 1138 dicta
309 1110 382 1138 sunt
404 1118 410 1137 :
429 1107 579 1147 quoniam
599 1116 684 1137 unus
700 1109 747 1137 est
761 1108 831 1146 ejus
847 1115 897 1136 ac-

124 1163 176 1191 tus
197 1161 394 1200 principalis,
417 1160 480 1191 duo
504 1169 580 1190 vero
604 1160 719 1190 annexi
735 1170 741 1189 z
757 1162 787 1189 et
802 1158 899 1189 simul

124 1224 198 1245 cum
213 1215 273 1245 hoc
288 1217 372 1254 patet
390 1214 467 1254 qnid
481 1214 519 1244 sit
534 1215 695 1252 objectum
712 1213 810 1252 ipsius
825 1211 898 1242 doni

124 1268 262 1299 scientiae
275 1291 284 1306 ,
301 1270 331 1298 et
353 1267 512 1307 quomodo
535 1268 630 1298 etiam
655 1267 779 1297 differat
801 1266 899 1296 avir-

124 1322 189 1351 tute
204 1321 392 1360 prudentiae,
409 1323 439 1351 et
454 1321 492 1351 ab
506 1321 624 1351 habitu
639 1319 807 1359 cuiuslibet
821 1318 899 1349 alte—

124 1374 192 1404 rius
207 1374 357 1405 scientiae.

370 1446 548 1484 QUAESTIO
572 1445 623 1476 III.

124 1518 168 1544 An
179 1517 274 1544 donum
289 1516 437 1542 intellectus
451 1515 530 1541 simul
545 1516 670 1541 consistat
689 1515 718 1540 in
733 1514 897 1548 contempla—

289 1562 359 1587 tione
375 1560 506 1587 creatoris
521 1562 545 1585 ct
568 1561 696 1585 creatztroe
712 1560 730 1585 ¹.

164 1630 206 1660 De
218 1632 291 1660 actu
312 1631 342 1659 et
357 1629 480 1668 objecto
503 1628 602 1668 ipsius
621 1627 693 1658 doni
709 1627 896 1664 intellectus,

126 1685 233 1713 utrum
255 1683 374 1713 donum
390 1681 567 1712 intellectus
586 1680 681 1711 simul
700 1680 849 1711 consistat
865 1680 897 1709 in

124 1736 387 1775 contemplatione
417 1734 573 1766 Creatoris
600 1736 630 1764 et
663 1735 816 1764 creaturae
830 1743 837 1770 ;
868 1735 898 1763 et

123 1791 208 1830 quod
221 1791 275 1828 sic,
291 1790 418 1821 videtur
433 1790 536 1829 primo
552 1789 737 1820 auctoritate
753 1788 898 1827 Magistri

124 1844 156 1874 in
174 1844 295 1875 littera:
326 1855 340 1872 <‹
355 1843 569 1882 Intelligentia
593 1851 657 1872 non
679 1842 897 1873 tantummodo

124 1897 162 1926 de
177 1896 302 1927 aeternis
317 1898 374 1933 est,
391 1896 444 1926 sed
460 1896 554 1926 etiam
570 1895 607 1926 de
620 1896 715 1926 rebus
730 1895 898 1925 invisibili-

125 1949 183 1979 bus
198 1952 228 1980 et
243 1949 460 1988 spiritualibus
478 1949 693 1988 temporaliter
707 1949 837 1978 exortis.
855 1961 868 1977 »

165 2002 242 2032 Item
259 2002 318 2032 hoc
336 2002 442 2041 ipsum
467 2001 595 2031 videtur
618 2010 675 2040 per
698 2001 895 2040 Dionysium,

124 2054 167 2086 ad
186 2055 210 2085 T
210 2055 292 2086 itum
304 2078 312 2092 ‚
330 2055 384 2094 qui
400 2054 473 2085 dicit
487 2053 512 2092 ²,
531 2054 615 2094 quod
632 2054 824 2093 impossihile
839 2056 895 2092 est,

124 2108 278 2148 quamdiu
292 2108 325 2138 in
340 2109 393 2138 via
408 2117 531 2145 sumus,
552 2107 694 2138 relucere
712 2108 804 2138 nobis
819 2107 897 2137 divi-

125 2170 205 2192 num
225 2162 362 2199 radium,
386 2161 448 2191 nisi
467 2161 747 2191 circumvelatum:
770 2160 796 2190 si
819 2169 896 2199 ergo

127 2214 203 2245 illud
227 2217 274 2245 est
296 2215 443 2245 velamen
466 2216 634 2250 creaturae,
659 2213 787 2244 videtur
811 2214 896 2252 quod

126 2267 301 2298 intellectus
315 2277 380 2298 non
395 2267 492 2307 possit
507 2267 605 2297 Deum
623 2267 685 2297 nisi
705 2267 737 2296 in
753 2269 897 2297 creatura

124 2330 316 2360 cognoscere
333 2329 340 2350 :
374 2329 453 2359 ergo
483 2320 507 2350 si
540 2322 586 2350 est
613 2320 651 2349 ad
680 2320 896 2359 cognitionem

124 2373 288 2410 Creatoris,
301 2382 426 2403 necesse
440 2373 581 2412 estquod
597 2373 637 2403 sit
650 2373 745 2403 simul
762 2374 801 2404 ad
819 2383 897 2413 cog-

124 2427 275 2457 nitionem
294 2428 460 2456 crcaturae.

164 2479 241 2509 Item
267 2488 331 2509 non
354 2481 400 2508 est
428 2479 583 2517 perfectus
606 2479 733 2509 habitus
757 2480 895 2518 amoris,

123 2535 183 2565 nisi
199 2537 323 2565 ametur
334 2534 417 2565 Deus
428 2533 501 2563 etin
517 2543 560 2572 se,
575 2536 605 2564 et
618 2534 650 2564 in
662 2543 719 2565 sua
733 2535 892 2574 imagine:

156 2613 216 2642 ¹0).
228 2615 254 2637 S.
265 2613 438 2643 ΤΙι.)1Ι·Η,ι1Δ
452 2618 459 2633 k
481 2619 505 2634 11.
517 2619 561 2634 ε111,
573 2615 594 2638 313
608 2612 698 2641 Iiicln„
711 2614 738 2636 Ill
751 2615 895 2643 Seutstlist.

123 2653 218 2678 xxxul,
231 2651 278 2672 art.
291 2651 313 2678 2,
331 2656 356 2679 q.
374 2655 402 2678 11;
415 2648 501 2679 Steph.
520 2648 596 2676 lunt,
615 2649 643 2671 III
656 2650 732 2677 Seni„
747 2650 803 2673 dist.
817 2657 895 2679 xxxv,

1664 194 1722 223 115

955 265 1032 294 ergo
1057 256 1200 286 similiter
1226 265 1291 287 non
1318 257 1377 286 erit
1401 258 1574 296 perfectum
1603 259 1725 290 donum

956 310 1147 347 intellectus,
1165 310 1225 339 nisi
1240 310 1322 340 Deus
1338 319 1394 349 per
1409 311 1487 342 illud
1502 315 1722 351 cognoscatur,

955 365 984 392 et
995 365 1148 402 quantum
1164 363 1203 393 ad
1219 363 1412 393 conditiones
1427 373 1513 402 suas,
1525 367 1555 394 et
1569 368 1724 404 quantum

956 415 993 445 ad
1008 416 1200 445 conditiones
1212 418 1428 446 creaturarum
1438 439 1446 453 ,
1463 426 1535 455 quae
1551 420 1624 447 sunt
1639 418 1667 448 ei
1680 418 1723 448 si-

955 468 1046 498 miles
1059 479 1065 498 :
1080 477 1158 507 ergo
1173 468 1300 498 videtur
1315 469 1399 507 quod
1412 469 1533 499 donum
1549 469 1725 501 intellectus

955 520 994 549 sit
1005 520 1045 550 ad
1061 520 1300 559 contemplanda
1316 521 1501 559 temporalia
1516 523 1546 551 et
1559 523 1688 552 aeterna.

997 572 1085 610 Item,
1103 573 1140 603 de
1156 573 1273 603 eisdem
1288 573 1381 603 habet
1397 582 1464 604 esse
1483 574 1671 611 intellectus,
1688 574 1726 604 de

955 626 1070 664 quibus
1101 626 1196 656 habet
1222 635 1290 656 esse
1314 626 1411 663 fides,
1439 627 1613 657 secundum
1642 627 1727 667 quod

955 679 1028 709 dicit
1041 678 1214 718 Gregorius
1223 680 1246 716 ³,
1259 680 1345 719 quod
1358 680 1440 710 Deus
1455 680 1649 710 Intellectum
1662 680 1725 718 dat,

955 732 1030 762 (111111
1047 732 1084 762 (16
1103 733 1219 762 auditis
1236 735 1375 762 mentem
1390 733 1526 763 illustrat
1543 744 1549 764 :
1574 734 1628 764 sed
1649 733 1727 764 fides

955 794 1019 815 non
1032 785 1252 815 tantummodo
1264 785 1390 824 respicit
1405 780 1547 816 divinam
1558 787 1727 816 essentiam

956 838 988 868 in
1017 848 1049 868 se
1060 862 1069 875 ,
1101 847 1213 868 verum
1244 839 1340 868 etiam
1368 839 1401 868 in
1430 839 1664 878 comparatione
1688 839 1727 870 ad

955 892 1156 920 creaturam:
1181 890 1307 920 videtur
1330 899 1408 929 ergo
1432 891 1517 930 quod
1540 894 1627 922 actus
1651 891 1727 922 doni

955 943 1132 974 intellectus
1160 943 1323 974 ordinetur
1351 943 1389 974 ad
1415 943 1470 974 illa
1494 944 1558 975 duo
1584 946 1726 975 contem-

955 995 1081 1035 planda.

995 1050 1054 1080 Sed
1078 1051 1210 1080 contra:
1239 1053 1266 1079 1.
1292 1049 1379 1080 Dono
1403 1050 1565 1089 sapientiae
1589 1059 1727 1089 cognos-

955 1105 1070 1132 cuntur
1085 1104 1221 1140 aeterna,
1237 1102 1320 1133 dono
1336 1103 1474 1133 scientiae
1491 1105 1727 1141 cognoscuntur

954 1156 1156 1195 temporalia,
1179 1156 1258 1186 sicut
1274 1156 1348 1186 dicit
1370 1156 1607 1195 Augustinus&
1624 1159 1654 1186 et
1668 1157 1726 1187 ha-

955 1209 1046 1239 betur
1061 1209 1093 1238 in
1106 1209 1210 1239 littera
1225 1220 1230 1238 :
1249 1218 1327 1248 ergo
1342 1212 1398 1239 aut
1412 1209 1533 1239 donum
1549 1209 1727 1240 intellectus

957 1262 1124 1301 superfluit
1146 1263 1270 1292 duobus
1299 1262 1389 1293 donis
1410 1262 1543 1299 habitis,
1567 1265 1622 1293 aut
1645 1263 1727 1293 circa

955 1314 1007 1344 illa
1027 1315 1089 1345 duo
1105 1318 1193 1346 actus
1208 1317 1278 1355 ejus
1294 1315 1471 1355 praecipuus
1492 1325 1558 1346 non
1573 1316 1724 1346 consistit.

994 1371 1023 1398 2.
1048 1368 1124 1398 Item
1140 1369 1294 1408 sapientia
1315 1371 1345 1399 et
1369 1369 1496 1399 scientia
1511 1369 1679 1407 differunt,
1696 1371 1729 1400 et

954 1424 1028 1451 sunt
1043 1422 1168 1452 diversa
1182 1422 1279 1458 dona,
1300 1431 1356 1461 per
1370 1422 1430 1452 hoc
1452 1423 1537 1461 quod
1552 1432 1654 1453 unum
1673 1432 1727 1453 6ο-

953 1484 1026 1504 rum
1050 1477 1096 1504 est
1111 1475 1193 1504 circa
1217 1475 1423 1514 temporalia,
1440 1475 1525 1505 aliud
1548 1484 1625 1506 vero
1646 1475 1728 1506 circa

953 1529 1072 1557 aeterna
1086 1538 1091 1556 :
1106 1536 1184 1565 ergo
1196 1527 1221 1556 si
1231 1527 1351 1557 donum
1363 1527 1539 1558 intellectus
1551 1530 1597 1558 est
1610 1537 1724 1566 unum,

953 1580 1080 1611 videtur
1100 1580 1184 1619 quod
1199 1589 1263 1610 non
1282 1580 1379 1619 possit
1398 1589 1465 1611 esse
1485 1581 1567 1611 circa
1582 1581 1635 1611 illa
1650 1581 1724 1612 duo.

993 1635 1020 1663 3.
1047 1633 1124 1663 Item
1140 1635 1194 1662 aut
1213 1633 1333 1663 donum
1349 1633 1524 1664 intellectus
1539 1634 1679 1664 consistit
1694 1634 1727 1664 in

952 1686 1172 1725 cognoscendo
1188 1688 1325 1723 tantum,
1341 1689 1396 1716 aut
1412 1687 1444 1716 in
1461 1687 1680 1725 cognoscendo
1697 1690 1727 1718 et

952 1739 1133 1769 afficiendo:
1151 1739 1177 1768 si
1196 1739 1337 1770 consistit
1355 1740 1389 1769 in
1412 1740 1633 1779 cognoscendo
1655 1742 1725 1771 tan-

952 1795 1033 1829 tum,
1051 1801 1131 1830 ergo
1146 1801 1211 1822 non
1226 1792 1352 1823 videtur
1362 1793 1447 1832 quod
1463 1793 1502 1823 sit
1516 1793 1637 1824 donum
1653 1803 1726 1833 gra·

953 1846 1087 1883 tuitum,
1105 1855 1179 1876 cum
1201 1848 1288 1877 actus
1309 1856 1388 1886 pure
1410 1847 1592 1885 cognitivus
1607 1857 1671 1878 non
1686 1848 1726 1878 sit

952 1899 1151 1935 meritorIus3
1170 1899 1195 1928 si
1215 1899 1248 1929 in
1268 1900 1487 1938 cognoscendo
1502 1903 1533 1930 et
1546 1900 1722 1939 afficiendo,

952 1961 1031 1990 crgo
1046 1951 1121 1981 (loni
1136 1952 1311 1982 intellectus
1325 1954 1371 1982 est
1386 1955 1503 1983 aeterna
1518 1962 1722 1992 cognoscere,

952 2007 982 2034 et
1005 2005 1087 2034 circa
1106 2004 1159 2034 illa
1181 2005 1260 2034 attici
1284 2016 1291 2034 z
1317 2005 1370 2035 sed
1394 2005 1452 2036 iste
1473 2008 1519 2036 cst
1539 2008 1628 2037 actus
1649 2006 1724 2037 doni

952 2057 1114 2096 sapientiae
1133 2068 1139 2088 :
1163 2066 1243 2096 ergo
1263 2060 1319 2088 aut
1333 2058 1452 2088 donum
1468 2059 1644 2089 intellectus
1659 2068 1724 2090 non

951 2112 998 2140 est
1018 2110 1100 2140 circa
1119 2112 1255 2148 aeterna,
1273 2112 1327 2141 aut
1345 2111 1371 2141 si
1389 2113 1453 2149 est,
1474 2121 1540 2142 non
1557 2112 1662 2143 differt
1684 2113 1724 2143 ab

952 2163 1021 2203 ipsa
1036 2163 1200 2202 sapientia.

992 2219 1020 2246 4.
1046 2216 1134 2254 Item,
1152 2217 1232 2247 sicut
1246 2217 1401 2256 contingit
1416 2217 1513 2248 Deum
1531 2219 1678 2258 cognosci
1693 2222 1724 2250 et

951 2270 1159 2309 contemplari
1172 2270 1205 2299 in
1219 2270 1372 2308 Imagine,
1390 2270 1433 2300 ita
1448 2271 1605 2311 contingit
1621 2272 1723 2303 Deum

952 2332 1142 2361 cognoscere
1157 2325 1187 2353 et
1202 2323 1408 2362 contemplari
1430 2324 1462 2354 in
1482 2325 1552 2364 ejus
1566 2325 1700 2364 vestigio
1713 2336 1720 2356 :

952 2385 1031 2415 ergo
1051 2376 1134 2406 sicut
1151 2376 1271 2406 donum
1288 2376 1464 2408 intellectus
1480 2380 1527 2408 est
1541 2377 1721 2408 ordinatum

952 2429 989 2459 ad
1008 2429 1222 2467 cognitionem
1245 2429 1344 2469 ipsius
1365 2433 1518 2461 creaturae
1538 2431 1720 2470 spiritualis,

952 2481 994 2511 ita
1017 2482 1112 2512 etiam
1135 2482 1173 2512 ad
1199 2483 1413 2521 cognitionem
1435 2486 1589 2514 creaturae
1610 2492 1722 2524 corpo-

953 2534 1044 2565 ralis:
1061 2534 1115 2565 sed
1130 2544 1194 2566 non
1209 2536 1322 2574 dirigit
1335 2536 1373 2566 ad
1387 2536 1601 2574 cognitionem
1615 2545 1723 2576 corpo-

953 2624 977 2646 ⁴I·
994 2622 1029 2639 111.
1045 2630 1048 2631 ⁷
1086 2617 1088 2621 '
1104 2616 1146 2637 In,¹
1202 2616 1426 2645 1!‹2('oe.'.1111›1·.‚‹=.
1442 2622 1494 2639 1.—-
1505 2617 1609 2647 ³meg„
1623 2618 1720 2647 moral„

954 2651 1538 2681 luite,x»111.-'*1xu32.,zleTmnz'!.,lib.)tl1,
1548 2659 1634 2683 c.x1v‘‚
1647 2660 1671 2676 u.
1682 2656 1719 2677 22.

1741 1059 1773 1080 Ad
1784 1065 1836 1085 opp.
