2017 2948
140 1596 218 1622 opinio

127 1628 225 1648 aliorum.

129 1906 225 1933 Improb.

130 2119 235 2140 Determi-

129 2151 194 2172 natio.

240 135 295 164 544

236 199 280 229 sic
294 200 324 228 et
338 195 493 228 ordinatio
507 195 649 232 integra3
665 192 698 222 in
709 191 893 231 praecisione
908 190 1009 220 fuerat

236 252 369 288 vitium,
392 248 477 289 quod
501 248 532 278 in
556 246 676 277 unitate
700 246 785 284 pacis
807 246 853 273 est
879 252 1008 283 correp-

236 308 317 341 tum,
342 312 405 333 non
430 302 461 332 in
484 300 595 337 sacris,
619 308 690 338 quse
707 298 900 336 ubicumque
919 299 1006 334 suut,

236 358 303 397 ipsa
320 366 395 386 vera
409 356 483 385 suut
499 354 550 393 (a).
570 365 583 380 υ

280 411 373 447 ltem,
390 408 417 446 I,
434 410 547 448 quaest.
569 410 594 443 t,
609 406 640 435 iii
655 405 748 443 capit.
766 403 1007 439 Remissionem,

237 463 372 493 dicitur:
394 473 408 490 u
423 461 640 493 Sacramenta=
659 457 690 486 in
710 456 839 486 modum
856 456 949 492 lucis,
970 455 1009 484 ab

237 514 412 545 immundis
427 511 623 551 coinquinari
641 518 704 539 non
720 510 864 548 possunt.
885 519 899 535 υ

279 568 354 599 Item
379 565 522 596 sacerdos
545 563 686 599 conticit,
709 564 764 591 aut
792 561 868 600 quia
891 561 1008 597 bonus,

239 625 293 652 aut
318 621 393 660 quia
414 617 576 649 sacerdos:
603 616 628 645 si
649 615 724 655 quia
739 614 863 653 honus,
879 614 932 643 sed
946 622 1009 644 non

240 676 285 704 est
299 676 402 703 certus
420 672 458 701 de
478 670 635 704 bonitate,
655 677 735 706 ergo
756 676 814 697 nec
834 669 938 697 certus
952 669 1008 704 est,

240 731 349 759 utrum
364 726 524 763 conficiat,
541 725 566 755 si
581 724 657 763 quia
672 723 828 758 sacerdos,
849 731 921 752 cum
944 731 1011 761 pro-

239 784 307 821 pter
328 780 478 810 haeresim
497 787 560 808 non
581 777 724 807 desinant
738 785 803 806 esse
823 776 1009 813 sacerdotes,

241 836 340 874 patet,
357 836 415 864 etc.

281 888 357 919 Item
373 888 410 918 ad
424 888 658 917 sacramentum
674 893 713 914 ex
729 886 816 923 parte
831 883 1012 922 dispensan-

240 943 281 973 tis
298 951 360 972 non
376 941 447 981 plus
462 939 635 979 requiritur
650 946 745 977 quam
760 937 847 974 ordo,
864 939 894 967 et
910 937 1011 966 inten-

240 998 300 1033 tio,
324 998 354 1026 et
376 995 475 1025 actio:
500 993 552 1023 sed
573 993 641 1022 haec
662 991 769 1021 omnia
786 992 860 1019 sunt
881 990 910 1019 in
930 998 1013 1029 prae-

240 1050 329 1080 ciso:
353 1057 446 1086 crgo,
471 1049 529 1077 etc.
551 1045 582 1075 Si
609 1045 706 1080 dicas,
733 1043 817 1082 quod
842 1042 1013 1082 requiritur

242 1102 380 1139 bonitas,
403 1103 478 1131 tunc
492 1099 576 1129 salus
591 1099 699 1128 nostra
718 1097 748 1125 in
773 1105 871 1126 manu
887 1096 1014 1126 alterius

243 1155 344 1195 posita
359 1156 414 1185 cst.

516 1239 738 1272 CONCLUSIO.

244 1326 420 1353 Eucharistiae
434 1325 629 1350 sacramentum
643 1320 689 1346 ubi
703 1321 788 1352 fucrit
803 1318 876 1351 ordo,
891 1319 1014 1351 intentio,

277 1370 350 1396 verbi
368 1369 501 1404 prolatio,
518 1369 540 1393 et
556 1366 672 1392 debitum
686 1365 856 1395 clementum,
874 1365 911 1389 cst
927 1370 1017 1388 verum

278 1415 469 1440 sacramentum
479 1432 485 1443 ,
511 1412 591 1437 etiam
619 1410 707 1443 posito
733 1407 768 1442 (b)
799 1408 868 1442 quod
891 1407 1012 1433 sacerdos

278 1458 363 1484 malus
380 1457 421 1483 vul
436 1456 570 1482 haerelicus
590 1455 689 1486 fucrit,
707 1453 768 1479 licet
785 1452 967 1478 lum-eticorum
981 1452 1017 1476 sit

282 1505 310 1528 in
325 1502 451 1528 damnum
466 1502 595 1534 ipsorum,
612 1500 634 1524 ut
650 1497 842 1524 assistentimn.

286 1582 376 1620 Resp.
404 1579 443 1610 ad
473 1588 544 1616 arg.
573 1576 677 1616 Aliqui
706 1576 878 1606 voluerunt
906 1574 1016 1604 distin-

246 1640 362 1670 guere,
386 1638 426 1659 ex
448 1628 565 1667 quibus
588 1626 713 1656 videtur
735 1624 833 1654 fuisse
854 1623 1016 1662 Magister,

247 1683 330 1723 quod
357 1681 531 1712 sacerdotes
552 1679 626 1709 mali
650 1677 779 1717 quidam
801 1676 921 1707 occulte
945 1678 1019 1705 suut

247 1737 338 1773 mali,
360 1739 390 1765 et
411 1735 449 1765 de
471 1733 609 1764 Ecclesia
627 1732 737 1762 saltem
752 1730 896 1767 nomine,
913 1732 943 1759 et
957 1738 1016 1758 nu-

247 1793 350 1827 mero,
374 1790 405 1819 et
424 1786 526 1827 quoad
542 1784 732 1815 exteriorem
746 1783 873 1819 faciem,
892 1784 922 1811 et
944 1780 1020 1810 tales

248 1844 394 1882 possunt3
410 1840 463 1871 alii
478 1848 553 1870 vero
569 1840 642 1868 sunt
654 1836 818 1867 manifeste
833 1834 919 1870 mali,
936 1837 965 1864 et
981 1834 1020 1863 ab

247 1895 384 1926 Ecclesia
398 1892 521 1933 praecisi
534 1914 543 1927 ‚
563 1893 593 1921 et
617 1890 693 1920 tales
715 1898 778 1920 non
799 1889 941 1928 possunt.
959 1886 1020 1917 Sed

248 1949 315 1978 haec
338 1947 449 1987 positio
469 1945 595 1976 videtur
612 1951 785 1974 consonare
801 1940 948 1980 positioni
964 1940 1021 1979 Cy-

249 2001 362 2041 priani,
376 2000 430 2040 qui
444 1999 548 2039 posuit
558 1997 641 2037 quod
653 1996 791 2027 haeretici
803 2004 868 2026 non
882 1994 1021 2024 habeant

249 2055 445 2084 sacramenta
466 2061 559 2082 vera:
580 2050 664 2090 quod
685 2049 761 2079 satis
781 2049 939 2087 improbat
953 2047 1019 2077 Au-

251 2108 410 2147 gustinus,
429 2105 558 2144 Propter
569 2104 629 2134 hoc
639 2102 807 2133 dicendum
821 2101 923 2138 aliter,
935 2100 1021 2140 quod

249 2161 282 2191 in
302 2161 497 2190 sacramento
518 2157 582 2187 duo
603 2155 822 2191 attenduntur,
842 2153 956 2184 scilicet
970 2162 1020 2182 sa-

250 2212 402 2244 cramenti
416 2211 544 2247 veritas,
562 2218 634 2249 quae
649 2208 791 2239 consistit
810 2209 966 2246 quantum
982 2206 1021 2236 ad

251 2275 318 2297 rem
344 2266 498 2305 primam3
525 2265 555 2293 et
578 2262 764 2292 sacramenti
790 2260 919 2296 utilitas,
949 2268 1021 2298 quae

251 2319 393 2350 consistit
407 2319 561 2358 quantum
580 2316 618 2345 ad
634 2324 700 2345 rem
715 2314 872 2351 ultimam,
889 2321 961 2352 quae
977 2314 1023 2342 est

251 2371 478 2412 incorporatio,
502 2369 551 2399 vel
579 2368 652 2399 uuio
671 2369 827 2407 quantum
848 2366 886 2396 ad
909 2373 1023 2404 corpus

252 2426 434 2466 mysticum.
451 2423 483 2453 Si
499 2423 538 2453 de
553 2422 686 2452 veritate
708 2420 895 2450 sacramenti
910 2419 1023 2459 loqua-

253 2488 337 2515 mur,
358 2477 475 2508 veritas
490 2475 642 2511 salvatur,
661 2473 716 2504 ubi
734 2475 780 2503 est
798 2481 838 2502 ex
857 2474 945 2512 parte
960 2471 1023 2502 mi-

252 2532 342 2562 nistri
370 2531 457 2569 ordo,
481 2532 511 2560 et
541 2528 684 2565 intentio,
702 2529 734 2558 et
758 2526 848 2558 verbi
871 2525 1022 2565 prolatio,

286 2596 319 2624 (a)
334 2594 393 2617 Edit
411 2592 511 2622 Bened„
526 2591 593 2623 quod
611 2590 712 2614 unitatis
727 2596 788 2620 pace
809 2590 951 2612 correctum
969 2590 1007 2611 est
1017 2595 1024 2617 ;

795 121 1103 156 SENTENTIARUM
1126 123 1198 154 LlB.
1224 123 1272 154 lV.

1065 198 1137 220 cum
1162 190 1249 221 adest
1272 190 1413 221 debitum
1439 190 1644 221 elementum.
1668 191 1699 222 Si
1727 194 1834 223 autem

1065 242 1235 282 loquamur
1249 247 1404 283 quantum
1419 243 1458 274 ad
1473 243 1650 281 utilitatem,
1665 244 1834 275 dicendum

1065 296 1148 335 quoii
1171 297 1313 327 sacerdos
1339 296 1441 326 bonus
1464 296 1589 326 conficit
1609 296 1648 326 ad
1667 296 1835 328 utilitatem

1065 357 1167 385 suam,
1198 352 1228 379 et
1256 349 1486 386 assistentium
1512 349 1615 380 malus
1636 349 1778 380 occultus
1797 349 1836 380 ad

1065 401 1217 432 damnum
1236 412 1348 439 suum;
1369 402 1578 432 nihilominus
1598 405 1704 433 tamen
1723 402 1761 432 ad
1778 402 1838 432 uti-

1065 454 1184 486 litatem
1199 456 1429 494 assistentium,
1452 457 1508 496 qui
1530 466 1602 487 cum
1623 457 1684 488 fide
1700 459 1731 487 et
1745 457 1837 488 devo-

1066 508 1150 538 tione
1166 509 1295 539 missam
1318 510 1466 547 audiunt;
1489 510 1543 540 sed
1562 510 1713 549 praecisus
1725 512 1756 540 et
1770 510 1839 540 hae-

1065 562 1181 592 reticus
1203 562 1242 592 ad
1266 562 1502 593 damnationem
1524 572 1631 600 suam,
1648 565 1679 594 et
1692 563 1838 594 omnium

1066 615 1291 645 assistentium.

1107 670 1134 705 1,
1152 670 1181 705 2,
1201 671 1230 704 3,
1252 670 1270 698 4
1285 671 1315 698 et
1337 671 1365 699 5.
1383 668 1462 706 Quia
1487 677 1565 708 ergo
1591 669 1623 699 in
1646 669 1786 709 praecisis
1809 671 1840 700 et

1066 721 1224 751 haereticis
1247 722 1420 752 manifestis
1444 722 1587 761 privatur
1606 723 1840 752 sacramentum

1067 774 1154 804 omui
1174 774 1292 812 fructu,
1311 774 1457 814 quamvis
1479 775 1518 804 sit
1537 774 1581 805 ibi
1598 783 1714 814 corpus
1728 773 1839 806 Christi

1067 836 1195 864 verum;
1228 828 1296 858 ideo
1323 828 1499 867 loquuntur
1523 830 1604 859 sacri
1631 837 1782 867 canoneS‚
1810 831 1841 859 et

1067 881 1269 912 auctoritates
1297 884 1493 919 sanctorum,
1523 882 1664 922 ipsorum
1688 881 1841 912 sacrificia

1067 935 1264 972 detestantes,
1290 944 1352 965 non
1371 936 1493 966 ratione
1512 935 1616 975 operis
1633 935 1768 974 operati,
1786 934 1840 965 sed

1068 988 1195 1019 damni:
1217 991 1247 1019 ct
1262 989 1305 1019 sic
1320 989 1486 1019 solvuntur
1505 989 1728 1019 auctoritates:
1750 987 1840 1019 etsie

1069 1042 1260 1071 credendum
1277 1045 1321 1072 est
1336 1042 1527 1072 intellexisse
1542 1041 1744 1081 Magistrum.

1109 1099 1138 1124 ii.
1162 1095 1209 1125 Ad
1235 1095 1310 1125 illud
1336 1097 1444 1125 autem
1466 1095 1550 1134 quod
1574 1095 1732 1134 ominum,
1756 1093 1840 1134 quod

1070 1157 1133 1178 non
1146 1150 1279 1187 possunt
1295 1148 1435 1187 praecisi,
1452 1148 1527 1187 quia
1547 1150 1594 1178 est
1608 1149 1840 1178 sacramentum

1071 1201 1211 1237 unionis,
1223 1200 1391 1231 dicendum
1407 1200 1493 1240 quod
1508 1202 1741 1231 sacramentum
1752 1200 1842 1230 unio-

1071 1253 1120 1282 nis
1143 1256 1189 1283 est
1212 1254 1332 1283 ratione
1352 1253 1547 1290 efficientiae,
1573 1256 1604 1283 et
1631 1253 1752 1292 praecisi
1774 1252 1843 1282 sine

1071 1306 1209 1336 efficacia
1221 1309 1251 1336 et
1266 1307 1370 1337 fructu
1386 1306 1567 1336 conficiunt.

1112 1361 1140 1389 7.
1158 1359 1204 1389 Ad
1221 1358 1297 1389 illud
1314 1358 1399 1398 quod
1415 1358 1573 1398 objicitur,
1589 1358 1674 1397 quod
1690 1366 1755 1388 non
1769 1367 1840 1397 pos-

1072 1414 1146 1442 sunt
1161 1412 1296 1450 solvere‚
1310 1411 1477 1442 dicendum
1490 1411 1573 1450 quod
1586 1420 1650 1441 non
1664 1413 1711 1441 est
1727 1410 1840 1447 simile,

1072 1463 1147 1502 quia
1170 1465 1305 1502 potestas
1326 1462 1468 1492 solvendi
1490 1465 1536 1493 est
1557 1464 1693 1502 potestas
1711 1461 1750 1492 ad
1767 1461 1842 1492 altc-

1074 1525 1147 1546 rum
1162 1516 1322 1551 ordinata,
1339 1524 1412 1555 quae
1435 1524 1498 1546 non
1512 1518 1637 1546 tantum
1658 1515 1797 1546 consistit
1812 1515 1845 1545 in

1074 1569 1194 1605 ordine,
1210 1569 1262 1598 sed
1278 1568 1310 1598 in
1322 1568 1552 1607 jurisdictione,
1564 1577 1661 1608 quam
1674 1577 1738 1599 non
1753 1568 1846 1599 habet

1074 1621 1252 1652 haereticus.

1114 1676 1144 1705 8.
1163 1674 1212 1705 Ad
1232 1674 1309 1704 iliud
1324 1673 1410 1713 quod
1430 1674 1590 1711 objicitur,
1609 1673 1692 1713 quod
1717 1673 1846 1713 privile-

1075 1728 1167 1768 gium
1182 1727 1273 1758 debet
1283 1728 1438 1763 amittere,
1450 1726 1619 1757 dicendum
1629 1726 1714 1766 quod
1728 1725 1846 1766 dignus

1075 1784 1121 1812 est
1137 1781 1175 1812 de
1191 1790 1241 1817 se;
1259 1780 1313 1810 sed
1332 1782 1438 1810 tamen
1457 1778 1511 1810 Dei
1530 1779 1661 1818 largitas
1684 1788 1748 1810 non
1767 1779 1846 1810 sub-

1074 1834 1172 1865 trahit
1186 1833 1270 1873 quod
1284 1832 1437 1872 imprimit
1452 1834 1488 1862 ut
1503 1835 1710 1872 perpetuum:
1727 1834 1758 1863 et
1771 1832 1847 1872 quia

1074 1888 1148 1919 talis
1162 1889 1209 1918 est
1223 1887 1385 1918 character
1408 1885 1608 1916 sacerdotaiis
1620 1910 1628 1923 ‚
1649 1885 1720 1916 ideo
1742 1887 1848 1916 manet

1075 1941 1113 1972 ad
1136 1940 1253 1971 divinae
1276 1939 1432 1978 largitatis
1455 1938 1592 1977 gloriam
1609 1962 1616 1975 ,
1644 1938 1847 1969 etmalorum

1076 1995 1261 2034 perpetuam
1275 1992 1512 2023 damnationem
1525 1994 1556 2022 et
1571 1991 1783 2030 ignominiam
1793 2014 1802 2029 ,
1818 1993 1849 2022 et

1075 2056 1132 2087 per
1145 2054 1338 2086 consequens
1352 2045 1391 2076 ad
1406 2044 1670 2075 manifestandam
1685 2043 1738 2075 Dei
1752 2044 1846 2084 Justi-

1076 2100 1163 2131 tiam.

1116 2156 1146 2185 9.
1163 2153 1210 2184 Ad
1226 2153 1302 2184 illud
1316 2152 1400 2192 quod
1417 2151 1580 2191 objicitur,
1601 2151 1685 2191 quod
1705 2150 1850 2191 superior

1076 2209 1213 2247 potestas
1234 2208 1336 2245 potest
1352 2205 1497 2236 cohihere
1521 2204 1722 2241 inferiorem,
1743 2203 1848 2234 dicen-

1077 2260 1153 2290 dum
1170 2258 1254 2298 quod
1269 2257 1445 2288 secundum
1467 2257 1544 2288 illud
1560 2259 1661 2297 potest
1681 2256 1828 2287 cohibere
1839 2279 1848 2293 ‚

1078 2312 1251 2342 secundum
1267 2310 1351 2350 quod
1366 2310 1510 2350 superi0r
1523 2321 1529 2340 z
1547 2310 1602 2341 sed
1615 2319 1678 2341 non
1693 2311 1740 2341 est
1756 2317 1851 2349 supe-

1078 2366 1143 2396 rior
1155 2368 1311 2405 quantum
1321 2363 1360 2394 ad
1373 2365 1558 2403 potestatem
1569 2362 1754 2394 conficiendi
1761 2372 1769 2400 ;
1785 2369 1850 2392 om—

1080 2427 1136 2450 nes
1150 2418 1236 2449 enim
1252 2417 1428 2449 sacerdotes
1443 2416 1608 2457 aequaliter
1621 2418 1754 2457 possunt
1774 2423 1848 2446 con·

1079 2472 1183 2503 ficere.
1200 2470 1262 2502 Sed
1284 2472 1440 2511 quantum
1459 2470 1499 2500 ad
1513 2469 1662 2507 debitam,
1678 2471 1709 2500 et
1722 2467 1848 2499 ordina-

1080 2560 1133 2577 non
1148 2553 1173 2576 in
1191 2552 1370 2579 sacramentis,
1390 2558 1446 2582 quae
1464 2550 1616 2580 ubicumque
1631 2551 1698 2579 sunt,
1713 2549 1768 2579 ipsa
1782 2552 1849 2573 sunt..

1083 2603 1108 2607 -
1124 2588 1155 2619 (b)
1172 2590 1231 2613 coet.
1246 2587 1306 2612 edit.
1323 2587 1390 2611 deest
1404 2586 1497 2617 posito.
