2017 2948
590 197 687 230 DIST.
710 195 842 228 XXXIII.
865 195 955 227 ART.
980 196 1003 226 1.
1027 196 1175 233 QUAEST.
1201 199 1238 229 11.

125 264 296 296 informant
325 268 356 296 et
380 265 560 305 perficiunt,
588 267 618 295 et
642 273 682 296 ex
711 263 889 293 diversitate

125 319 255 348 actuum
277 326 355 357 quos
370 318 510 355 eliciunt,
534 319 564 347 et
583 326 622 347 ex
638 317 814 347 diversitate
834 315 889 345 ob-

122 371 279 409 jectorum
305 371 343 401 ad
366 379 437 409 quae
454 370 658 406 ordinantur,
676 371 706 399 et
733 378 772 398 ex
793 369 893 398 diver-

127 423 218 454 sitate
232 424 409 454 mediorum
424 424 504 454 circa
515 432 588 463 quae.
604 423 792 459 consistunt,
810 425 840 452 et
854 431 893 452 ex

127 475 306 507 diversitate
331 476 482 506 vitiorum
506 476 721 515 oppositorum
740 484 812 514 quae
836 483 891 504 ex-

127 527 274 558 cludunt:
293 531 323 558 et
342 528 410 558 ideo
425 529 572 566 rationes,
589 537 661 567 quae
675 528 715 558 ad
728 528 810 558 hanc
827 537 895 567 par-

127 582 191 610 tem
206 580 411 619 inducuntur,
427 581 632 611 concedendae
649 583 733 618 sunt,
751 580 825 619 quia
845 589 895 610 ve-

126 642 200 664 rum
216 634 415 664 concludunt.

169 689 197 717 1.
213 686 261 717 Ad
281 686 359 717 illud
379 696 454 717 vero
475 687 559 721 Quod
577 687 680 727 primo
695 686 843 726 objicitur
862 686 895 715 in

129 741 333 779 contrarium,
347 742 432 781 quod
443 741 543 772 virtus
554 750 618 771 non
632 742 677 771 est
691 740 787 776 aliud,
799 749 895 779 quam

129 795 262 827 variatio
289 796 419 826 affectus
451 797 567 826 amoris
578 820 585 833 ,
615 795 784 826 dicendum
812 794 897 834 quod

115 848 331 887 .Augustinus
341 848 483 887 loquitur
498 849 541 878 ibi
556 848 594 879 de
610 848 781 879 virtutibus
793 847 896 877 cardi-

127 900 252 931 nalibus
277 901 450 931 secundum
476 901 561 940 quod
585 900 693 931 reduci
717 900 833 929 habent
858 899 895 929 ad

127 961 226 983 unam
245 954 382 984 radicem
403 954 577 990 charitatis,
594 962 649 993 per
664 961 760 992 quam
780 952 898 982 habent

127 1006 297 1045 perfectam
316 1006 545 1037 ordinationem
566 1006 604 1036 ad
620 1006 725 1045 ipsum
740 1004 851 1040 Deum,
868 1006 899 1034 et

128 1067 166 1089 ex
179 1059 238 1089 hoc
249 1059 425 1089 sortiuntur
438 1059 611 1098 quamdam
625 1058 855 1088 connexionem
869 1058 900 1087 et

128 1111 281 1142 unitatem
298 1122 304 1141 ς
322 1114 351 1141 et
371 1112 431 1142 hoc
449 1113 531 1151 patet
546 1121 601 1150 per
617 1111 753 1141 litteram
769 1118 900 1149 sequen-

132 1166 208 1201 tem,
225 1173 287 1204 qua
301 1164 456 1195 diffiniens
469 1164 710 1203 temperantiam
725 1163 818 1194 dicit:
836 1174 849 1191 z<
862 1161 901 1192 Ut

133 1216 373 1256 temperantiam
407 1216 550 1246 dicamus
575 1225 642 1247 esse
669 1224 811 1246 amorem
839 1215 901 1245 Deo

133 1277 199 1298 sese
220 1269 382 1307 integrum
401 1269 685 1309 incorruptumque
702 1270 899 1304 servantem;

135 1323 362 1360 fortitudinem,
379 1332 518 1353 amorem
539 1324 646 1354 omnia
662 1326 788 1363 propter
803 1322 901 1352 Deum

135 1376 224 1406 facile
247 1376 476 1415 perferentem:
500 1378 531 1406 et
559 1377 602 1406 sic
626 1377 663 1407 de
686 1376 795 1406 aliis.»
822 1374 904 1405 Talis

137 1432 244 1460 autem
256 1430 365 1470 relatio
380 1431 608 1470 temperantiae,
621 1433 651 1461 et
665 1430 856 1461 fortitudinis
873 1430 904 1459 in

137 1483 237 1513 Deum
259 1492 314 1522 per
331 1492 472 1513 amorem
487 1492 553 1513 non
567 1486 614 1513 est
628 1484 783 1514 virtutum
802 1482 905 1513 cardi-

137 1533 272 1570 nalium,
288 1533 349 1563 nisi
364 1534 397 1563 in
412 1537 569 1573 quantum
584 1543 603 1564 a
619 1534 770 1563 charitate
785 1540 905 1571 regun-

138 1588 201 1623 tur,
217 1588 247 1616 et
261 1585 483 1623 informantur,
501 1588 531 1616 et
545 1588 761 1625 temperantur
778 1596 784 1615 t
803 1588 833 1615 et
847 1585 906 1615 hoc

139 1638 233 1669 modo
259 1647 372 1668 verum
399 1641 455 1676 est,
484 1639 567 1678 quod
593 1639 710 1669 habent
736 1638 907 1678 quamdam

139 1691 294 1721 unitatem
308 1691 429 1721 ratione
442 1692 539 1721 unius
552 1692 682 1722 motoris
695 1702 701 1721 :
717 1691 770 1721 sed
780 1694 908 1730 propter

139 1743 200 1774 hoc
222 1752 286 1774 non
303 1743 457 1783 sequitur,
474 1744 560 1783 quod
574 1753 638 1774 non
658 1744 909 1774 diversificentur

140 1796 275 1836 propriis
290 1796 409 1827 formis.

180 1851 210 1880 2.
226 1849 273 1880 Ad
289 1849 368 1880 illud
385 1849 468 1889 quod
483 1849 643 1889 objicitur,
655 1849 740 1889 quod
753 1849 854 1880 virtus
865 1852 911 1880 est

142 1902 303 1942 aequalitas
318 1902 393 1933 vitae
408 1902 550 1941 undique
565 1902 679 1932 rationi
701 1902 909 1940 consentiens,

142 1955 309 1985 dicendum
329 1955 414 1994 quod
431 1964 488 1994 per
504 1955 576 1993 hoc,
590 1955 675 1995 quod
690 1958 736 1985 est
755 1955 909 1994 undique,

143 2009 243 2046 potest
268 2007 434 2046 dupliciter
459 2007 605 2046 intelligi,
625 2007 709 2046 quod
731 2007 785 2037 fiat
807 2007 911 2037 distri-

85 2086 89 2090 .
143 2060 230 2090 butio
247 2070 254 2090 z
271 2062 326 2090 aut
347 2060 391 2090 ita
408 2060 492 2099 quod
506 2060 575 2098 hoc,
592 2060 677 2099 quod
693 2062 740 2090 est
760 2060 910 2099 undique,

144 2112 312 2143 distribuat
327 2122 385 2152 pro
397 2113 522 2143 duabus
533 2113 785 2143 extremitatibus
799 2113 913 2143 consis-

86 2177 89 2180 ’
145 2165 283 2196 tentibus
311 2166 393 2196 circa
415 2166 625 2203 medietatem,
649 2168 679 2196 et
703 2166 746 2196 sic
767 2166 914 2197 convenit

145 2217 274 2248 cuilibet
288 2218 400 2249 virtuti
417 2218 566 2249 cardinali
581 2227 636 2258 per
646 2228 689 2256 se,
703 2218 778 2258 quia
787 2227 845 2249 nec
859 2219 913 2249 de-

145 2271 239 2301 clinat
261 2271 300 2301 ad
323 2272 535 2311 superfluum,
559 2281 617 2302 nec
635 2272 674 2302 ad
697 2271 891 2302 diminutum
903 2280 912 2310 ;

146 2323 207 2353 alio
222 2323 315 2353 modo
330 2323 400 2360 hoc,
415 2324 499 2363 quod
512 2327 558 2354 est
570 2324 725 2363 undique,
741 2326 842 2363 potest
856 2325 916 2355 dis-

146 2375 284 2405 tribuere
308 2384 363 2414 pro
383 2376 531 2406 omnibus
545 2377 688 2416 partibus
711 2376 916 2407 rationalibus

147 2427 272 2464 animae,
294 2431 325 2457 et
345 2429 420 2457 tunc
440 2437 504 2459 non
523 2429 670 2469 competit
687 2429 781 2459 alicui
805 2430 915 2460 virtuti

147 2479 297 2511 cardinali
322 2479 480 2518 absolute,
505 2481 559 2511 sed
581 2482 614 2511 in
640 2484 797 2521 quantum
822 2482 916 2512 habet

148 2532 378 2563 connexionem
394 2541 467 2562 cum
481 2533 553 2563 alia.
564 2533 602 2565 Et
616 2543 656 2565 ex
668 2534 728 2565 hoc
738 2544 803 2566 non
816 2537 917 2574 potest

147 2584 305 2623 concludi,
320 2585 405 2625 quod
427 2594 538 2616 omnes
551 2586 683 2617 virtutes
700 2587 764 2618 sint
785 2596 850 2618 una
866 2596 915 2618 es-

149 2638 338 2675 sentialiter;
362 2637 416 2669 sed
441 2639 526 2678 quod
547 2641 677 2678 possunt
693 2640 752 2670 dici
774 2650 839 2672 una
860 2650 917 2680 per

1673 209 1707 239 51

946 263 1117 301 quamdam
1140 265 1368 298 connexionem
1384 270 1413 299 et
1432 273 1710 314 aggregationem,

946 315 1027 345 sicut
1048 324 1158 346 omnes
1179 319 1325 356 potentiae
1338 321 1465 359 animae,
1481 327 1629 363 quamvis
1651 328 1713 358 sint

947 368 1089 406 diversa),
1108 370 1183 400 dant
1199 372 1302 402 tamen
1317 373 1374 412 ipsi
1390 376 1504 407 animae
1520 387 1620 410 unum
1638 382 1714 412 inte-

947 430 1043 460 grum
1065 432 1165 461 posse,
1186 423 1228 454 ita
1250 425 1334 464 quod
1356 436 1420 458 una
1442 428 1509 460 sine
1530 431 1627 462 altera
1650 443 1713 466 non

948 476 1051 512 posset
1070 475 1209 506 animam
1225 478 1324 508 facere
1343 482 1501 518 potentem
1520 494 1526 513 z
1545 484 1587 514 sic
1604 484 1715 516 intelli-

948 527 1090 565 gendum
1100 530 1145 558 est
1156 529 1192 560 de
1201 530 1380 569 {equalitate
1389 533 1473 572 vitae,
1488 544 1561 574 quae
1576 538 1716 569 consistit

948 589 1044 619 penes
1066 590 1162 612 unam
1181 583 1330 614 virtutem
1351 587 1592 628 particulariter,
1620 600 1716 630 penes

950 636 1055 664 autem
1076 643 1186 665 omnes
1209 637 1350 668 consistit
1369 638 1494 678 integre
1515 644 1546 672 et
1569 644 1714 682 perfecte.

991 689 1019 717 3.
1035 687 1083 717 Ad
1100 687 1177 718 illud
1194 689 1277 728 quod
1292 690 1450 730 objicitur,
1464 695 1549 733 quod
1569 705 1632 727 una
1651 698 1717 728 vir-

950 743 1001 772 tus
1029 742 1212 773 denominat
1236 743 1346 780 aliam,
1371 746 1540 779 dicendum
1563 752 1646 790 quod
1672 756 1719 784 est

951 795 1131 833 praedicatio
1149 796 1329 836 multiplex,
1345 798 1488 830 videlicet
1502 810 1559 840 per
1577 813 1717 844 causam,

951 849 981 876 et
999 856 1055 886 per
1070 848 1250 886 essentiam,
1265 852 1296 879 et
1309 858 1365 888 per
1380 854 1665 888 concomitantiam.
1682 858 1720 889 Et

951 908 1024 929 cum
1046 900 1161 930 dicitur
1184 901 1268 939 quod
1282 911 1347 932 una
1362 903 1464 935 virtus
1477 906 1662 940 denominat
1679 912 1721 941 al-

952 954 1063 988 teram,
1080 952 1140 982 hoc
1154 962 1217 983 non
1232 956 1278 984 est
1291 957 1418 994 propter
1435 959 1633 991 essentialem
1651 972 1722 994 con-

952 1005 1161 1043 venientiam,
1181 1006 1233 1036 sed
1246 1006 1306 1037 hoc
1328 1010 1374 1037 est
1396 1012 1523 1049 propter
1547 1012 1618 1051 hoc,
1638 1016 1723 1054 quod

953 1059 1205 1089 concomitantur
1218 1069 1251 1090 se
1261 1060 1342 1091 circa
1356 1071 1458 1093 unum
1471 1065 1586 1096 animae
1602 1068 1724 1107 subjec-

953 1113 1035 1146 tum,
1056 1115 1086 1142 et
1105 1111 1186 1142 circa
1204 1113 1370 1152 potentias,
1386 1124 1459 1154 quae
1479 1126 1513 1147 se
1534 1121 1647 1150 mutuo
1668 1121 1725 1152 cir-

955 1165 1192 1195 cumincedunt.
1212 1165 1249 1195 Et
1263 1166 1289 1195 si
1305 1168 1339 1196 tu
1354 1167 1494 1207 oinciaS,
1515 1172 1600 1210 quod
1617 1182 1726 1205 conco-

956 1216 1101 1248 mitantia
1125 1226 1190 1247 non
1218 1218 1343 1255 sufficit,
1365 1221 1440 1259 quia
1460 1231 1523 1253 non
1546 1226 1727 1258 conceditur

957 1269 1041 1308 quod
1061 1270 1181 1300 musica
1197 1272 1243 1300 est
1262 1271 1343 1309 alba,
1361 1272 1528 1305 dicendum
1543 1278 1627 1316 quod
1650 1287 1725 1309 con-

958 1322 1141 1352 comitantia
1161 1331 1226 1353 non
1245 1324 1359 1354 sufficit
1373 1325 1565 1366 simpliciter,
1586 1331 1639 1361 sed
1657 1340 1727 1362 con·

959 1375 1140 1405 comitantia
1169 1385 1242 1406 cum
1270 1376 1468 1416 simplicitate
1494 1381 1643 1421 subjecti,
1673 1394 1729 1424 per

960 1436 1057 1466 quam
1079 1427 1259 1466 subjectum
1280 1431 1381 1468 potest
1400 1431 1559 1463 reflectere
1578 1443 1610 1465 se
1635 1445 1730 1476 super

961 1489 1005 1515 se,
1021 1482 1051 1509 et
1064 1489 1159 1519 super
1171 1489 1265 1511 omne
1279 1481 1367 1520 illud,
1380 1484 1466 1522 quod
1478 1487 1525 1515 est
1538 1485 1570 1516 in
1582 1496 1633 1518 se:
1648 1489 1730 1520 sicut

962 1534 1064 1571 patet,
1093 1533 1171 1571 quia
1198 1533 1305 1564 anima
1332 1535 1522 1568 intellectiva
1549 1539 1731 1580 simpliciter

962 1585 1063 1623 potest
1082 1593 1115 1614 se
1128 1588 1310 1616 convertere
1328 1596 1423 1627 super
1442 1597 1475 1619 se
1494 1599 1549 1629 per
1563 1594 1669 1624 actum
1687 1594 1733 1626 in-

963 1637 1137 1677 telligendi,
1156 1640 1185 1668 et
1203 1640 1346 1671 similiter
1368 1651 1423 1681 per
1440 1645 1547 1675 actum
1566 1646 1729 1686 diligendi.

963 1690 1002 1720 Et
1020 1690 1094 1720 hinc
1111 1692 1254 1731 estquod
1266 1692 1399 1724 virtutes
1410 1695 1443 1725 in
1457 1696 1572 1728 talibus
1586 1701 1733 1738 potentiis

964 1743 1133 1773 existentes
1158 1747 1289 1783 possunt
1311 1755 1344 1776 se
1368 1750 1480 1779 mutuo
1502 1750 1731 1784 denominare:

965 1799 996 1826 et
1015 1796 1084 1826 ideo
1104 1805 1168 1826 non
1187 1799 1233 1827 est
1253 1798 1354 1829 simile
1372 1799 1409 1830 de
1428 1802 1578 1833 omnibus
1600 1805 1734 1844 actibus,

966 1849 1016 1879 vel
1035 1849 1256 1883 accidentibus,
1275 1851 1398 1882 etiamsi
1415 1852 1497 1884 circa
1511 1855 1594 1886 idem
1613 1858 1736 1898 subjec-

966 1902 1036 1931 tum
1053 1900 1189 1931 habeant
1203 1902 1381 1934 consistere.

1007 1958 1037 1985 4.
1050 1954 1096 1985 Ad
1110 1954 1186 1984 illud
1198 1955 1283 1994 quod
1292 1956 1451 1996 objicitur,
1460 1960 1546 1998 quod
1555 1962 1659 1992 omnis
1672 1972 1736 1994 car-

968 2007 1081 2037 dinalis
1098 2007 1201 2037 virtus
1222 2010 1269 2038 est
1288 2009 1435 2048 quaedam
1458 2012 1629 2044 voluntatis
1647 2016 1736 2047 recti-

969 2059 1055 2097 tudo,
1080 2059 1123 2089 ita
1148 2060 1234 2099 quod
1257 2061 1360 2091 omnis
1379 2061 1481 2093 virtus
1503 2065 1669 2098 cardinalis
1692 2071 1738 2099 est

966 2113 1106 2151 justitia,
1130 2112 1299 2143 dicendum
1321 2115 1405 2153 quod
1423 2116 1545 2154 Justitia
1571 2119 1738 2159 dupliciter

970 2165 1121 2204 accipitur
1138 2176 1144 2194 :
1162 2166 1237 2204 quia
1255 2169 1301 2196 est
1315 2168 1441 2206 Justitia
1462 2172 1630 2211 generalis,
1647 2176 1678 2204 et
1692 2177 1739 2205 est

967 2218 1089 2257 justitia
1112 2218 1264 2257 specialis.
1285 2218 1323 2249 Et
1337 2221 1461 2259 Justitia
1483 2225 1642 2261 generalis
1657 2236 1740 2258 com-

972 2270 1117 2309 plectitur
1132 2279 1242 2301 omnes
1258 2272 1390 2303 virtutes
1404 2283 1468 2305 non
1483 2276 1586 2307 solum
1601 2280 1741 2312 cardina-

971 2323 1025 2359 les,
1043 2322 1096 2353 sed
1111 2322 1205 2353 etiam
1220 2323 1425 2364 theologicas.
1442 2327 1567 2360 Justitia
1577 2340 1652 2362 vero
1668 2341 1739 2371 spe-

971 2375 1058 2406 cialis
1079 2384 1144 2405 non
1161 2378 1207 2406 est
1224 2377 1406 2416 simpliciter
1419 2381 1575 2413 rectitudo
1593 2384 1740 2415 volunta-

973 2429 1022 2466 tis,
1050 2428 1102 2458 sed
1136 2429 1291 2460 rectitudo
1318 2431 1489 2463 voluntatis
1518 2435 1668 2466 ordinans
1702 2436 1741 2467 ad

973 2482 1108 2513 alterum
1126 2492 1132 2511 :
1150 2484 1180 2512 et
1204 2483 1274 2513 haec
1290 2492 1355 2514 non
1370 2486 1520 2525 competit
1539 2488 1666 2519 cuilibet
1682 2489 1743 2520 vir-

973 2535 1033 2565 tuti
1064 2534 1214 2565 cardinali
1235 2545 1243 2566 :
1263 2538 1293 2566 et
1316 2539 1480 2576 propterea
1506 2547 1571 2570 non
1599 2540 1743 2580 sequitur

973 2587 1057 2626 quod
1075 2587 1247 2618 cardinales
1262 2589 1395 2619 virtutes
1408 2598 1472 2620 non
1491 2590 1628 2623 habeant
1642 2593 1683 2625 ab
1697 2594 1744 2625 in·

977 2640 1078 2670 vicem
1092 2639 1257 2678 distingui.
