2017 2948
608 145 703 176 DIST.
726 144 871 175 XXXVII.
895 141 986 173 ART.
1010 144 1033 174 Ι.
1055 144 1205 180 QUAEST.
1231 145 1282 175 ΙΙΙ.
1684 154 1741 182 165

151 209 190 240 ad
205 211 399 250 proximum,
415 213 617 251 obligabatur
632 212 792 252 implicite,
809 219 866 250 pro
883 219 919 241 eo

151 262 234 302 quod
258 265 426 295 necessitas
442 265 618 304 explicandi
634 265 781 295 mandata
797 264 850 293 illa
865 272 917 293 or-

150 317 219 345 tum
233 316 344 346 habuit
353 326 391 347 ex
405 318 569 358 multiplici
583 318 830 355 deordinatione,
848 326 919 356 quae

150 369 317 399 subsecuta
340 372 385 400 est
409 380 449 400 cx
472 371 574 410 prima
600 371 859 410 transgressione.
884 369 921 399 Et

152 421 229 452 illud
253 423 358 462 colligi
379 426 479 463 potest
499 434 539 455 ex
562 434 599 455 eo
619 425 703 465 quod
727 425 860 461 dicitur,
877 424 920 454 10-

151 476 276 514 quendo
284 476 321 515 (α)
331 477 368 507 (10
377 477 514 508 hominis
525 479 716 509 conditione¹
728 489 734 507 ε
750 478 919 509 8011511110-

149 527 249 567 plevit
263 537 314 559 001·
328 529 465 567 illorum,
490 534 518 562 et
539 531 623 562 mala
639 534 667 562 cc
688 531 767 562 bona
783 531 920 562 ostendit

151 582 235 614 illis,
251 584 359 621 posuit
372 583 475 615 oculos
489 585 630 623 ipsormn
646 591 740 623 super
756 583 851 615 corda
867 585 918 622 ip-

151 642 278 672 sorum,
305 638 376 673 etc„
394 646 495 675 usque
516 637 557 666 ibi
577 648 583 666 :
602 637 762 668 Attendite
780 637 818 667 ab
834 637 921 667 omni

153 688 285 726 iniquo:
305 691 333 720 et
350 689 518 721 mandavit
531 690 597 721 illes
613 691 785 729 unicuique
799 689 837 721 de
846 698 920 729 pro-

152 741 241 771 ximo
264 749 341 776 sm,-
357 742 411 771 ubi
428 742 588 781 colligitur
604 744 750 782 explicita
770 743 921 781 obligatio

152 793 290 823 hominis
302 797 447 833 respectu
468 795 571 825 cultus
589 796 689 826 divini
701 819 710 833 ,
726 798 756 826 et
771 796 922 835 implicita

151 849 295 886 respectu
313 849 450 879 vitandae
480 849 616 879 laesionis
641 850 740 889 ipsius
754 850 892 889 proximi
912 860 918 878 z

153 901 326 931 secundum
348 902 407 932 hoc
426 902 526 941 igitur
546 904 646 942 patet,
662 903 746 942 quod
771 902 922 941 obligatio

153 954 375 984 mandatorum
399 955 545 994 Decalogi
571 955 748 985 radicaliter
778 955 920 994 sequitur

153 1006 258 1045 legem
275 1009 416 1045 naturae3
439 1008 493 1038 sed
516 1011 671 1047 quantum
687 1008 725 1037 ad
741 1007 922 1047 explicatio-

154 1069 228 1090 nem
253 1061 397 1100 sequitur
418 1061 523 1099 legem
549 1060 731 1101 Scripturae.
752 1059 924 1100 Explicatio

156 1113 240 1143 enim
256 1113 476 1143 mandatorum
493 1113 633 1153 plenaria
648 1114 793 1152 Decalogi
809 1122 921 1153 oppor-

156 1168 233 1196 tuna
249 1167 306 1196 fuit
327 1167 501 1197 secundum
523 1169 639 1197 statum
662 1167 779 1206 peccati
800 1169 926 1206 propter

156 1219 408 1249 obscurationem
430 1219 561 1249 luminis
578 1220 726 1257 rationis,
746 1222 776 1249 et
799 1221 926 1258 propter

157 1271 402 1311 obliquationem
411 1272 591 1303 voluntatis.
609 1272 690 1309 Quia
703 1273 790 1303 enim
806 1272 925 1302 volun-

156 1327 204 1355 tas
227 1328 375 1364 corrupta
396 1329 542 1365 prompta
566 1328 632 1356 crat
658 1326 696 1356 ad
721 1325 927 1364 multiplicem

158 1376 428 1420 deordinationem
443 1401 450 1413 ‚
464 1377 628 1416 oportebat
644 1386 713 1407 eam
728 1376 858 1415 religari
872 1385 928 1415 per

158 1428 344 1468 multiplicia
352 1429 509 1460 mandata.
524 1429 654 1467 Rursus,
668 1430 820 1469 quoniam
830 1430 928 1469 scrip-

158 1484 230 1512 tura
254 1483 355 1512 cordis
377 1482 508 1512 interior
526 1485 654 1522 propter
673 1484 835 1522 peccatum
859 1484 925 1512 erat

160 1535 358 1573 obnubilata,
378 1538 408 1566 et
429 1536 525 1566 homo
538 1560 545 1572 ‚
572 1536 626 1576 qui
647 1537 750 1566 fuerat
774 1535 927 1575 spirituali

159 1590 264 1618 mente
290 1588 457 1628 praeditus,
484 1588 614 1619 effectus
632 1590 699 1618 erat
721 1588 876 1618 sensibilis
899 1589 929 1617 et

160 1642 294 1672 carnalis
301 1665 311 1680 ,
323 1645 539 1682 opportunum
553 1645 620 1673 erat
634 1645 669 1672 ut
684 1642 823 1673 exterius
837 1642 929 1679 lege—

159 1697 207 1726 ret
233 1698 263 1726 et
277 1696 400 1726 audiret
427 1705 483 1736 per
502 1705 610 1727 sensus
636 1696 775 1736 corporis
800 1704 837 1725 ea
852 1719 859 1732 ‚
874 1704 929 1735 per

161 1758 232 1788 quae
246 1750 350 1788 posset
363 1748 396 1778 iu
419 1749 638 1780 rectitudinem
654 1749 787 1788 justitiae
803 1748 928 1787 regula-

160 1802 199 1832 ri.
212 1801 250 1832 Et
268 1802 335 1832 ideo
348 1802 515 1841 explicatio
533 1804 564 1832 et
584 1802 743 1833 distinctio
764 1802 927 1833 mandato-

161 1865 234 1887 rum
250 1856 395 1895 Decalogi
412 1858 569 1896 spectabat
583 1858 621 1888 ad
636 1858 742 1896 legem
755 1858 904 1896 scriptam
918 1881 926 1894 ,

162 1909 310 1949 quamvis
323 1909 474 1947 obligatio
494 1913 646 1949 spectaret
663 1911 703 1941 ad
726 1911 833 1949 legem
851 1911 929 1940 indi-

163 1965 243 2001 tam,
264 1964 344 1993 sicut
366 1964 502 1994 rationes
524 1964 562 1993 ad
586 1964 722 2003 primam
744 1966 865 2003 partem
882 1964 928 1993 in-

159 2016 261 2047 ductae
290 2017 459 2047 ostendunt
478 2028 485 2053 3
516 2026 589 2056 quae
618 2017 744 2047 concedi
772 2018 925 2056 possunt,

156 2070 305 2109 quoniam
320 2079 434 2101 verum
449 2070 652 2100 concludunt.

197 2125 224 2152 ¹.
242 2122 289 2152 Ad
304 2122 381 2153 illud
395 2131 484 2161 ergo,
501 2123 586 2162 quod
609 2123 711 2162 primo
729 2123 876 2161 objicitur
893 2123 925 2152 111

156 2176 360 2212 contrarium,
377 2176 460 2214 quod
474 2176 571 2206 verba
581 2176 727 2215 Decalogi
740 2176 847 2206 audita
863 2177 926 2206 fue-

156 2231 231 2258 runt
244 2229 275 2258 in
291 2228 414 2259 datione
428 2229 522 2267 legis,
545 2230 613 2268 jam
629 2231 713 2269 patet
734 2230 897 2268 responsio
916 2240 922 2259 :

157 2281 231 2321 quia
246 2281 305 2311 hoc
318 2290 382 2311 non
403 2284 469 2312 erat
485 2284 612 2322 propter
636 2283 849 2313 inducendum
869 2292 927 2313 no-

158 2344 231 2365 vam
247 2334 484 2372 obligationem,
500 2335 553 2365 sed
567 2336 672 2374 potius
686 2338 814 2375 propter
829 2338 926 2375 ipsius

158 2387 358 2426 obligationis
393 2387 633 2426 explicationem
645 2412 652 2425 ,
689 2398 761 2428 quae
796 2390 924 2428 quidem

159 2440 335 2470 neccssaria
350 2442 416 2470 erat
432 2443 557 2479 propter
578 2442 691 2480 peccati
715 2442 926 2474 obnubilatio-

159 2502 244 2524 nem.

199 2548 229 2576 2.
246 2546 294 2577 Ad
308 2546 385 2577 illud
400 2556 476 2577 vero
486 2547 568 2586 quod
585 2547 731 2586 objicitur
746 2549 784 2580 de
794 2549 927 2580 auctori-

190 2608 287 2638 ¹Ecclzss,
299 2614 364 2638 11111,
373 2611 468 2633 ὓ·12.-
479 2612 486 2622 -’
497 2609 574 2640 Rom„
590 2611 705 2639 111,20.—
716 2611 747 2642 (a)
760 2611 924 2643 Al.loquens.

975 212 1037 241 tate
1051 211 1206 250 Apostoli,
1224 212 1307 251 quod
1323 215 1608 253 concupiscentiam
1623 218 1742 248 nescie-

975 264 1025 293 bat
1041 273 1108 294 esse
1122 266 1294 303 peccatum,
1315 267 1414 304 potest
1427 267 1487 297 dici
1503 270 1587 307 quod
1603 270 1744 310 loquitur

974 316 1006 346 in
1023 326 1155 356 persona
1169 318 1307 347 1100111115
1332 319 1464 349 carnalis
1482 331 1487 350 ;
1505 324 1559 351 aut
1583 325 1664 353 certe
1683 323 1743 354 hoc

975 370 1057 407 dicit,
1076 371 1151 410 qnia
1164 371 1219 401 etsi
1232 372 1338 411 aliquo
1350 373 1443 403 modo
1458 377 1562 404 nosset
1572 384 1628 414 per
1638 376 1742 415 legem

974 426 1097 453 naturae
1122 424 1154 453 111
1177 425 1330 462 generali,
1354 434 1417 455 nou
1439 428 1593 457 tamenin
1618 429 1743 467 speciali

975 477 1193 515 cognoscebat,
1211 477 1272 507 nisi
1288 488 1342 517 per
1358 478 1463 517 legem
1480 480 1629 519 scriptam
1658 480 1744 511 Unde

974 528 1105 568 ipsemet
1121 530 1203 560 idem
1218 530 1303 567 dicit,
1320 531 1402 570 quod
1415 535 1424 550 ‘2
1447 541 1502 570 per
1518 533 1611 572 [oyem
1631 536 1677 563 est
1692 542 1741 565 co-

974 583 1076 620 qnt'tz'o
1090 584 1221 621 peccati.
1249 584 1415 623 Propterea
1430 594 1469 615 ex
1490 586 1587 616 verbo
1607 586 1659 615 illo
1679 595 1743 617 0011

974 634 1119 671 babetur,
1137 636 1219 675 quod
1244 637 1393 675 obligatio
1409 638 1591 677 hujusmodi
1612 639 1741 669 manda-

975 690 1081 718 torum
1097 692 1201 719 ortum
1216 690 1330 720 habeat
1345 700 1363 720 a
1377 691 1447 729 lege
1468 691 1597 730 scripta;
1623 692 1676 722 sed
1691 701 1744 722 50-

975 740 1041 771 11101
1065 742 1149 780 (1110(1
1173 742 1270 781 ipsius
1293 744 1497 782 obligationis
1521 744 1687 784 explicatio
1713 744 1745 775 111

975 794 1048 833 lege
1063 795 1115 825 illa
1131 795 1170 825 sit
1182 796 1272 826 facta.

1017 849 1045 877 3.
1063 847 1109 877 Ad
1126 848 1202 878 illud
1219 849 1303 887 quod
1319 850 1475 889 objicitur⁷
1494 851 1578 890 quod
1598 860 1645 889 ea,
1671 861 1744 891 quae

978 903 1052 930 sunt
1067 901 1104 930 de
1119 901 1285 931 dictamine
1300 902 1380 941 legis
1395 906 1528 941 naturae,
1551 905 1744 935 conveniunt

978 953 1072 982 statui
1096 953 1299 991 inuocentiae,
1332 955 1500 986 dicendum
1524 957 1608 996 quod
1634 967 1748 987 verum

979 1007 1023 1035 est
1038 1006 1075 1035 de
1091 1006 1151 1043 his,
1169 1016 1241 1046 (1οῶ
1257 1010 1330 1037 sunt
1345 1008 1383 1038 de
1407 1009 1574 1039 dictamine
1595 1009 1676 1049 legis
1690 1019 1749 1040 na-

978 1060 1059 1088 tura}
1075 1059 1106 1088 in
1122 1060 1264 1098 speciali3
1292 1070 1363 1099 quae
1385 1064 1491 1092 autem
1506 1065 1579 1092 sunt
1599 1063 1636 1093 ‹le
1652 1064 1748 1094 dicta-

980 1112 1065 1141 mine
1090 1112 1171 1150 legis
1191 1115 1314 1143 naturae
1337 1114 1371 1143 in
1387 1115 1526 1152 generali
1543 1118 1573 1145 et
1588 1116 1749 1155 implicite,

980 1165 1024 1194 illi
1039 1166 1134 1195 statui
1150 1175 1211 1195 11011
1235 1166 1354 1196 habent
1378 1168 1546 1198 convenire
1568 1169 1628 1198 nisi
1644 1169 1749 1208 impli-

981 1218 1039 1248 cite
1055 1229 1061 1248 :
1079 1221 1107 1248 et
1123 1219 1183 1248 hoc
1200 1220 1292 1249 modo
1307 1220 1342 1249 ad
1360 1220 1449 1250 illum
1466 1222 1648 1260 spectabant
1662 1231 1750 1252 man-

981 1271 1053 1301 data
1067 1273 1213 1302 secundm
1230 1273 1356 1303 tabnlae.

1022 1327 1051 1354 4.
1066 1325 1112 1354 Ad
1130 1325 1205 1354 illud
1222 1326 1305 1364 quod
1321 1326 1479 1364 objicitur,
1506 1327 1589 1366 quod
1606 1336 1652 1362 ea,
1680 1337 1753 1368 quae

982 1380 1054 1407 51101
1078 1378 1115 1408 (10
1139 1378 1306 1408 dictamine
1321 1379 1402 1417 legis
1416 1382 1550 1417 naturae,
1575 1384 1705 1411 manent
1721 1381 1755 1412 in

982 1433 1064 1460 statu
1088 1431 1217 1469 gloriae,
1240 1432 1421 1471 responderi
1450 1435 1551 1472 potest
1575 1433 1752 1473 dupliciter.

984 1484 1129 1514 Primum
1146 1485 1284 1524 quidem,
1312 1486 1387 1525 quia
1403 1486 1483 1516 sicut
1504 1486 1620 1516 dicitur
1635 1487 1672 1517 de
1687 1488 1753 1518 vir-

984 1537 1114 1575 tutibus,
1131 1538 1214 1577 quod
1239 1542 1387 1569 maneant
1402 1539 1435 1569 in
1458 1540 1559 1579 patria
1581 1541 1755 1572 secundum

983 1590 1220 1621 excellentiores
1246 1594 1276 1622 et
1300 1592 1469 1623 nobiliores
1493 1602 1570 1623 usus
1599 1595 1629 1624 et
1655 1596 1754 1632 001115,

984 1643 1029 1673 sic
1044 1644 1170 1674 concedi
1186 1647 1297 1684 potest,
1314 1646 1397 1685 quod
1419 1645 1601 1685 adimpletio
1623 1647 1754 1677 manda—

984 1700 1088 1727 torum
1105 1697 1250 1736 Dec-alogi
1272 1698 1359 1728 salva
1384 1699 1443 1728 erit
1464 1699 1496 1728 in
1517 1699 1629 1738 patria,
1654 1699 1755 1730 multo

984 1752 1090 1780 tamen
1106 1751 1252 1781 nobiliori
1267 1752 1519 1782 etexcellentiori
1534 1752 1640 1790 modo,
1657 1761 1755 1792 quam

984 1803 1025 1832 sit
1041 1803 1073 1833 in
1091 1803 1151 1839 via,
1166 1805 1340 1834 secundum
1365 1805 1449 1843 quod
1471 1805 1515 1834 ibi
1540 1805 1754 1836 excellentiori

985 1857 1078 1886 niodo
1092 1857 1288 1887 ordinabitur
1311 1860 1342 1887 et
1355 1858 1394 1888 ad
1408 1858 1518 1895 Deum,
1546 1861 1576 1888 et
1589 1859 1628 1888 ad
1644 1859 1753 1898 proxi-

984 1919 1084 1947 mum,
1102 1912 1131 1939 et
1146 1911 1318 1941 secundum
1335 1911 1418 1950 quod
1434 1911 1581 1942 voluntas
1596 1912 1751 1942 excellen-

983 1963 1054 1992 tiori
1070 1963 1163 1993 modo
1175 1964 1235 1994 erit
1245 1965 1283 1995 ad
1298 1965 1419 1994 bonum
1434 1964 1578 1995 ordinata
1592 1966 1623 1994 ct
1638 1974 1656 1994 a
1670 1965 1753 1995 malo

982 2018 1113 2046 remota.
1131 2017 1228 2046 Aliter
1239 2018 1332 2047 etiam
1344 2019 1446 2057 posset
1457 2017 1528 2055 dici,
1541 2017 1622 2047 sicut
1634 2019 1753 2047 tactum

982 2072 1028 2099 est
1042 2070 1140 2108 prius,
1159 2072 1193 2099 ut
1208 2071 1262 2100 fiat
1283 2071 1331 2101 vis
1347 2071 1380 2100 in
1404 2071 1455 2100 his
1470 2079 1542 2110 quae
1561 2073 1676 2101 natura
1691 2071 1753 2101 dic-

982 2124 1024 2152 tat
1040 2123 1240 2161 generaliter,
1258 2125 1287 2152 et
1302 2123 1334 2153 in
1350 2123 1398 2153 1115
1414 2132 1485 2163 quae
1501 2123 1596 2154 dictat
1610 2124 1753 2163 speciali-

980 2178 1037 2213 ter,
1056 2176 1121 2206 sive
1136 2176 1295 2215 implicite,
1313 2178 1343 2206 et
1356 2176 1518 2216 explicite3
1535 2179 1563 2206 et
1575 2186 1702 2207 rursum
1719 2178 1751 2207 in

980 2229 1030 2259 his
1051 2238 1122 2268 quae
1144 2231 1259 2259 natura
1281 2229 1375 2259 dictat
1396 2230 1559 2269 explicite,
1584 2230 1633 2260 vel
1657 2230 1751 2260 dictat

980 2283 1152 2313 secundum
1173 2292 1301 2313 omnem
1325 2285 1444 2313 statum
1468 2285 1603 2321 naturae,
1630 2284 1678 2313 vel
1701 2293 1751 2314 se-

980 2338 1119 2368 cundum
1143 2339 1258 2367 statum
1282 2339 1406 2367 naturae
1421 2338 1517 2377 lapsae
1535 2349 1541 2368 :
1559 2340 1588 2368 et
1603 2338 1686 2377 quod
1703 2340 1751 2368 est

980 2391 1018 2421 de
1032 2391 1199 2421 dictamine
1214 2391 1295 2429 legis
1310 2393 1433 2421 naturae
1449 2391 1632 2430 simpliciter
1648 2393 1678 2421 et
1690 2400 1749 2421 ex-

981 2444 1093 2483 plicite,
1111 2444 1185 2474 illud
1201 2444 1340 2473 manebit
1356 2443 1387 2473 in
1402 2445 1485 2473 statu
1504 2443 1625 2482 gloriae.
1645 2443 1751 2483 Expli-

981 2497 1060 2527 catio
1074 2499 1181 2527 autem
1196 2499 1226 2526 et
1242 2496 1397 2527 distinctio
1413 2496 1635 2526 mandatorum
1651 2496 1748 2527 Deca-

980 2550 1045 2587 logi
1060 2549 1186 2588 respicit
1195 2550 1311 2579 statum
1322 2550 1444 2578 naturae
1454 2548 1562 2588 lapsae,
1576 2550 1607 2579 et
1618 2549 1752 2580 instruc·

982 2603 1099 2633 tionem
1115 2602 1194 2641 legis
1210 2602 1344 2641 scriptae.
