2017 2948
735 167 922 200 DISTINCT.
946 166 1009 198 XV.
1034 165 1135 197 PARS
1158 165 1196 195 11.

185 240 229 270 sic
241 239 355 270 melius
369 240 400 268 et
415 237 523 268 utilius
534 239 580 267 cst
592 236 665 266 dare
681 236 765 275 plus,
784 245 879 275 quam
896 235 952 265 1111-

185 302 245 323 005
262 304 269 323 :
285 294 316 322 et
336 293 382 322 est
396 290 511 330 triplex
535 289 654 319 utilitas
672 299 678 318 ε
696 289 813 328 prima,
830 288 905 327 qnia
926 287 951 316 si

185 348 231 377 est
245 346 279 376 in
293 344 455 381 charitate,
471 342 608 381 amplius
623 341 786 378 satisfacin
802 340 950 377 secunda,

185 399 260 439 quia
282 399 307 428 si
322 400 367 428 est
383 399 487 433 extra,
504 395 608 434 magis
623 394 758 433 disponit
772 403 804 423 se
824 393 861 423 ad
879 402 954 431 gra-

184 453 277 489 tiam;
293 451 398 487 tertia,
418 449 492 489 quia
506 449 572 478 sive
592 448 630 477 sit
642 449 747 484 extra,
769 447 835 475 sive
852 446 950 482 intra,

186 504 371 543 multiplicat
397 503 617 532 intercessores
638 512 644 530 ε
663 502 692 529 et
716 500 775 529 hoc
800 501 846 529 est
869 499 954 538 quod

185 557 337 588 Dominus
349 555 477 586 suadet¹
496 565 502 584 z
520 555 627 585 Facite
641 553 727 584 vobis
742 553 879 586 amieos,
895 554 952 581 etc.

185 610 218 640 Si
242 612 348 640 autem
372 618 427 649 per
449 607 715 648 comparationem
737 606 775 636 ad
797 606 952 640 diversos,

185 664 384 703 eleemosyna
398 671 460 693 non
483 661 633 701 praecellit
648 660 882 698 eleemosynam
905 668 953 688 se-

185 717 322 747 cundum
334 715 567 755 proportionem
579 715 736 753 quantum
749 711 788 742 ad
806 711 954 741 meritum

184 772 213 800 et
225 769 467 799 satisfactionem
479 778 485 796 τ
498 769 621 797 tantum
633 765 719 796 enim
731 766 870 795 meretur
880 774 955 804 pau-

184 822 313 861 percula
325 822 358 852 in
369 821 534 852 donatione
550 819 663 850 modici
680 819 780 858 panis,
799 819 953 857 quantum

184 873 272 903 dlves
296 873 328 902 in
349 872 516 903 donatione
541 870 681 910 maj0ris.
707 869 742 899 In
765 869 825 899 hoc
850 871 955 898 tamen

184 926 369 965 praecellunt
391 925 529 961 divitiae,
558 924 632 963 qnia
654 924 786 962 possunt
803 921 953 961 multipli-

184 988 256 1009 care
287 979 509 1009 intercessores
520 1001 527 1013 ,
554 977 609 1016 qui
642 985 700 1015 pro
734 975 779 1005 eis
808 977 956 1005 tenentur

185 1040 286 1061 Ol'al'e.

492 1079 560 1100 DUB.
585 1078 642 1100 Vll.

184 1133 247 1161 Quia
260 1132 403 1156 inordinate
417 1133 510 1163 agunt,
525 1131 585 1155 dum
604 1137 620 1154 a
638 1137 664 1154 se
682 1136 734 1154 non
749 1129 890 1159 incipiunt,
904 1130 955 1152 ete.

222 1189 353 1220 Videtur
367 1189 541 1220 secundum
556 1189 634 1225 hoc,
651 1187 735 1227 quod
753 1187 830 1217 ordo
845 1187 885 1216 sit
899 1195 954 1216 ne-

183 1243 337 1273 cessarius
354 1243 392 1272 ad
403 1242 637 1281 eleemosynam
659 1251 666 1270 ι
687 1249 766 1279 ergo
781 1240 805 1269 si
820 1240 891 1279 quis
903 1239 955 1269 dat

183 1297 418 1335 eleemosynam
429 1295 528 1334 prius,
539 1294 588 1324 cui
603 1293 694 1324 debet
704 1293 777 1323 dare
787 1292 953 1332 posterius,

185 1359 248 1380 non
270 1349 429 1379 satisfacit.
453 1348 566 1379 Contra
588 1357 595 1377 :
618 1347 690 1377 Esto
708 1347 791 1386 quod
816 1356 880 1377 non
905 1346 957 1376 det

185 1403 291 1433 minus
315 1402 490 1441 indigenti,
515 1410 589 1431 cum
619 1409 683 1430 non
714 1402 858 1430 teneatur
883 1399 957 1430 dare

185 1456 258 1494 alii,
276 1458 306 1486 et
322 1458 454 1494 uterque
480 1456 585 1494 posset
609 1454 691 1484 licite
713 1462 875 1490 recusare,
893 1462 956 1483 non

185 1511 289 1539 servat
307 1508 469 1545 ordinem,
489 1510 520 1537 et
533 1510 639 1537 tamen
656 1516 721 1537 uon
736 1509 842 1546 peccat
857 1517 862 1536 :
878 1515 957 1544 ergo

185 1570 251 1592 non
273 1561 400 1591 videtur
422 1559 552 1599 perdere
574 1559 710 1589 fructum
737 1560 955 1598 eleemosynae.

187 1615 265 1646 Item
280 1614 436 1654 quaeritur
450 1615 560 1644 utrum
577 1613 611 1642 in
633 1612 743 1643 ordine
764 1612 858 1642 dandi
874 1612 957 1642 elee-

186 1678 355 1709 mosynam
370 1668 408 1698 sit
429 1667 619 1698 attendenda
640 1667 780 1704 bonitas,
806 1666 856 1696 vel
876 1666 956 1696 indi-

187 1722 310 1761 gentia;
327 1724 358 1752 et
367 1721 450 1761 quod
463 1720 652 1758 indigentia,
664 1719 801 1756 videtur,
816 1719 891 1758 quia
903 1719 959 1758 qui

187 1775 239 1805 dat
253 1774 363 1811 diviti,
385 1774 618 1812 eleemosynam
633 1781 697 1802 non
713 1772 802 1809 sacit;
819 1772 873 1802 sed
889 1772 960 1802 facit

187 1828 437 1867 eleemosynam,
460 1826 515 1865 qui
537 1826 589 1856 dat
612 1825 742 1865 pauperi
764 1825 864 1862 malo,
886 1835 958 1855 eum

187 1880 227 1910 sit
254 1880 420 1919 proximus
446 1881 476 1909 et
500 1878 733 1908 sustentandus.
759 1878 959 1909 Contrarium

187 1932 285 1971 huJus
301 1932 456 1962 habetur²
477 1942 484 1961 ι
501 1931 548 1962 Da
568 1931 654 1970 ,fusto
677 1932 734 1970 (a),
751 1940 789 1962 ne
809 1933 961 1971 receperis

186 1988 389 2024 peccatorem.
407 1985 568 2022 Quaeritur
585 1993 664 2023 ergo
686 1984 724 2015 de
739 1985 848 2015 ordine
868 1985 959 2015 dandi

189 2038 435 2078 eleemosynam.

232 2090 323 2130 Resp.
339 2091 514 2122 Dicendum
530 2091 614 2130 quod
634 2090 781 2130 quaedam
796 2094 871 2121 sunt
889 2099 962 2130 quae

190 2143 311 2174 faciunt
324 2143 364 2173 ad
385 2143 616 2174 ordinationem
631 2143 840 2182 eleemosyna}
859 2152 960 2182 quan-

193 2198 261 2226 tum
286 2196 325 2226 ad
346 2205 431 2234 esse,
453 2197 616 2236 quaedam,
640 2198 798 2236 quantum
821 2197 859 2227 ad
884 2196 963 2227 bene

192 2258 269 2280 esse.
295 2248 343 2280 Ex
368 2253 456 2289 parte
479 2250 593 2280 scilicet
616 2250 718 2280 dantis
744 2250 784 2280 ad
808 2259 873 2280 esse
893 2250 965 2280 13011

195 2302 409 2332 misericordia
422 2312 509 2340 vera,
525 2305 556 2333 et
570 2302 685 2342 pietas:
703 2305 734 2333 et
748 2303 816 2333 11ωο
830 2305 876 2333 051
891 2313 963 2343 qnae

195 2354 333 2394 procedit
354 2363 394 2384 ex
409 2355 562 2385 charitate
582 2358 676 2393 recta,
693 2358 724 2386 et
745 2356 812 2386 sine
827 2356 886 2386 hac
901 2365 964 2387 non

194 2409 240 2438 est
249 2407 447 2446 eleemosyna
451 2409 546 2446 Juxta
554 2408 690 2447 primam
701 2409 740 2439 ad
751 2409 928 2440 Corinthios
936 2413 961 2440 ³:

197 2460 232 2493 Sz'
248 2460 284 2500 (b)
309 2460 500 2492 distribuero
522 2462 558 2492 in
581 2462 666 2493 cibos
684 2470 878 2501 pauperum,
905 2466 963 2494 etc.

196 2514 349 2551 Quaedam
365 2523 406 2545 ex
429 2517 517 2554 parte
540 2515 756 2554 suscipientis,
779 2518 810 2547 et
832 2516 902 2547 haec
921 2519 967 2547 est

230 2594 316 2625 ¹Luc.,
331 2600 385 2623 xvx,
402 2595 426 2618 9.
439 2607 468 2612 —
482 2594 492 2611 ²
504 2594 593 2624 Ecclz'.,
610 2601 655 2625 xii,
669 2595 691 2618 5.
706 2608 735 2613 -
749 2595 758 2611 ⁸
772 2596 778 2619 1
791 2595 839 2620 Cor
852 2615 858 2626 ,
872 2603 930 2627 xm,
943 2599 966 2621 3.

197 2629 312 2660 ·-⁴1.ue.,
322 2635 375 2660 xiv,
390 2630 457 2654 ¹3.-
468 2631 476 2644 ⁵
489 2630 571 2660 Pron„
584 2636 624 2661 111,
637 2631 690 2654 9.—
705 2631 714 2645 ⁸
725 2631 814 2662 Eccln'„
826 2638 914 2661 xxxiv,
926 2635 964 2657 21.

1720 166 1777 195 605

1008 232 1184 271 indigentia
1197 231 1248 262 vel
1261 239 1353 268 vera,
1370 231 1421 261 vel
1443 240 1596 271 apparens
1612 242 1619 261 ι
1636 239 1722 268 vera,
1740 230 1778 260 de

1008 286 1066 316 hac
1079 286 1088 302 ⁴
1105 295 1112 315 ε
1131 286 1211 315 Cum
1230 284 1312 322 facis
1326 284 1519 321 convivium,
1537 291 1612 316 voca
1626 291 1779 323 pauperes

1009 342 1038 370 et
1054 338 1178 370 debiles.
1194 336 1346 374 Quaedam
1362 345 1401 366 ex
1414 338 1502 374 parte
1514 337 1668 374 muneris,
1681 338 1711 367 et
1720 337 1781 366 hoc

1009 394 1053 421 est
1067 415 1074 428 ,
1091 391 1173 430 quod
1186 390 1284 430 possit
1296 388 1372 419 illud
1384 388 1458 418 dare
1471 391 1598 428 propter
1609 389 1680 425 hoc,
1697 389 1781 427 quod

1011 445 1096 475 illius
1111 444 1204 474 habet
1220 443 1398 473 dominium
1410 447 1419 463 ⁵
1438 453 1444 471 ι
1460 442 1589 472 Honora
1612 443 1779 473 Dominum

1009 497 1047 528 cle
1063 500 1118 528 tua
1131 497 1312 528 substancia
1325 507 1334 525 :
1350 496 1359 512 ⁶
1380 495 1578 526 Immolcmtz's
1603 503 1644 525 er
1670 496 1781 534 iniquo

1010 551 1124 582 oblatio
1140 553 1184 582 est
1200 549 1373 580 maculata.
1390 548 1541 585 Quaedam
1561 557 1599 577 cx
1625 550 1712 587 parte
1731 548 1782 577 in-

1010 603 1169 640 tentionis,
1181 602 1295 632 scilicet
1309 601 1391 642 quod
1404 601 1444 630 sit
1458 600 1588 630 intentio
1601 602 1696 638 recta,
1708 600 1783 639 quia

1010 655 1124 686 dicitur
1138 656 1175 685 (10
1191 654 1363 695 hypocritis
1374 654 1395 690 ⁷,
1410 654 1488 692 quia
1503 656 1686 692 receperunt
1700 660 1783 683 mer-

1010 708 1114 740 cedem
1131 716 1244 739 suam:
1260 709 1290 737 et
1311 706 1380 737 ideo
1405 706 1445 735 ibi
1474 706 1611 735 diciturS
1628 716 1634 735 :
1665 705 1704 736 Te
1725 714 1782 736 au-

1011 767 1069 795 tem
1101 764 1237 801 faciente
1270 761 1516 800 eleemosynam,
1544 761 1666 791 nesciat
1680 784 1686 797 ,
1723 762 1781 790 etc.

1012 816 1164 852 Quaedam
1187 817 1293 845 301001
1310 814 1347 844 (10
1363 814 1441 843 bene
1463 822 1544 850 esse,
1562 813 1678 843 scilicet
1699 812 1784 852 quod

1011 869 1097 900 sitin
1116 869 1286 908 recipiente
1306 867 1453 897 sanctitas
1475 868 1506 896 et
1530 867 1669 903 11001135,
1696 868 1726 896 01
1746 866 1784 896 (10

1011 923 1070 953 hoc
1088 923 1116 952 ⁹:
1136 923 1183 953 Da
1199 922 1286 954 bono,
1304 924 1332 952 et
1352 929 1393 950 ne
1409 920 1564 958 receperis
1580 923 1782 958 peccatorem.

1011 977 1076 1007 Hoc
1090 986 1154 1006 non
1170 975 1244 1006 dicit
1265 974 1455 1013 abjiciendo,
1473 974 1525 1003 sed
1547 973 1782 1012 postponendo;

1011 1028 1062 1059 vel
1077 1028 1224 1066 intelligit
1236 1027 1272 1057 de
1284 1027 1442 1062 haeretico,
1456 1026 1579 1056 0011100
1591 1028 1636 1056 051
1644 1026 1785 1056 facienda

1011 1082 1212 1120 eleemosyna
1226 1104 1234 1118 ,
1263 1080 1323 1110 nisi
1360 1080 1391 1109 in
1420 1079 1602 1109 necessitate
1630 1082 1784 1109 extrema.

1012 1135 1160 1173 Exigitur
1175 1134 1270 1164 etiam
1283 1133 1367 1172 quod
1383 1132 1415 1162 in
1431 1132 1523 1162 dante
1539 1133 1579 1162 sit
1590 1132 1729 1162 hilaritas
1741 1132 1761 1148 ¹⁰
1777 1143 1783 1162 :

1012 1188 1153 1219 Hilarem
1162 1188 1303 1218 datorem
1315 1186 1426 1225 diliqz't
1439 1186 1529 1216 Deus.
1542 1185 1691 1224 Exigitnr
1701 1185 1785 1225 qnod

1014 1242 1045 1271 111
1060 1242 1142 1272 dono
1155 1241 1195 1271 sit
1206 1240 1409 1277 abundantia,
1428 1239 1478 1269 vel
1490 1249 1576 1276 vere,
1593 1239 1643 1268 vel
1658 1248 1786 1278 propor-

1013 1294 1204 1325 tionabiliter
1224 1294 1243 1310 ¹¹
1263 1304 1269 1324 z
1290 1293 1329 1324 Si
1344 1292 1547 1324 mullumlz'bz'
1560 1292 1676 1330 fuerit,
1691 1291 1787 1322 αὸιιη-

1013 1348 1130 1379 clamer
1155 1348 1270 1380 tribue.
1289 1346 1440 1384 Exigitur
1455 1346 1537 1385 quod
1563 1346 1594 1375 in
1618 1345 1786 1375 donatione

1013 1402 1052 1431 sit
1067 1401 1225 1439 velocitas,
1239 1400 1313 1440 quia
1326 1400 1379 1439 qui
1396 1400 1455 1429 cito
1471 1399 1533 1436 dat,
1548 1398 1595 1428 bis
1610 1398 1662 1429 dat
1676 1399 1697 1416 ¹²
1716 1409 1722 1429 t
1738 1398 1782 1429 Ne

1013 1454 1103 1486 dicas
1126 1455 1227 1485 antico
1247 1458 1319 1492 tuo;
1338 1452 1424 1484 Vade
1442 1456 1469 1484 ec
1488 1455 1640 1484 revertere
1650 1461 1661 1490 ,·
1673 1452 1694 1469 ¹³
1713 1452 1782 1483 Non

1012 1507 1180 1546 protrahas
1200 1506 1311 1538 clatum
1328 1506 1544 1545 onfflcstz’antz'.
1568 1505 1603 1535 Et
1626 1506 1669 1535 sic
1683 1508 1783 1545 patet,

1014 1561 1098 1600 quod
1112 1563 1180 1590 octo
1193 1562 1266 1590 sunt
1278 1559 1491 1589 conditiones:
1507 1561 1644 1598 quatuor
1655 1559 1692 1589 de
1707 1568 1786 1596 esse,

1015 1616 1043 1644 et
1067 1615 1203 1653 quatuor
1223 1613 1260 1643 de
1283 1613 1362 1643 bene
1385 1622 1475 1642 esse:
1498 1614 1527 1642 et
1550 1612 1691 1642 ordinate
1714 1612 1787 1642 (1310

1017 1669 1175 1706 quantum
1193 1666 1229 1696 ad
1245 1666 1364 1705 primas
1379 1665 1574 1696 conditiones
1589 1667 1635 1695 051
1650 1665 1687 1696 de
1703 1675 1785 1703 esse;

1015 1722 1172 1759 quantum
1188 1718 1226 1749 ad
1243 1719 1413 1755 secundaS,
1432 1718 1573 1748 mininie.

1324 1812 1390 1833 DUB.
1415 1811 1482 1832 vul.

1231 1865 1268 1889 Ad
1280 1864 1359 1888 vitam
1375 1866 1496 1888 aeternam
1507 1882 1514 1894 ,
1532 1865 1580 1888 etc.

1058 1927 1210 1966 Loquitur
1232 1926 1270 1957 de
1292 1926 1342 1956 1115
1364 1934 1435 1965 quae
1454 1935 1510 1965 per
1525 1928 1689 1965 peccatum
1704 1929 1790 1966 post·

1019 1981 1147 2011 modum
1176 1982 1249 2009 sunt
1271 1979 1469 2009 mortificata.
1494 1978 1552 2009 Sed
1576 1981 1708 2009 contra:
1736 1979 1790 2009 llla

1018 2043 1113 2073 opera
1132 2033 1261 2063 fuerunt
1284 2032 1382 2071 digna
1404 2032 1468 2062 vita
1489 2034 1608 2062 aeterna
1630 2043 1636 2062 ε
1663 2041 1741 2071 ergo
1765 2033 1790 2062 si

1019 2087 1079 2117 alio
1104 2088 1366 2122 remunerentur,
1392 2085 1517 2115 videtur
1534 2085 1616 2124 quod
1642 2094 1789 2115 remune-

1019 2143 1129 2171 rentur
1141 2141 1218 2170 citra
1233 2139 1431 2178 condignum
1447 2149 1452 2168 z
1470 2148 1549 2177 ergo
1565 2139 1689 2169 videtur
1706 2140 1789 2178 quod

1020 2194 1116 2233 possit
1138 2203 1177 2223 ex
1194 2193 1255 2223 illis
1271 2193 1369 2222 vitam
1385 2194 1539 2222 aeternam
1555 2201 1699 2232 sperare,
1716 2201 1790 2222 cum

1020 2248 1202 2277 remuneret
1222 2246 1304 2276 hona
1319 2245 1401 2276 ultra
1424 2245 1631 2283 condignum.
1648 2245 1724 2275 Item
1741 2245 1787 2275 vi-

1020 2300 1112 2331 detur
1127 2299 1212 2338 quod
1225 2298 1303 2329 nihil
1318 2298 1411 2329 saciat
1426 2298 1465 2328 ad
1482 2298 1638 2328 mitiorem
1652 2307 1788 2336 poenaln,

1021 2354 1095 2393 quia
1122 2353 1206 2383 mala
1221 2352 1308 2392 prius
1326 2352 1403 2382 facta
1419 2354 1508 2381 extra
1527 2351 1711 2382 charitatem
1728 2361 1791 2382 non

1023 2407 1170 2436 minuunt
1187 2405 1334 2444 gloriam,
1348 2404 1473 2444 quando
1487 2403 1584 2434 homo
1597 2404 1685 2434 estin
1695 2404 1790 2436 coelo:

1023 2468 1100 2498 ergo
1117 2468 1174 2489 nec
1195 2459 1277 2490 bona
1295 2467 1433 2498 poenam.
1462 2457 1539 2488 Item
1563 2457 1713 2488 videntur
1733 2467 1793 2489 au-

1022 2526 1068 2543 —7
1081 2525 1182 2555 Matth„
1194 2531 1230 2556 vl,
1243 2527 1299 2548 3.-
1313 2524 1323 2540 ⁸
1333 2524 1406 2554 ibid„
1422 2526 1477 2548 3.—
1489 2525 1497 2539 ³
1512 2524 1600 2556 Eccli„
1613 2531 1661 2556 xil,
1675 2527 1729 2550 5.-
1743 2527 1760 2542 ¹⁰
1774 2526 1794 2549 11

1025 2561 1091 2591 Com,
1116 2567 1151 2591 111,
1173 2562 1195 2584 7.
1207 2574 1237 2579 -
1261 2561 1280 2577 ¹¹
1303 2560 1367 2590 Teo„
1384 2564 1418 2589 iv,
1432 2561 1455 2583 9.
1469 2571 1498 2577 -
1520 2560 1538 2576 ¹²
1556 2560 1638 2589 Prov„
1655 2566 1695 2591 111,
1709 2562 1747 2585 28.
1765 2574 1795 2579 -

1024 2596 1044 2612 ¹³
1056 2596 1144 2625 Ecvlz‘„
1161 2602 1194 2625 iv,
1211 2599 1266 2621 3.-
1281 2597 1313 2626 (a)
1331 2595 1405 2625 vulg.
1422 2594 1524 2619 bona-
1550 2595 1579 2626 (b)
1607 2596 1665 2620 Coet.
1691 2596 1792 2622 edition.

1025 2631 1196 2662 eleemosyna.
1213 2631 1318 2656 Prima:
1335 2631 1370 2655 Si.
