<?xml version="1.0" encoding="UTF-8"?>
<!DOCTYPE html PUBLIC "-//W3C//DTD XHTML 1.0 Transitional//EN"
    "http://www.w3.org/TR/xhtml1/DTD/xhtml1-transitional.dtd">
<html xmlns="http://www.w3.org/1999/xhtml" xml:lang="en" lang="en">
 <head>
  <title>
</title>
<meta http-equiv="Content-Type" content="text/html;charset=utf-8" />
  <meta name='ocr-system' content='tesseract 3.04.00' />
  <meta name='ocr-capabilities' content='ocr_page ocr_carea ocr_par ocr_line ocrx_word'/>
</head>
<body>
  <div class='ocr_page' id='page_1' title='image "./operaomniasixtiv05bonauoft/operaomniasixtiv05bonauoft_0157.png"; bbox 0 0 2017 2948; ppageno 0'>
   <div class='ocr_carea' id='block_1_1' title="bbox 46 940 140 966">
    <p class='ocr_par' dir='ltr' id='par_1_1' title="bbox 46 940 140 966">
     <span class='ocr_line' id='line_1_1' title="bbox 46 940 140 966; baseline -0.021 -6"><span class='ocrx_word' id='word_1_1' title='bbox 46 940 79 960; x_wconf 80' lang='lat' dir='ltr'>Ad</span> <span class='ocrx_word' id='word_1_2' title='bbox 89 944 140 966; x_wconf 86' lang='lat' dir='ltr'>opp.</span> 
     </span>
    </p>
   </div>
   <div class='ocr_carea' id='block_1_2' title="bbox 614 176 1274 215">
    <p class='ocr_par' dir='ltr' id='par_1_2' title="bbox 614 176 1274 215">
     <span class='ocr_line' id='line_1_2' title="bbox 614 176 1274 215; baseline -0.003 -4"><span class='ocrx_word' id='word_1_3' title='bbox 614 180 711 211; x_wconf 90' lang='lat' dir='ltr'>DIST.</span> <span class='ocrx_word' id='word_1_4' title='bbox 736 179 867 210; x_wconf 81' lang='lat' dir='ltr'><strong>XXXVI.</strong></span> <span class='ocrx_word' id='word_1_5' title='bbox 891 176 981 209; x_wconf 81' lang='lat' dir='ltr'>ART.</span> <span class='ocrx_word' id='word_1_6' title='bbox 1008 178 1030 208; x_wconf 96' lang='lat' dir='ltr'>I.</span> <span class='ocrx_word' id='word_1_7' title='bbox 1055 177 1202 215; x_wconf 85' lang='lat' dir='ltr'>QUAEST.</span> <span class='ocrx_word' id='word_1_8' title='bbox 1223 179 1274 210; x_wconf 89' lang='lat' dir='ltr'>VI.</span> 
     </span>
    </p>
   </div>
   <div class='ocr_carea' id='block_1_3' title="bbox 155 245 935 2711">
    <p class='ocr_par' dir='ltr' id='par_1_3' title="bbox 155 245 927 489">
     <span class='ocr_line' id='line_1_3' title="bbox 158 245 926 286; baseline -0.001 -10"><span class='ocrx_word' id='word_1_9' title='bbox 158 246 236 277; x_wconf 90' lang='lat' dir='ltr'>Cum</span> <span class='ocrx_word' id='word_1_10' title='bbox 258 255 336 286; x_wconf 82' lang='lat' dir='ltr'>ergo</span> <span class='ocrx_word' id='word_1_11' title='bbox 356 250 443 278; x_wconf 83' lang='lat' dir='ltr'>actus</span> <span class='ocrx_word' id='word_1_12' title='bbox 464 247 623 278; x_wconf 85' lang='lat' dir='ltr'>charitatis</span> <span class='ocrx_word' id='word_1_13' title='bbox 646 247 795 277; x_wconf 85' lang='lat' dir='ltr'>informet</span> <span class='ocrx_word' id='word_1_14' title='bbox 819 245 926 276; x_wconf 85' lang='lat' dir='ltr'>omnia</span> 
     </span>
     <span class='ocr_line' id='line_1_4' title="bbox 157 299 926 340; baseline -0.003 -10"><span class='ocrx_word' id='word_1_15' title='bbox 157 309 253 339; x_wconf 81' lang='lat' dir='ltr'>opera</span> <span class='ocrx_word' id='word_1_16' title='bbox 264 303 359 338; x_wconf 81' lang='lat' dir='ltr'>recta,</span> <span class='ocrx_word' id='word_1_17' title='bbox 373 301 497 332; x_wconf 86' lang='lat' dir='ltr'>videtur</span> <span class='ocrx_word' id='word_1_18' title='bbox 515 301 599 340; x_wconf 86' lang='lat' dir='ltr'>quod</span> <span class='ocrx_word' id='word_1_19' title='bbox 611 303 641 331; x_wconf 88' lang='lat' dir='ltr'>et</span> <span class='ocrx_word' id='word_1_20' title='bbox 654 301 721 340; x_wconf 82' lang='lat' dir='ltr'>ipsa</span> <span class='ocrx_word' id='word_1_21' title='bbox 733 300 868 330; x_wconf 74' lang='lat' dir='ltr'>charitas</span> <span class='ocrx_word' id='word_1_22' title='bbox 882 299 926 329; x_wconf 89' lang='lat' dir='ltr'>iu-</span> 
     </span>
     <span class='ocr_line' id='line_1_5' title="bbox 155 346 924 389; baseline -0.001 -7"><span class='ocrx_word' id='word_1_23' title='bbox 155 346 270 383; x_wconf 59' lang='lat' dir='ltr'>‘formet</span> <span class='ocrx_word' id='word_1_24' title='bbox 293 355 324 383; x_wconf 87' lang='lat' dir='ltr'>ct</span> <span class='ocrx_word' id='word_1_25' title='bbox 338 353 371 383; x_wconf 89' lang='lat' dir='ltr'>in</span> <span class='ocrx_word' id='word_1_26' title='bbox 387 362 420 383; x_wconf 90' lang='lat' dir='ltr'>se</span> <span class='ocrx_word' id='word_1_27' title='bbox 434 355 537 384; x_wconf 81' lang='lat' dir='ltr'>teneat</span> <span class='ocrx_word' id='word_1_28' title='bbox 559 362 670 384; x_wconf 89' lang='lat' dir='ltr'>omnes</span> <span class='ocrx_word' id='word_1_29' title='bbox 690 353 766 383; x_wconf 87' lang='lat' dir='ltr'>alias</span> <span class='ocrx_word' id='word_1_30' title='bbox 781 353 924 389; x_wconf 86' lang='lat' dir='ltr'>virtutes,</span> 
     </span>
     <span class='ocr_line' id='line_1_6' title="bbox 159 405 927 445; baseline -0.003 -9"><span class='ocrx_word' id='word_1_31' title='bbox 159 407 234 445; x_wconf 87' lang='lat' dir='ltr'>quia</span> <span class='ocrx_word' id='word_1_32' title='bbox 249 406 330 436; x_wconf 86' lang='lat' dir='ltr'>sicut</span> <span class='ocrx_word' id='word_1_33' title='bbox 342 416 374 436; x_wconf 91' lang='lat' dir='ltr'>se</span> <span class='ocrx_word' id='word_1_34' title='bbox 388 406 484 437; x_wconf 78' lang='lat' dir='ltr'>habet</span> <span class='ocrx_word' id='word_1_35' title='bbox 500 409 588 437; x_wconf 85' lang='lat' dir='ltr'>actus</span> <span class='ocrx_word' id='word_1_36' title='bbox 599 407 637 437; x_wconf 78' lang='lat' dir='ltr'>ad</span> <span class='ocrx_word' id='word_1_37' title='bbox 652 408 769 442; x_wconf 86' lang='lat' dir='ltr'>actum,</span> <span class='ocrx_word' id='word_1_38' title='bbox 784 406 826 435; x_wconf 85' lang='lat' dir='ltr'>ita</span> <span class='ocrx_word' id='word_1_39' title='bbox 840 405 927 435; x_wconf 87' lang='lat' dir='ltr'>habi-</span> 
     </span>
     <span class='ocr_line' id='line_1_7' title="bbox 160 459 440 489; baseline 0.004 -1"><span class='ocrx_word' id='word_1_40' title='bbox 160 461 210 489; x_wconf 87' lang='lat' dir='ltr'>tus</span> <span class='ocrx_word' id='word_1_41' title='bbox 224 459 263 489; x_wconf 86' lang='lat' dir='ltr'>ad</span> <span class='ocrx_word' id='word_1_42' title='bbox 284 459 440 489; x_wconf 85' lang='lat' dir='ltr'>habitum.</span> 
     </span>
    </p>

    <p class='ocr_par' dir='ltr' id='par_1_4' title="bbox 159 512 930 912">
     <span class='ocr_line' id='line_1_8' title="bbox 200 512 928 552; baseline -0.001 -11"><span class='ocrx_word' id='word_1_43' title='bbox 200 512 287 547; x_wconf 93' lang='lat' dir='ltr'>Item,</span> <span class='ocrx_word' id='word_1_44' title='bbox 302 512 334 541; x_wconf 90' lang='lat' dir='ltr'>in</span> <span class='ocrx_word' id='word_1_45' title='bbox 349 513 522 543; x_wconf 80' lang='lat' dir='ltr'>moralibus</span> <span class='ocrx_word' id='word_1_46' title='bbox 535 513 801 552; x_wconf 71' lang='lat' dir='ltr'>complementum</span> <span class='ocrx_word' id='word_1_47' title='bbox 817 513 847 541; x_wconf 91' lang='lat' dir='ltr'>et</span> <span class='ocrx_word' id='word_1_48' title='bbox 861 520 928 550; x_wconf 81' lang='lat' dir='ltr'>spe-</span> 
     </span>
     <span class='ocr_line' id='line_1_9' title="bbox 160 565 928 595; baseline -0.001 -1"><span class='ocrx_word' id='word_1_49' title='bbox 160 565 221 595; x_wconf 88' lang='lat' dir='ltr'>cies</span> <span class='ocrx_word' id='word_1_50' title='bbox 234 565 406 595; x_wconf 88' lang='lat' dir='ltr'>attenditur</span> <span class='ocrx_word' id='word_1_51' title='bbox 419 565 451 595; x_wconf 91' lang='lat' dir='ltr'>in</span> <span class='ocrx_word' id='word_1_52' title='bbox 464 565 574 595; x_wconf 81' lang='lat' dir='ltr'>ordine</span> <span class='ocrx_word' id='word_1_53' title='bbox 589 566 627 595; x_wconf 82' lang='lat' dir='ltr'>ad</span> <span class='ocrx_word' id='word_1_54' title='bbox 640 566 736 595; x_wconf 88' lang='lat' dir='ltr'>finem</span> <span class='ocrx_word' id='word_1_55' title='bbox 751 576 756 595; x_wconf 78' lang='lat' dir='ltr'>t</span> <span class='ocrx_word' id='word_1_56' title='bbox 771 565 823 594; x_wconf 86' lang='lat' dir='ltr'>sed</span> <span class='ocrx_word' id='word_1_57' title='bbox 839 573 928 594; x_wconf 87' lang='lat' dir='ltr'>amor</span> 
     </span>
     <span class='ocr_line' id='line_1_10' title="bbox 159 617 928 657; baseline -0.001 -10"><span class='ocrx_word' id='word_1_58' title='bbox 159 618 277 647; x_wconf 88' lang='lat' dir='ltr'>summi</span> <span class='ocrx_word' id='word_1_59' title='bbox 291 618 365 648; x_wconf 90' lang='lat' dir='ltr'>boni</span> <span class='ocrx_word' id='word_1_60' title='bbox 380 620 426 648; x_wconf 89' lang='lat' dir='ltr'>est</span> <span class='ocrx_word' id='word_1_61' title='bbox 449 618 537 655; x_wconf 88' lang='lat' dir='ltr'>illud,</span> <span class='ocrx_word' id='word_1_62' title='bbox 560 618 645 657; x_wconf 89' lang='lat' dir='ltr'>quod</span> <span class='ocrx_word' id='word_1_63' title='bbox 672 620 785 648; x_wconf 79' lang='lat' dir='ltr'>caetera</span> <span class='ocrx_word' id='word_1_64' title='bbox 806 617 878 647; x_wconf 83' lang='lat' dir='ltr'>facit</span> <span class='ocrx_word' id='word_1_65' title='bbox 895 617 928 647; x_wconf 91' lang='lat' dir='ltr'>in</span> 
     </span>
     <span class='ocr_line' id='line_1_11' title="bbox 160 670 928 710; baseline -0.001 -10"><span class='ocrx_word' id='word_1_66' title='bbox 160 670 256 700; x_wconf 84' lang='lat' dir='ltr'>finem</span> <span class='ocrx_word' id='word_1_67' title='bbox 272 671 413 701; x_wconf 87' lang='lat' dir='ltr'>debitum</span> <span class='ocrx_word' id='word_1_68' title='bbox 427 671 572 701; x_wconf 82' lang='lat' dir='ltr'>tendere:</span> <span class='ocrx_word' id='word_1_69' title='bbox 589 671 689 710; x_wconf 80' lang='lat' dir='ltr'>igitur</span> <span class='ocrx_word' id='word_1_70' title='bbox 704 680 794 701; x_wconf 87' lang='lat' dir='ltr'>amor</span> <span class='ocrx_word' id='word_1_71' title='bbox 809 670 928 700; x_wconf 87' lang='lat' dir='ltr'>summi</span> 
     </span>
     <span class='ocr_line' id='line_1_12' title="bbox 159 723 929 762; baseline -0.001 -8"><span class='ocrx_word' id='word_1_72' title='bbox 159 723 233 754; x_wconf 88' lang='lat' dir='ltr'>boni</span> <span class='ocrx_word' id='word_1_73' title='bbox 249 723 300 754; x_wconf 82' lang='lat' dir='ltr'>dat</span> <span class='ocrx_word' id='word_1_74' title='bbox 315 724 463 754; x_wconf 88' lang='lat' dir='ltr'>omnibus</span> <span class='ocrx_word' id='word_1_75' title='bbox 477 724 637 754; x_wconf 83' lang='lat' dir='ltr'>habitibus</span> <span class='ocrx_word' id='word_1_76' title='bbox 653 724 813 762; x_wconf 77' lang='lat' dir='ltr'>gratuitis,</span> <span class='ocrx_word' id='word_1_77' title='bbox 831 725 861 753; x_wconf 89' lang='lat' dir='ltr'>et</span> <span class='ocrx_word' id='word_1_78' title='bbox 876 732 929 753; x_wconf 90' lang='lat' dir='ltr'>eo-</span> 
     </span>
     <span class='ocr_line' id='line_1_13' title="bbox 160 777 927 816; baseline -0.001 -10"><span class='ocrx_word' id='word_1_79' title='bbox 160 785 233 806; x_wconf 91' lang='lat' dir='ltr'>rum</span> <span class='ocrx_word' id='word_1_80' title='bbox 257 777 417 816; x_wconf 81' lang='lat' dir='ltr'>operibus,</span> <span class='ocrx_word' id='word_1_81' title='bbox 443 778 577 808; x_wconf 80' lang='lat' dir='ltr'>formam</span> <span class='ocrx_word' id='word_1_82' title='bbox 600 780 630 807; x_wconf 88' lang='lat' dir='ltr'>et</span> <span class='ocrx_word' id='word_1_83' title='bbox 647 777 927 816; x_wconf 71' lang='lat' dir='ltr'>complementum.</span> 
     </span>
     <span class='ocr_line' id='line_1_14' title="bbox 160 830 930 869; baseline 0 -9"><span class='ocrx_word' id='word_1_84' title='bbox 160 831 238 861; x_wconf 88' lang='lat' dir='ltr'>Cum</span> <span class='ocrx_word' id='word_1_85' title='bbox 249 830 349 869; x_wconf 85' lang='lat' dir='ltr'>igitur</span> <span class='ocrx_word' id='word_1_86' title='bbox 360 832 411 861; x_wconf 89' lang='lat' dir='ltr'>ille</span> <span class='ocrx_word' id='word_1_87' title='bbox 421 840 511 862; x_wconf 86' lang='lat' dir='ltr'>amor</span> <span class='ocrx_word' id='word_1_88' title='bbox 523 832 562 861; x_wconf 90' lang='lat' dir='ltr'>sit</span> <span class='ocrx_word' id='word_1_89' title='bbox 574 831 720 869; x_wconf 82' lang='lat' dir='ltr'>charitas,</span> <span class='ocrx_word' id='word_1_90' title='bbox 734 831 869 861; x_wconf 81' lang='lat' dir='ltr'>charitas</span> <span class='ocrx_word' id='word_1_91' title='bbox 881 833 930 860; x_wconf 88' lang='lat' dir='ltr'>est</span> 
     </span>
     <span class='ocr_line' id='line_1_15' title="bbox 160 882 443 912; baseline 0.004 -1"><span class='ocrx_word' id='word_1_92' title='bbox 160 882 262 911; x_wconf 77' lang='lat' dir='ltr'>forma</span> <span class='ocrx_word' id='word_1_93' title='bbox 276 882 443 912; x_wconf 88' lang='lat' dir='ltr'>virtutum.</span> 
     </span>
    </p>

    <p class='ocr_par' dir='ltr' id='par_1_5' title="bbox 162 935 932 1290">
     <span class='ocr_line' id='line_1_16' title="bbox 201 935 931 974; baseline -0.001 -8"><span class='ocrx_word' id='word_1_94' title='bbox 201 935 258 966; x_wconf 86' lang='lat' dir='ltr'>Sed</span> <span class='ocrx_word' id='word_1_95' title='bbox 273 938 382 966; x_wconf 87' lang='lat' dir='ltr'>contra</span> <span class='ocrx_word' id='word_1_96' title='bbox 398 947 404 966; x_wconf 89' lang='lat'><strong>:</strong></span> <span class='ocrx_word' id='word_1_97' title='bbox 425 938 452 966; x_wconf 82' lang='lat'>1.</span> <span class='ocrx_word' id='word_1_98' title='bbox 469 935 570 974; x_wconf 82' lang='lat' dir='ltr'>Super</span> <span class='ocrx_word' id='word_1_99' title='bbox 584 935 662 965; x_wconf 87' lang='lat' dir='ltr'>illud</span> <span class='ocrx_word' id='word_1_100' title='bbox 674 939 682 954; x_wconf 80' lang='lat'><strong>¹</strong></span> <span class='ocrx_word' id='word_1_101' title='bbox 697 946 703 965; x_wconf 92' lang='lat'><strong>:</strong></span> <span class='ocrx_word' id='word_1_102' title='bbox 723 935 871 966; x_wconf 75' lang='lat' dir='ltr'>Charitas</span> <span class='ocrx_word' id='word_1_103' title='bbox 886 937 931 965; x_wconf 76' lang='lat' dir='ltr'>esc</span> 
     </span>
     <span class='ocr_line' id='line_1_17' title="bbox 162 986 931 1025; baseline -0.003 -7"><span class='ocrx_word' id='word_1_104' title='bbox 162 987 325 1018; x_wconf 74' lang='lat' dir='ltr'>vinculum</span> <span class='ocrx_word' id='word_1_105' title='bbox 338 987 553 1025; x_wconf 53' lang='lat' dir='ltr'>perfectionis</span> <span class='ocrx_word' id='word_1_106' title='bbox 573 986 615 1016; x_wconf 87' lang='lat' dir='ltr'>ibi</span> <span class='ocrx_word' id='word_1_107' title='bbox 632 986 739 1016; x_wconf 84' lang='lat' dir='ltr'>Glossa</span> <span class='ocrx_word' id='word_1_108' title='bbox 756 997 762 1016; x_wconf 88' lang='lat'>:</span> <span class='ocrx_word' id='word_1_109' title='bbox 784 998 798 1014; x_wconf 87' lang='lat'>«</span> <span class='ocrx_word' id='word_1_110' title='bbox 814 986 931 1016; x_wconf 66' lang='lat' dir='ltr'>Caetera</span> 
     </span>
     <span class='ocr_line' id='line_1_18' title="bbox 162 1038 926 1078; baseline -0.003 -9"><span class='ocrx_word' id='word_1_111' title='bbox 162 1039 244 1069; x_wconf 88' lang='lat' dir='ltr'>dona</span> <span class='ocrx_word' id='word_1_112' title='bbox 263 1040 437 1078; x_wconf 83' lang='lat' dir='ltr'>perfectum</span> <span class='ocrx_word' id='word_1_113' title='bbox 459 1040 591 1076; x_wconf 81' lang='lat' dir='ltr'>faciunt3</span> <span class='ocrx_word' id='word_1_114' title='bbox 620 1039 756 1069; x_wconf 85' lang='lat' dir='ltr'>charitas</span> <span class='ocrx_word' id='word_1_115' title='bbox 770 1039 877 1069; x_wconf 87' lang='lat' dir='ltr'>omnia</span> <span class='ocrx_word' id='word_1_116' title='bbox 890 1038 926 1067; x_wconf 92' lang='lat' dir='ltr'>li-</span> 
     </span>
     <span class='ocr_line' id='line_1_19' title="bbox 163 1092 932 1131; baseline -0.001 -9"><span class='ocrx_word' id='word_1_117' title='bbox 163 1094 227 1130; x_wconf 75' lang='lat' dir='ltr'>gat,</span> <span class='ocrx_word' id='word_1_118' title='bbox 244 1102 282 1122; x_wconf 88' lang='lat' dir='ltr'>ne</span> <span class='ocrx_word' id='word_1_119' title='bbox 300 1092 337 1131; x_wconf 68' lang='lat' dir='ltr'>(al</span> <span class='ocrx_word' id='word_1_120' title='bbox 355 1093 478 1122; x_wconf 85' lang='lat' dir='ltr'>abeant.</span> <span class='ocrx_word' id='word_1_121' title='bbox 495 1103 509 1119; x_wconf 89' lang='lat'>»</span> <span class='ocrx_word' id='word_1_122' title='bbox 534 1092 567 1122; x_wconf 85' lang='lat' dir='ltr'>Si</span> <span class='ocrx_word' id='word_1_123' title='bbox 584 1101 660 1130; x_wconf 77' lang='lat' dir='ltr'>ergo</span> <span class='ocrx_word' id='word_1_124' title='bbox 681 1092 750 1122; x_wconf 79' lang='lat' dir='ltr'>aliae</span> <span class='ocrx_word' id='word_1_125' title='bbox 766 1092 899 1121; x_wconf 83' lang='lat' dir='ltr'>virtutes</span> <span class='ocrx_word' id='word_1_126' title='bbox 914 1101 932 1121; x_wconf 87' lang='lat' dir='ltr'>a</span> 
     </span>
     <span class='ocr_line' id='line_1_20' title="bbox 162 1145 930 1184; baseline 0.001 -10"><span class='ocrx_word' id='word_1_127' title='bbox 162 1145 312 1175; x_wconf 78' lang='lat' dir='ltr'>charitate</span> <span class='ocrx_word' id='word_1_128' title='bbox 324 1145 457 1175; x_wconf 84' lang='lat' dir='ltr'>reddunt</span> <span class='ocrx_word' id='word_1_129' title='bbox 465 1145 633 1175; x_wconf 76' lang='lat' dir='ltr'>habentem</span> <span class='ocrx_word' id='word_1_130' title='bbox 649 1146 833 1184; x_wconf 86' lang='lat' dir='ltr'>perfectum,</span> <span class='ocrx_word' id='word_1_131' title='bbox 843 1145 930 1175; x_wconf 79' lang='lat' dir='ltr'>vide-</span> 
     </span>
     <span class='ocr_line' id='line_1_21' title="bbox 163 1198 932 1237; baseline -0.001 -9"><span class='ocrx_word' id='word_1_132' title='bbox 163 1200 216 1228; x_wconf 93' lang='lat' dir='ltr'>tur</span> <span class='ocrx_word' id='word_1_133' title='bbox 230 1198 314 1237; x_wconf 87' lang='lat' dir='ltr'>quod</span> <span class='ocrx_word' id='word_1_134' title='bbox 329 1199 472 1237; x_wconf 71' lang='lat' dir='ltr'>perfectae</span> <span class='ocrx_word' id='word_1_135' title='bbox 485 1199 546 1228; x_wconf 90' lang='lat' dir='ltr'>sint</span> <span class='ocrx_word' id='word_1_136' title='bbox 562 1198 593 1227; x_wconf 89' lang='lat' dir='ltr'>in</span> <span class='ocrx_word' id='word_1_137' title='bbox 609 1207 640 1228; x_wconf 87' lang='lat' dir='ltr'>sc</span> <span class='ocrx_word' id='word_1_138' title='bbox 662 1207 759 1237; x_wconf 84' lang='lat' dir='ltr'>:ergo</span> <span class='ocrx_word' id='word_1_139' title='bbox 771 1207 835 1228; x_wconf 89' lang='lat' dir='ltr'>non</span> <span class='ocrx_word' id='word_1_140' title='bbox 852 1198 932 1228; x_wconf 86' lang='grc'><strong>111111-</strong></span> 
     </span>
     <span class='ocr_line' id='line_1_22' title="bbox 163 1251 930 1290; baseline 0 -10"><span class='ocrx_word' id='word_1_141' title='bbox 163 1252 240 1288; x_wconf 83' lang='lat' dir='ltr'>gent</span> <span class='ocrx_word' id='word_1_142' title='bbox 259 1251 381 1290; x_wconf 82' lang='lat' dir='ltr'>perfici,</span> <span class='ocrx_word' id='word_1_143' title='bbox 405 1260 462 1281; x_wconf 91' lang='lat' dir='ltr'>nec</span> <span class='ocrx_word' id='word_1_144' title='bbox 482 1252 647 1281; x_wconf 75' lang='lat' dir='ltr'>reformari</span> <span class='ocrx_word' id='word_1_145' title='bbox 671 1251 706 1290; x_wconf 67' lang='lat' dir='ltr'>(b)</span> <span class='ocrx_word' id='word_1_146' title='bbox 731 1261 747 1281; x_wconf 88' lang='lat' dir='ltr'>a</span> <span class='ocrx_word' id='word_1_147' title='bbox 767 1251 930 1281; x_wconf 70' lang='lat' dir='ltr'>charitate.</span> 
     </span>
    </p>

    <p class='ocr_par' dir='ltr' id='par_1_6' title="bbox 162 1303 934 1713">
     <span class='ocr_line' id='line_1_23' title="bbox 202 1303 930 1342; baseline -0.001 -8"><span class='ocrx_word' id='word_1_148' title='bbox 202 1306 231 1334; x_wconf 72' lang='grc' dir='ltr'>ΕΞ.</span> <span class='ocrx_word' id='word_1_149' title='bbox 248 1303 338 1341; x_wconf 87' lang='lat' dir='ltr'>Item,</span> <span class='ocrx_word' id='word_1_150' title='bbox 361 1304 559 1335; x_wconf 88' lang='lat' dir='ltr'>diversorum</span> <span class='ocrx_word' id='word_1_151' title='bbox 583 1305 758 1334; x_wconf 86' lang='lat' dir='ltr'>secundum</span> <span class='ocrx_word' id='word_1_152' title='bbox 782 1304 930 1342; x_wconf 78' lang='lat' dir='ltr'>speciem,</span> 
     </span>
     <span class='ocr_line' id='line_1_24' title="bbox 163 1357 931 1396; baseline 0 -9"><span class='ocrx_word' id='word_1_153' title='bbox 163 1357 296 1387; x_wconf 82' lang='lat' dir='ltr'>diversae</span> <span class='ocrx_word' id='word_1_154' title='bbox 325 1360 399 1387; x_wconf 90' lang='lat' dir='ltr'>sunt</span> <span class='ocrx_word' id='word_1_155' title='bbox 432 1357 638 1396; x_wconf 83' lang='lat' dir='ltr'>perfectiones</span> <span class='ocrx_word' id='word_1_156' title='bbox 663 1357 838 1387; x_wconf 87' lang='lat' dir='ltr'>secundum</span> <span class='ocrx_word' id='word_1_157' title='bbox 863 1366 931 1396; x_wconf 83' lang='lat' dir='ltr'>spe-</span> 
     </span>
     <span class='ocr_line' id='line_1_25' title="bbox 163 1409 931 1448; baseline 0.001 -10"><span class='ocrx_word' id='word_1_158' title='bbox 163 1409 242 1439; x_wconf 89' lang='lat' dir='ltr'>ciem</span> <span class='ocrx_word' id='word_1_159' title='bbox 261 1420 267 1439; x_wconf 83' lang='lat' dir='ltr'>z</span> <span class='ocrx_word' id='word_1_160' title='bbox 285 1410 338 1439; x_wconf 87' lang='lat' dir='ltr'>sed</span> <span class='ocrx_word' id='word_1_161' title='bbox 350 1410 482 1439; x_wconf 82' lang='lat' dir='ltr'>habitus</span> <span class='ocrx_word' id='word_1_162' title='bbox 496 1410 651 1440; x_wconf 87' lang='lat' dir='ltr'>virtutum</span> <span class='ocrx_word' id='word_1_163' title='bbox 668 1410 845 1439; x_wconf 84' lang='lat' dir='ltr'>secundum</span> <span class='ocrx_word' id='word_1_164' title='bbox 862 1418 931 1448; x_wconf 84' lang='lat' dir='ltr'>spe—</span> 
     </span>
     <span class='ocr_line' id='line_1_26' title="bbox 163 1462 933 1501; baseline -0.001 -9"><span class='ocrx_word' id='word_1_165' title='bbox 163 1463 243 1492; x_wconf 85' lang='lat' dir='ltr'>ciem</span> <span class='ocrx_word' id='word_1_166' title='bbox 270 1463 541 1498; x_wconf 85' lang='lat' dir='ltr'>diversificantur,</span> <span class='ocrx_word' id='word_1_167' title='bbox 573 1463 749 1493; x_wconf 80' lang='lat' dir='ltr'>secundum</span> <span class='ocrx_word' id='word_1_168' title='bbox 784 1462 868 1501; x_wconf 87' lang='lat' dir='ltr'>quod</span> <span class='ocrx_word' id='word_1_169' title='bbox 901 1463 933 1491; x_wconf 91' lang='lat' dir='ltr'>in</span> 
     </span>
     <span class='ocr_line' id='line_1_27' title="bbox 162 1516 934 1555; baseline -0.001 -9"><span class='ocrx_word' id='word_1_170' title='bbox 162 1516 410 1555; x_wconf 72' lang='lat' dir='ltr'>praecedentibus</span> <span class='ocrx_word' id='word_1_171' title='bbox 432 1519 478 1546; x_wconf 88' lang='lat' dir='ltr'>est</span> <span class='ocrx_word' id='word_1_172' title='bbox 501 1519 680 1553; x_wconf 80' lang='lat' dir='ltr'>ostensum,</span> <span class='ocrx_word' id='word_1_173' title='bbox 705 1519 735 1547; x_wconf 87' lang='lat' dir='ltr'>et</span> <span class='ocrx_word' id='word_1_174' title='bbox 756 1516 934 1546; x_wconf 88' lang='lat' dir='ltr'>communi-</span> 
     </span>
     <span class='ocr_line' id='line_1_28' title="bbox 164 1569 934 1608; baseline 0 -9"><span class='ocrx_word' id='word_1_175' title='bbox 164 1571 210 1599; x_wconf 85' lang='lat' dir='ltr'>ter</span> <span class='ocrx_word' id='word_1_176' title='bbox 233 1572 381 1599; x_wconf 82' lang='lat' dir='ltr'>tenetur:</span> <span class='ocrx_word' id='word_1_177' title='bbox 409 1578 481 1600; x_wconf 88' lang='lat' dir='ltr'>cum</span> <span class='ocrx_word' id='word_1_178' title='bbox 505 1578 583 1608; x_wconf 80' lang='lat' dir='ltr'>ergo</span> <span class='ocrx_word' id='word_1_179' title='bbox 611 1570 746 1599; x_wconf 79' lang='lat' dir='ltr'>charitas</span> <span class='ocrx_word' id='word_1_180' title='bbox 770 1570 809 1599; x_wconf 90' lang='grc'>511</span> <span class='ocrx_word' id='word_1_181' title='bbox 832 1569 934 1600; x_wconf 85' lang='grc'><strong>11111115</strong></span> 
     </span>
     <span class='ocr_line' id='line_1_29' title="bbox 163 1622 933 1662; baseline 0 -10"><span class='ocrx_word' id='word_1_182' title='bbox 163 1631 238 1658; x_wconf 82' lang='lat' dir='ltr'>una,</span> <span class='ocrx_word' id='word_1_183' title='bbox 261 1623 387 1653; x_wconf 84' lang='lat' dir='ltr'>videtur</span> <span class='ocrx_word' id='word_1_184' title='bbox 410 1622 496 1662; x_wconf 87' lang='lat' dir='ltr'>quod</span> <span class='ocrx_word' id='word_1_185' title='bbox 519 1622 590 1653; x_wconf 81' lang='lat' dir='ltr'>aliae</span> <span class='ocrx_word' id='word_1_186' title='bbox 613 1622 652 1652; x_wconf 82' lang='lat' dir='ltr'>ab</span> <span class='ocrx_word' id='word_1_187' title='bbox 667 1632 703 1652; x_wconf 87' lang='lat' dir='ltr'>ea</span> <span class='ocrx_word' id='word_1_188' title='bbox 718 1622 848 1653; x_wconf 88' lang='lat' dir='ltr'>formari</span> <span class='ocrx_word' id='word_1_189' title='bbox 870 1632 933 1652; x_wconf 91' lang='lat' dir='ltr'>uon</span> 
     </span>
     <span class='ocr_line' id='line_1_30' title="bbox 163 1675 293 1713; baseline 0 -9"><span class='ocrx_word' id='word_1_190' title='bbox 163 1675 293 1713; x_wconf 80' lang='lat' dir='ltr'>possint.</span> 
     </span>
    </p>

    <p class='ocr_par' dir='ltr' id='par_1_7' title="bbox 163 1727 935 2077">
     <span class='ocr_line' id='line_1_31' title="bbox 204 1727 934 1768; baseline 0.001 -10"><span class='ocrx_word' id='word_1_191' title='bbox 204 1730 232 1757; x_wconf 87' lang='lat'>3.</span> <span class='ocrx_word' id='word_1_192' title='bbox 260 1727 353 1766; x_wconf 86' lang='lat' dir='ltr'>Item,</span> <span class='ocrx_word' id='word_1_193' title='bbox 377 1728 504 1768; x_wconf 88' lang='lat' dir='ltr'>quando</span> <span class='ocrx_word' id='word_1_194' title='bbox 530 1728 635 1767; x_wconf 85' lang='lat' dir='ltr'>aliqua</span> <span class='ocrx_word' id='word_1_195' title='bbox 657 1728 720 1758; x_wconf 87' lang='lat' dir='ltr'>duo</span> <span class='ocrx_word' id='word_1_196' title='bbox 742 1728 775 1758; x_wconf 84' lang='lat' dir='ltr'>in</span> <span class='ocrx_word' id='word_1_197' title='bbox 800 1729 934 1759; x_wconf 82' lang='lat' dir='ltr'>diversis</span> 
     </span>
     <span class='ocr_line' id='line_1_32' title="bbox 163 1780 934 1820; baseline 0.001 -10"><span class='ocrx_word' id='word_1_198' title='bbox 163 1780 313 1820; x_wconf 86' lang='lat' dir='ltr'>subjectis</span> <span class='ocrx_word' id='word_1_199' title='bbox 338 1784 429 1818; x_wconf 86' lang='lat' dir='ltr'>sunt,</span> <span class='ocrx_word' id='word_1_200' title='bbox 454 1781 646 1820; x_wconf 77' lang='lat' dir='ltr'>impossibile</span> <span class='ocrx_word' id='word_1_201' title='bbox 670 1783 715 1811; x_wconf 87' lang='lat' dir='ltr'>est</span> <span class='ocrx_word' id='word_1_202' title='bbox 740 1791 843 1811; x_wconf 88' lang='lat' dir='ltr'>unum</span> <span class='ocrx_word' id='word_1_203' title='bbox 867 1791 934 1811; x_wconf 86' lang='grc'><strong>6556</strong></span> 
     </span>
     <span class='ocr_line' id='line_1_33' title="bbox 164 1834 934 1865; baseline 0.004 -3"><span class='ocrx_word' id='word_1_204' title='bbox 164 1834 298 1864; x_wconf 83' lang='lat' dir='ltr'>sormam</span> <span class='ocrx_word' id='word_1_205' title='bbox 313 1834 441 1864; x_wconf 80' lang='lat' dir='ltr'>alterius</span> <span class='ocrx_word' id='word_1_206' title='bbox 458 1844 464 1862; x_wconf 91' lang='lat'>:</span> <span class='ocrx_word' id='word_1_207' title='bbox 480 1834 534 1864; x_wconf 88' lang='lat' dir='ltr'>sed</span> <span class='ocrx_word' id='word_1_208' title='bbox 549 1834 684 1864; x_wconf 85' lang='lat' dir='ltr'>charitas</span> <span class='ocrx_word' id='word_1_209' title='bbox 699 1844 771 1864; x_wconf 89' lang='lat' dir='ltr'>cum</span> <span class='ocrx_word' id='word_1_210' title='bbox 789 1835 858 1864; x_wconf 86' lang='lat' dir='ltr'>aliis</span> <span class='ocrx_word' id='word_1_211' title='bbox 873 1835 934 1865; x_wconf 87' lang='lat' dir='ltr'>vir-</span> 
     </span>
     <span class='ocr_line' id='line_1_34' title="bbox 166 1886 935 1926; baseline 0.003 -11"><span class='ocrx_word' id='word_1_212' title='bbox 166 1886 286 1916; x_wconf 84' lang='lat' dir='ltr'>tutibus</span> <span class='ocrx_word' id='word_1_213' title='bbox 301 1887 448 1917; x_wconf 89' lang='lat' dir='ltr'>omnibus</span> <span class='ocrx_word' id='word_1_214' title='bbox 463 1896 527 1917; x_wconf 90' lang='lat' dir='ltr'>non</span> <span class='ocrx_word' id='word_1_215' title='bbox 538 1887 695 1926; x_wconf 86' lang='lat' dir='ltr'>reperitur</span> <span class='ocrx_word' id='word_1_216' title='bbox 706 1887 738 1915; x_wconf 89' lang='lat' dir='ltr'>in</span> <span class='ocrx_word' id='word_1_217' title='bbox 751 1896 815 1917; x_wconf 88' lang='grc'><strong>11116</strong></span> <span class='ocrx_word' id='word_1_218' title='bbox 828 1890 935 1926; x_wconf 84' lang='lat' dir='ltr'>poten-</span> 
     </span>
     <span class='ocr_line' id='line_1_35' title="bbox 165 1939 934 1979; baseline 0.003 -11"><span class='ocrx_word' id='word_1_219' title='bbox 165 1939 217 1976; x_wconf 83' lang='lat' dir='ltr'>tia,</span> <span class='ocrx_word' id='word_1_220' title='bbox 235 1940 308 1979; x_wconf 83' lang='lat' dir='ltr'>quia</span> <span class='ocrx_word' id='word_1_221' title='bbox 322 1940 455 1971; x_wconf 81' lang='lat' dir='ltr'>diversae</span> <span class='ocrx_word' id='word_1_222' title='bbox 470 1940 604 1970; x_wconf 86' lang='lat' dir='ltr'>virtutes</span> <span class='ocrx_word' id='word_1_223' title='bbox 620 1940 760 1970; x_wconf 87' lang='lat' dir='ltr'>diversas</span> <span class='ocrx_word' id='word_1_224' title='bbox 781 1941 934 1979; x_wconf 69' lang='lat' dir='ltr'>potentias</span> 
     </span>
     <span class='ocr_line' id='line_1_36' title="bbox 166 1993 934 2033; baseline 0.003 -11"><span class='ocrx_word' id='word_1_225' title='bbox 166 1993 338 2032; x_wconf 87' lang='lat' dir='ltr'>respiciunt</span> <span class='ocrx_word' id='word_1_226' title='bbox 358 2002 364 2021; x_wconf 93' lang='lat'>:</span> <span class='ocrx_word' id='word_1_227' title='bbox 381 2002 458 2031; x_wconf 82' lang='lat' dir='ltr'>ergo</span> <span class='ocrx_word' id='word_1_228' title='bbox 473 1993 663 2032; x_wconf 82' lang='lat' dir='ltr'>impossibile</span> <span class='ocrx_word' id='word_1_229' title='bbox 677 1995 722 2023; x_wconf 89' lang='lat' dir='ltr'>est</span> <span class='ocrx_word' id='word_1_230' title='bbox 737 1994 821 2033; x_wconf 87' lang='lat' dir='ltr'>quod</span> <span class='ocrx_word' id='word_1_231' title='bbox 836 1994 934 2025; x_wconf 89' lang='lat' dir='ltr'>virtu-</span> 
     </span>
     <span class='ocr_line' id='line_1_37' title="bbox 165 2046 731 2077; baseline 0.004 -2"><span class='ocrx_word' id='word_1_232' title='bbox 165 2048 211 2076; x_wconf 84' lang='lat' dir='ltr'>tes</span> <span class='ocrx_word' id='word_1_233' title='bbox 225 2046 295 2076; x_wconf 80' lang='lat' dir='ltr'>aliae</span> <span class='ocrx_word' id='word_1_234' title='bbox 311 2056 329 2076; x_wconf 85' lang='lat' dir='ltr'>a</span> <span class='ocrx_word' id='word_1_235' title='bbox 343 2046 495 2076; x_wconf 82' lang='lat' dir='ltr'>charitate</span> <span class='ocrx_word' id='word_1_236' title='bbox 509 2046 731 2077; x_wconf 84' lang='lat' dir='ltr'>informentur.</span> 
     </span>
    </p>

    <p class='ocr_par' dir='ltr' id='par_1_8' title="bbox 165 2099 934 2618">
     <span class='ocr_line' id='line_1_38' title="bbox 203 2099 932 2139; baseline 0.004 -10"><span class='ocrx_word' id='word_1_237' title='bbox 203 2101 233 2129; x_wconf 73' lang='lat'>4.</span> <span class='ocrx_word' id='word_1_238' title='bbox 252 2099 340 2137; x_wconf 85' lang='lat' dir='ltr'>Item,</span> <span class='ocrx_word' id='word_1_239' title='bbox 363 2099 631 2138; x_wconf 83' lang='lat' dir='ltr'>quandocumque</span> <span class='ocrx_word' id='word_1_240' title='bbox 650 2100 758 2139; x_wconf 87' lang='lat' dir='ltr'>aliqua</span> <span class='ocrx_word' id='word_1_241' title='bbox 772 2101 815 2130; x_wconf 92' lang='lat' dir='ltr'>sic</span> <span class='ocrx_word' id='word_1_242' title='bbox 830 2110 861 2131; x_wconf 87' lang='grc'>56</span> <span class='ocrx_word' id='word_1_243' title='bbox 876 2101 932 2132; x_wconf 84' lang='lat' dir='ltr'>ha-</span> 
     </span>
     <span class='ocr_line' id='line_1_39' title="bbox 165 2151 932 2191; baseline 0.004 -11"><span class='ocrx_word' id='word_1_244' title='bbox 165 2151 256 2187; x_wconf 88' lang='lat' dir='ltr'>bent,</span> <span class='ocrx_word' id='word_1_245' title='bbox 281 2151 365 2191; x_wconf 85' lang='lat' dir='ltr'>quod</span> <span class='ocrx_word' id='word_1_246' title='bbox 391 2153 465 2182; x_wconf 89' lang='lat' dir='ltr'>sunt</span> <span class='ocrx_word' id='word_1_247' title='bbox 490 2152 608 2191; x_wconf 83' lang='lat' dir='ltr'>species</span> <span class='ocrx_word' id='word_1_248' title='bbox 630 2152 809 2183; x_wconf 86' lang='lat' dir='ltr'>immediate</span> <span class='ocrx_word' id='word_1_249' title='bbox 833 2163 932 2183; x_wconf 88' lang='lat' dir='ltr'>unum</span> 
     </span>
     <span class='ocr_line' id='line_1_40' title="bbox 165 2204 933 2242; baseline 0.004 -8"><span class='ocrx_word' id='word_1_250' title='bbox 165 2213 268 2242; x_wconf 81' lang='lat' dir='ltr'>genus</span> <span class='ocrx_word' id='word_1_251' title='bbox 284 2204 469 2241; x_wconf 81' lang='lat' dir='ltr'>dividentes,</span> <span class='ocrx_word' id='word_1_252' title='bbox 495 2207 525 2235; x_wconf 91' lang='lat' dir='ltr'>et</span> <span class='ocrx_word' id='word_1_253' title='bbox 545 2205 724 2236; x_wconf 80' lang='lat' dir='ltr'>immediate</span> <span class='ocrx_word' id='word_1_254' title='bbox 746 2206 879 2237; x_wconf 85' lang='lat' dir='ltr'>fluentes</span> <span class='ocrx_word' id='word_1_255' title='bbox 894 2207 933 2237; x_wconf 85' lang='lat' dir='ltr'>ab</span> 
     </span>
     <span class='ocr_line' id='line_1_41' title="bbox 166 2258 934 2299; baseline 0.004 -12"><span class='ocrx_word' id='word_1_256' title='bbox 166 2266 229 2287; x_wconf 88' lang='lat' dir='ltr'>uno</span> <span class='ocrx_word' id='word_1_257' title='bbox 245 2258 407 2296; x_wconf 85' lang='lat' dir='ltr'>principio,</span> <span class='ocrx_word' id='word_1_258' title='bbox 419 2267 522 2288; x_wconf 91' lang='lat' dir='ltr'>unum</span> <span class='ocrx_word' id='word_1_259' title='bbox 537 2258 664 2289; x_wconf 89' lang='lat' dir='ltr'>illorum</span> <span class='ocrx_word' id='word_1_260' title='bbox 677 2269 739 2289; x_wconf 88' lang='lat' dir='ltr'>non</span> <span class='ocrx_word' id='word_1_261' title='bbox 752 2262 851 2299; x_wconf 89' lang='lat' dir='ltr'>potest</span> <span class='ocrx_word' id='word_1_262' title='bbox 865 2270 934 2290; x_wconf 88' lang='grc'><strong>6556</strong></span> 
     </span>
     <span class='ocr_line' id='line_1_42' title="bbox 166 2310 934 2351; baseline 0.005 -13"><span class='ocrx_word' id='word_1_263' title='bbox 166 2310 266 2339; x_wconf 79' lang='lat' dir='ltr'>forma</span> <span class='ocrx_word' id='word_1_264' title='bbox 289 2310 427 2347; x_wconf 88' lang='lat' dir='ltr'>alterius,</span> <span class='ocrx_word' id='word_1_265' title='bbox 454 2311 530 2349; x_wconf 89' lang='lat' dir='ltr'>quia</span> <span class='ocrx_word' id='word_1_266' title='bbox 545 2311 726 2350; x_wconf 85' lang='lat' dir='ltr'>oppositum</span> <span class='ocrx_word' id='word_1_267' title='bbox 750 2321 813 2341; x_wconf 89' lang='lat' dir='ltr'>non</span> <span class='ocrx_word' id='word_1_268' title='bbox 834 2314 934 2351; x_wconf 84' lang='lat' dir='ltr'>potest</span> 
     </span>
     <span class='ocr_line' id='line_1_43' title="bbox 166 2363 933 2405; baseline 0.003 -12"><span class='ocrx_word' id='word_1_269' title='bbox 166 2372 232 2393; x_wconf 81' lang='grc'><strong>6556</strong></span> <span class='ocrx_word' id='word_1_270' title='bbox 247 2363 347 2393; x_wconf 79' lang='lat' dir='ltr'>forma</span> <span class='ocrx_word' id='word_1_271' title='bbox 362 2363 506 2402; x_wconf 83' lang='lat' dir='ltr'>oppositi,</span> <span class='ocrx_word' id='word_1_272' title='bbox 532 2373 589 2393; x_wconf 89' lang='lat' dir='ltr'>nec</span> <span class='ocrx_word' id='word_1_273' title='bbox 609 2364 805 2403; x_wconf 74' lang='lat' dir='ltr'>disparatum</span> <span class='ocrx_word' id='word_1_274' title='bbox 830 2366 933 2405; x_wconf 81' lang='lat' dir='ltr'>dispa-</span> 
     </span>
     <span class='ocr_line' id='line_1_44' title="bbox 166 2415 933 2456; baseline 0.004 -11"><span class='ocrx_word' id='word_1_275' title='bbox 166 2416 224 2446; x_wconf 86' lang='lat' dir='ltr'>rati</span> <span class='ocrx_word' id='word_1_276' title='bbox 246 2427 252 2445; x_wconf 79' lang='lat' dir='ltr'>z</span> <span class='ocrx_word' id='word_1_277' title='bbox 270 2415 322 2445; x_wconf 83' lang='lat' dir='ltr'>sed</span> <span class='ocrx_word' id='word_1_278' title='bbox 336 2415 473 2445; x_wconf 82' lang='lat' dir='ltr'>charitas</span> <span class='ocrx_word' id='word_1_279' title='bbox 484 2415 635 2446; x_wconf 83' lang='lat' dir='ltr'>dividitur</span> <span class='ocrx_word' id='word_1_280' title='bbox 646 2426 684 2446; x_wconf 78' lang='lat' dir='ltr'>ex</span> <span class='ocrx_word' id='word_1_281' title='bbox 701 2418 842 2456; x_wconf 85' lang='lat' dir='ltr'>opposito</span> <span class='ocrx_word' id='word_1_282' title='bbox 858 2428 933 2448; x_wconf 84' lang='lat' dir='ltr'>cum</span> 
     </span>
     <span class='ocr_line' id='line_1_45' title="bbox 165 2467 934 2507; baseline 0.005 -9"><span class='ocrx_word' id='word_1_283' title='bbox 165 2469 234 2499; x_wconf 87' lang='lat' dir='ltr'>aliis</span> <span class='ocrx_word' id='word_1_284' title='bbox 250 2469 430 2499; x_wconf 86' lang='lat' dir='ltr'>virtutibus.</span> <span class='ocrx_word' id='word_1_285' title='bbox 456 2467 494 2498; x_wconf 85' lang='lat' dir='ltr'>Et</span> <span class='ocrx_word' id='word_1_286' title='bbox 514 2468 640 2507; x_wconf 85' lang='lat' dir='ltr'>iterum,</span> <span class='ocrx_word' id='word_1_287' title='bbox 668 2479 778 2501; x_wconf 86' lang='grc'><strong>01111165</strong></span> <span class='ocrx_word' id='word_1_288' title='bbox 799 2471 934 2502; x_wconf 72' lang='lat' dir='ltr'>virtutes</span> 
     </span>
     <span class='ocr_line' id='line_1_46' title="bbox 166 2522 933 2562; baseline 0.004 -9"><span class='ocrx_word' id='word_1_289' title='bbox 166 2523 345 2553; x_wconf 86' lang='lat' dir='ltr'>immediate</span> <span class='ocrx_word' id='word_1_290' title='bbox 359 2522 465 2552; x_wconf 88' lang='lat' dir='ltr'>ssuunt</span> <span class='ocrx_word' id='word_1_291' title='bbox 480 2531 497 2551; x_wconf 82' lang='lat' dir='ltr'>a</span> <span class='ocrx_word' id='word_1_292' title='bbox 512 2522 624 2560; x_wconf 82' lang='lat' dir='ltr'>gratia,</span> <span class='ocrx_word' id='word_1_293' title='bbox 641 2532 714 2562; x_wconf 81' lang='lat' dir='ltr'>quae</span> <span class='ocrx_word' id='word_1_294' title='bbox 729 2528 774 2555; x_wconf 88' lang='lat' dir='ltr'>est</span> <span class='ocrx_word' id='word_1_295' title='bbox 789 2527 933 2556; x_wconf 88' lang='lat' dir='ltr'>omnium</span> 
     </span>
     <span class='ocr_line' id='line_1_47' title="bbox 165 2575 934 2618; baseline 0.004 -12"><span class='ocrx_word' id='word_1_296' title='bbox 165 2576 257 2614; x_wconf 84' lang='lat' dir='ltr'>origo</span> <span class='ocrx_word' id='word_1_297' title='bbox 273 2577 304 2605; x_wconf 88' lang='grc'>61</span> <span class='ocrx_word' id='word_1_298' title='bbox 316 2575 419 2606; x_wconf 84' lang='lat' dir='ltr'>fornia</span> <span class='ocrx_word' id='word_1_299' title='bbox 436 2585 442 2604; x_wconf 91' lang='lat'>:</span> <span class='ocrx_word' id='word_1_300' title='bbox 461 2583 538 2613; x_wconf 76' lang='lat' dir='ltr'>ergo</span> <span class='ocrx_word' id='word_1_301' title='bbox 559 2584 622 2605; x_wconf 79' lang='lat' dir='ltr'>uua</span> <span class='ocrx_word' id='word_1_302' title='bbox 637 2576 740 2607; x_wconf 71' lang='lat' dir='ltr'>viz-tus</span> <span class='ocrx_word' id='word_1_303' title='bbox 754 2587 817 2609; x_wconf 90' lang='lat' dir='ltr'>nou</span> <span class='ocrx_word' id='word_1_304' title='bbox 835 2581 934 2618; x_wconf 79' lang='lat' dir='ltr'>potest</span> 
     </span>
    </p>

    <p class='ocr_par' dir='ltr' id='par_1_9' title="bbox 200 2637 517 2667">
     <span class='ocr_line' id='line_1_48' title="bbox 200 2637 517 2667; baseline -0.006 -7"><span class='ocrx_word' id='word_1_305' title='bbox 200 2637 230 2667; x_wconf 63' lang='lat' dir='ltr'>(a)</span> <span class='ocrx_word' id='word_1_306' title='bbox 244 2637 311 2660; x_wconf 73' lang='lat' dir='ltr'>Etlz&#39;l.</span> <span class='ocrx_word' id='word_1_307' title='bbox 330 2637 384 2661; x_wconf 69' lang='lat' dir='ltr'>Ven.</span> <span class='ocrx_word' id='word_1_308' title='bbox 400 2637 496 2659; x_wconf 60' lang='lat' dir='ltr'>buliu-¹11.</span> <span class='ocrx_word' id='word_1_309' title='bbox 513 2655 517 2658; x_wconf 84' lang='lat'>.</span> 
     </span>
    </p>

    <p class='ocr_par' dir='ltr' id='par_1_10' title="bbox 323 2690 454 2711">
     <span class='ocr_line' id='line_1_49' title="bbox 323 2690 454 2711; baseline 0.008 -1"><span class='ocrx_word' id='word_1_310' title='bbox 323 2690 396 2711; x_wconf 77' lang='grc'><strong>1011.</strong></span> <span class='ocrx_word' id='word_1_311' title='bbox 422 2690 454 2711; x_wconf 87' lang='grc'>11.</span> 
     </span>
    </p>
   </div>
   <div class='ocr_carea' id='block_1_4' title="bbox 537 2637 769 2666">
    <p class='ocr_par' dir='ltr' id='par_1_11' title="bbox 537 2637 769 2666">
     <span class='ocr_line' id='line_1_50' title="bbox 537 2637 769 2666; baseline 0.013 -7"><span class='ocrx_word' id='word_1_312' title='bbox 537 2650 563 2652; x_wconf 30' lang='lat' dir='ltr'>ff—</span> <span class='ocrx_word' id='word_1_313' title='bbox 577 2637 608 2666; x_wconf 66' lang='lat' dir='ltr'>(b)</span> <span class='ocrx_word' id='word_1_314' title='bbox 624 2638 769 2663; x_wconf 69' lang='lat' dir='ltr'>deformari.</span> 
     </span>
    </p>
   </div>
   <div class='ocr_carea' id='block_1_5' title="bbox 1692 185 1750 214">
    <p class='ocr_par' dir='ltr' id='par_1_12' title="bbox 1692 185 1750 214">
     <span class='ocr_line' id='line_1_51' title="bbox 1692 185 1750 214; baseline 0 0"><span class='ocrx_word' id='word_1_315' title='bbox 1692 185 1750 214; x_wconf 76' lang='lat'>145</span> 
     </span>
    </p>
   </div>
   <div class='ocr_carea' id='block_1_6' title="bbox 982 245 1759 1240">
    <p class='ocr_par' dir='ltr' id='par_1_13' title="bbox 982 245 1751 389">
     <span class='ocr_line' id='line_1_52' title="bbox 982 245 1751 286; baseline 0.009 -12"><span class='ocrx_word' id='word_1_316' title='bbox 982 245 1152 275; x_wconf 87' lang='lat' dir='ltr'>informare</span> <span class='ocrx_word' id='word_1_317' title='bbox 1174 246 1305 276; x_wconf 84' lang='lat' dir='ltr'>alteram</span> <span class='ocrx_word' id='word_1_318' title='bbox 1323 256 1330 277; x_wconf 72' lang='grc' dir='ltr'>ι</span> <span class='ocrx_word' id='word_1_319' title='bbox 1347 249 1378 276; x_wconf 88' lang='grc'>61</span> <span class='ocrx_word' id='word_1_320' title='bbox 1398 256 1454 286; x_wconf 88' lang='lat' dir='ltr'>per</span> <span class='ocrx_word' id='word_1_321' title='bbox 1473 248 1532 279; x_wconf 89' lang='lat' dir='ltr'>hoc</span> <span class='ocrx_word' id='word_1_322' title='bbox 1553 249 1751 281; x_wconf 81' lang='lat' dir='ltr'>concluditur</span> 
     </span>
     <span class='ocr_line' id='line_1_53' title="bbox 983 298 1751 337; baseline 0.009 -10"><span class='ocrx_word' id='word_1_323' title='bbox 983 298 1067 337; x_wconf 84' lang='lat' dir='ltr'>quod</span> <span class='ocrx_word' id='word_1_324' title='bbox 1082 298 1143 328; x_wconf 76' lang='lat' dir='ltr'>illae</span> <span class='ocrx_word' id='word_1_325' title='bbox 1153 299 1286 329; x_wconf 89' lang='lat' dir='ltr'>virtutes</span> <span class='ocrx_word' id='word_1_326' title='bbox 1300 308 1365 328; x_wconf 91' lang='lat' dir='ltr'>non</span> <span class='ocrx_word' id='word_1_327' title='bbox 1380 299 1585 332; x_wconf 85' lang='lat' dir='ltr'>formantura</span> <span class='ocrx_word' id='word_1_328' title='bbox 1600 302 1751 334; x_wconf 82' lang='lat' dir='ltr'>charitate</span> 
     </span>
     <span class='ocr_line' id='line_1_54' title="bbox 983 350 1235 389; baseline 0.008 -10"><span class='ocrx_word' id='word_1_329' title='bbox 983 350 1040 379; x_wconf 89' lang='lat' dir='ltr'>sibi</span> <span class='ocrx_word' id='word_1_330' title='bbox 1058 352 1235 389; x_wconf 74' lang='lat' dir='ltr'>conjuncta.</span> 
     </span>
    </p>

    <p class='ocr_par' dir='ltr' id='par_1_14' title="bbox 984 404 1757 914">
     <span class='ocr_line' id='line_1_55' title="bbox 1024 404 1750 448; baseline 0.01 -15"><span class='ocrx_word' id='word_1_331' title='bbox 1024 406 1052 434; x_wconf 83' lang='lat'>5.</span> <span class='ocrx_word' id='word_1_332' title='bbox 1071 404 1148 434; x_wconf 86' lang='lat' dir='ltr'>Item</span> <span class='ocrx_word' id='word_1_333' title='bbox 1163 405 1273 435; x_wconf 84' lang='lat' dir='ltr'>formae</span> <span class='ocrx_word' id='word_1_334' title='bbox 1289 414 1352 435; x_wconf 88' lang='lat' dir='ltr'>non</span> <span class='ocrx_word' id='word_1_335' title='bbox 1369 408 1414 436; x_wconf 83' lang='lat' dir='ltr'>est</span> <span class='ocrx_word' id='word_1_336' title='bbox 1432 406 1542 446; x_wconf 79' lang='lat' dir='ltr'>forma,</span> <span class='ocrx_word' id='word_1_337' title='bbox 1560 417 1617 438; x_wconf 89' lang='lat' dir='ltr'>nec</span> <span class='ocrx_word' id='word_1_338' title='bbox 1633 410 1750 448; x_wconf 85' lang='lat' dir='ltr'>perfec—</span> 
     </span>
     <span class='ocr_line' id='line_1_56' title="bbox 984 456 1752 499; baseline 0.009 -14"><span class='ocrx_word' id='word_1_339' title='bbox 984 456 1077 486; x_wconf 82' lang='lat' dir='ltr'>tionis</span> <span class='ocrx_word' id='word_1_340' title='bbox 1092 457 1249 495; x_wconf 82' lang='lat' dir='ltr'>perfectio,</span> <span class='ocrx_word' id='word_1_341' title='bbox 1268 467 1325 488; x_wconf 86' lang='lat' dir='ltr'>nec</span> <span class='ocrx_word' id='word_1_342' title='bbox 1338 458 1442 488; x_wconf 89' lang='lat' dir='ltr'>ultimi</span> <span class='ocrx_word' id='word_1_343' title='bbox 1460 459 1587 499; x_wconf 87' lang='lat' dir='ltr'>aliquod</span> <span class='ocrx_word' id='word_1_344' title='bbox 1603 461 1752 492; x_wconf 89' lang='lat' dir='ltr'>ultimum</span> 
     </span>
     <span class='ocr_line' id='line_1_57' title="bbox 984 510 1752 550; baseline 0.007 -11"><span class='ocrx_word' id='word_1_345' title='bbox 984 510 1133 549; x_wconf 81' lang='lat' dir='ltr'>reperire,</span> <span class='ocrx_word' id='word_1_346' title='bbox 1151 510 1225 549; x_wconf 85' lang='lat' dir='ltr'>quia</span> <span class='ocrx_word' id='word_1_347' title='bbox 1237 512 1305 550; x_wconf 86' lang='lat' dir='ltr'>jam</span> <span class='ocrx_word' id='word_1_348' title='bbox 1321 514 1402 542; x_wconf 87' lang='lat' dir='ltr'>esset</span> <span class='ocrx_word' id='word_1_349' title='bbox 1418 512 1504 543; x_wconf 89' lang='lat' dir='ltr'>abire</span> <span class='ocrx_word' id='word_1_350' title='bbox 1519 513 1551 543; x_wconf 88' lang='lat' dir='ltr'>iu</span> <span class='ocrx_word' id='word_1_351' title='bbox 1566 513 1729 544; x_wconf 88' lang='lat' dir='ltr'>infinitum</span> <span class='ocrx_word' id='word_1_352' title='bbox 1746 525 1752 543; x_wconf 73' lang='grc' dir='ltr'><strong><em>ι</em></strong></span> 
     </span>
     <span class='ocr_line' id='line_1_58' title="bbox 985 563 1755 606; baseline 0.005 -13"><span class='ocrx_word' id='word_1_353' title='bbox 985 564 1037 593; x_wconf 82' lang='grc'><strong>56(1</strong></span> <span class='ocrx_word' id='word_1_354' title='bbox 1066 563 1214 602; x_wconf 81' lang='lat' dir='ltr'>quaelibet</span> <span class='ocrx_word' id='word_1_355' title='bbox 1236 564 1338 594; x_wconf 85' lang='lat' dir='ltr'>virtus</span> <span class='ocrx_word' id='word_1_356' title='bbox 1368 565 1469 596; x_wconf 82' lang='lat' dir='ltr'>forma</span> <span class='ocrx_word' id='word_1_357' title='bbox 1505 567 1550 596; x_wconf 83' lang='lat' dir='ltr'>est</span> <span class='ocrx_word' id='word_1_358' title='bbox 1567 590 1574 604; x_wconf 92' lang='lat'>,</span> <span class='ocrx_word' id='word_1_359' title='bbox 1607 568 1755 606; x_wconf 80' lang='lat' dir='ltr'>quaetibet</span> 
     </span>
     <span class='ocr_line' id='line_1_59' title="bbox 985 616 1756 658; baseline 0.008 -14"><span class='ocrx_word' id='word_1_360' title='bbox 985 616 1079 645; x_wconf 86' lang='lat' dir='ltr'>etiam</span> <span class='ocrx_word' id='word_1_361' title='bbox 1094 616 1240 655; x_wconf 75' lang='lat' dir='ltr'>perfectio</span> <span class='ocrx_word' id='word_1_362' title='bbox 1256 617 1403 656; x_wconf 63' lang='lat' dir='ltr'>potentia}</span> <span class='ocrx_word' id='word_1_363' title='bbox 1418 620 1474 656; x_wconf 69' lang='lat' dir='ltr'>est,</span> <span class='ocrx_word' id='word_1_364' title='bbox 1496 619 1645 658; x_wconf 64' lang='lat' dir='ltr'>quaelibet</span> <span class='ocrx_word' id='word_1_365' title='bbox 1661 620 1756 650; x_wconf 88' lang='lat' dir='ltr'>nihil-</span> 
     </span>
     <span class='ocr_line' id='line_1_60' title="bbox 985 669 1756 711; baseline 0.008 -13"><span class='ocrx_word' id='word_1_366' title='bbox 985 669 1112 698; x_wconf 88' lang='lat' dir='ltr'>ominus</span> <span class='ocrx_word' id='word_1_367' title='bbox 1133 671 1178 699; x_wconf 85' lang='lat' dir='ltr'>est</span> <span class='ocrx_word' id='word_1_368' title='bbox 1200 670 1350 700; x_wconf 87' lang='lat' dir='ltr'>ultimum</span> <span class='ocrx_word' id='word_1_369' title='bbox 1373 672 1522 710; x_wconf 76' lang='lat' dir='ltr'>potentiae</span> <span class='ocrx_word' id='word_1_370' title='bbox 1539 682 1545 700; x_wconf 71' lang='grc' dir='ltr'><em>τ</em></span> <span class='ocrx_word' id='word_1_371' title='bbox 1563 682 1641 711; x_wconf 80' lang='lat' dir='ltr'>ergo</span> <span class='ocrx_word' id='word_1_372' title='bbox 1665 674 1756 704; x_wconf 89' lang='lat' dir='ltr'>vide-</span> 
     </span>
     <span class='ocr_line' id='line_1_61' title="bbox 986 722 1757 766; baseline 0.006 -14"><span class='ocrx_word' id='word_1_373' title='bbox 986 725 1038 752; x_wconf 86' lang='lat' dir='ltr'>tur</span> <span class='ocrx_word' id='word_1_374' title='bbox 1064 722 1148 762; x_wconf 85' lang='lat' dir='ltr'>quod</span> <span class='ocrx_word' id='word_1_375' title='bbox 1167 732 1229 752; x_wconf 88' lang='lat' dir='ltr'>una</span> <span class='ocrx_word' id='word_1_376' title='bbox 1242 723 1343 754; x_wconf 90' lang='lat' dir='ltr'>virtus</span> <span class='ocrx_word' id='word_1_377' title='bbox 1357 723 1451 754; x_wconf 83' lang='lat' dir='ltr'>aliam</span> <span class='ocrx_word' id='word_1_378' title='bbox 1466 725 1601 755; x_wconf 83' lang='lat' dir='ltr'>formam</span> <span class='ocrx_word' id='word_1_379' title='bbox 1616 735 1634 756; x_wconf 90' lang='lat' dir='ltr'>a</span> <span class='ocrx_word' id='word_1_380' title='bbox 1655 726 1757 766; x_wconf 84' lang='lat' dir='ltr'>seipsa</span> 
     </span>
     <span class='ocr_line' id='line_1_62' title="bbox 986 776 1757 814; baseline 0.006 -9"><span class='ocrx_word' id='word_1_381' title='bbox 986 785 1050 805; x_wconf 87' lang='lat' dir='ltr'>nou</span> <span class='ocrx_word' id='word_1_382' title='bbox 1074 776 1169 814; x_wconf 86' lang='lat' dir='ltr'>possit</span> <span class='ocrx_word' id='word_1_383' title='bbox 1190 776 1319 814; x_wconf 88' lang='lat' dir='ltr'>habere,</span> <span class='ocrx_word' id='word_1_384' title='bbox 1342 777 1392 806; x_wconf 87' lang='lat' dir='ltr'>vel</span> <span class='ocrx_word' id='word_1_385' title='bbox 1416 777 1586 808; x_wconf 85' lang='lat' dir='ltr'>informare</span> <span class='ocrx_word' id='word_1_386' title='bbox 1604 789 1610 809; x_wconf 75' lang='grc' dir='ltr'>ε</span> <span class='ocrx_word' id='word_1_387' title='bbox 1631 779 1757 810; x_wconf 87' lang='lat' dir='ltr'>videtur</span> 
     </span>
     <span class='ocr_line' id='line_1_63' title="bbox 987 828 1756 871; baseline 0.008 -14"><span class='ocrx_word' id='word_1_388' title='bbox 987 837 1065 867; x_wconf 79' lang='lat' dir='ltr'>ergo</span> <span class='ocrx_word' id='word_1_389' title='bbox 1078 828 1204 865; x_wconf 76' lang='lat' dir='ltr'>falsum,</span> <span class='ocrx_word' id='word_1_390' title='bbox 1222 830 1252 859; x_wconf 85' lang='lat' dir='ltr'>et</span> <span class='ocrx_word' id='word_1_391' title='bbox 1270 838 1335 859; x_wconf 86' lang='lat' dir='ltr'>non</span> <span class='ocrx_word' id='word_1_392' title='bbox 1352 829 1562 869; x_wconf 73' lang='lat' dir='ltr'>intelligibile,</span> <span class='ocrx_word' id='word_1_393' title='bbox 1587 832 1673 871; x_wconf 88' lang='lat' dir='ltr'>quod</span> <span class='ocrx_word' id='word_1_394' title='bbox 1687 832 1756 863; x_wconf 82' lang='lat' dir='ltr'>aliae</span> 
     </span>
     <span class='ocr_line' id='line_1_64' title="bbox 986 881 1516 914; baseline 0.006 -4"><span class='ocrx_word' id='word_1_395' title='bbox 986 881 1119 911; x_wconf 83' lang='lat' dir='ltr'>virtutes</span> <span class='ocrx_word' id='word_1_396' title='bbox 1134 882 1309 911; x_wconf 84' lang='lat' dir='ltr'>formentur</span> <span class='ocrx_word' id='word_1_397' title='bbox 1323 891 1341 911; x_wconf 89' lang='lat' dir='ltr'>a</span> <span class='ocrx_word' id='word_1_398' title='bbox 1355 882 1516 914; x_wconf 86' lang='lat' dir='ltr'>charitate.</span> 
     </span>
    </p>

    <p class='ocr_par' dir='ltr' id='par_1_15' title="bbox 988 933 1759 1240">
     <span class='ocr_line' id='line_1_65' title="bbox 1026 933 1758 971; baseline 0.007 -9"><span class='ocrx_word' id='word_1_399' title='bbox 1026 937 1054 963; x_wconf 78' lang='lat' dir='ltr'>o&#39;.</span> <span class='ocrx_word' id='word_1_400' title='bbox 1077 933 1166 971; x_wconf 84' lang='lat' dir='ltr'>Item,</span> <span class='ocrx_word' id='word_1_401' title='bbox 1191 934 1217 963; x_wconf 85' lang='lat' dir='ltr'>si</span> <span class='ocrx_word' id='word_1_402' title='bbox 1235 934 1305 964; x_wconf 76' lang='lat' dir='ltr'>aliae</span> <span class='ocrx_word' id='word_1_403' title='bbox 1326 935 1459 965; x_wconf 87' lang='lat' dir='ltr'>virtutes</span> <span class='ocrx_word' id='word_1_404' title='bbox 1483 945 1501 965; x_wconf 91' lang='lat' dir='ltr'>a</span> <span class='ocrx_word' id='word_1_405' title='bbox 1523 936 1673 967; x_wconf 81' lang='lat' dir='ltr'>charitate</span> <span class='ocrx_word' id='word_1_406' title='bbox 1694 938 1758 967; x_wconf 84' lang='lat' dir='ltr'>for-</span> 
     </span>
     <span class='ocr_line' id='line_1_66' title="bbox 988 987 1758 1028; baseline 0.006 -13"><span class='ocrx_word' id='word_1_407' title='bbox 988 988 1126 1022; x_wconf 90' lang='lat' dir='ltr'>mentur,</span> <span class='ocrx_word' id='word_1_408' title='bbox 1150 989 1179 1016; x_wconf 88' lang='lat' dir='ltr'>et</span> <span class='ocrx_word' id='word_1_409' title='bbox 1192 987 1310 1017; x_wconf 87' lang='lat' dir='ltr'>habent</span> <span class='ocrx_word' id='word_1_410' title='bbox 1335 997 1402 1018; x_wconf 87' lang='lat' dir='ltr'>esse</span> <span class='ocrx_word' id='word_1_411' title='bbox 1418 989 1556 1027; x_wconf 87' lang='lat' dir='ltr'>virtutis,</span> <span class='ocrx_word' id='word_1_412' title='bbox 1575 990 1676 1028; x_wconf 82' lang='lat' dir='ltr'>igitur</span> <span class='ocrx_word' id='word_1_413' title='bbox 1691 999 1758 1020; x_wconf 88' lang='grc'><strong>6556</strong></span> 
     </span>
     <span class='ocr_line' id='line_1_67' title="bbox 988 1039 1758 1081; baseline 0.005 -13"><span class='ocrx_word' id='word_1_414' title='bbox 988 1039 1138 1069; x_wconf 85' lang='lat' dir='ltr'>virtutem</span> <span class='ocrx_word' id='word_1_415' title='bbox 1154 1039 1212 1069; x_wconf 87' lang='lat' dir='ltr'>soli</span> <span class='ocrx_word' id='word_1_416' title='bbox 1234 1040 1378 1070; x_wconf 86' lang='lat' dir='ltr'>charitati</span> <span class='ocrx_word' id='word_1_417' title='bbox 1391 1042 1538 1071; x_wconf 87' lang='lat' dir='ltr'>convenit</span> <span class='ocrx_word' id='word_1_418' title='bbox 1554 1050 1609 1081; x_wconf 89' lang='lat' dir='ltr'>per</span> <span class='ocrx_word' id='word_1_419' title='bbox 1625 1051 1668 1079; x_wconf 86' lang='grc'>56,</span> <span class='ocrx_word' id='word_1_420' title='bbox 1690 1042 1758 1072; x_wconf 84' lang='grc'><strong>61115</strong></span> 
     </span>
     <span class='ocr_line' id='line_1_68' title="bbox 988 1093 1756 1133; baseline 0.005 -12"><span class='ocrx_word' id='word_1_421' title='bbox 988 1100 1063 1121; x_wconf 81' lang='lat' dir='ltr'>vero</span> <span class='ocrx_word' id='word_1_422' title='bbox 1081 1101 1137 1131; x_wconf 83' lang='lat' dir='ltr'>per</span> <span class='ocrx_word' id='word_1_423' title='bbox 1156 1093 1299 1123; x_wconf 86' lang='lat' dir='ltr'>accidens</span> <span class='ocrx_word' id='word_1_424' title='bbox 1315 1105 1320 1123; x_wconf 88' lang='lat'>:</span> <span class='ocrx_word' id='word_1_425' title='bbox 1347 1094 1431 1133; x_wconf 85' lang='lat' dir='ltr'>quod</span> <span class='ocrx_word' id='word_1_426' title='bbox 1447 1094 1472 1124; x_wconf 92' lang='lat' dir='ltr'>si</span> <span class='ocrx_word' id='word_1_427' title='bbox 1495 1094 1555 1125; x_wconf 88' lang='lat' dir='ltr'>hoc</span> <span class='ocrx_word' id='word_1_428' title='bbox 1571 1096 1616 1124; x_wconf 90' lang='lat' dir='ltr'>cst</span> <span class='ocrx_word' id='word_1_429' title='bbox 1630 1095 1756 1133; x_wconf 83' lang='lat' dir='ltr'>salsum,</span> 
     </span>
     <span class='ocr_line' id='line_1_69' title="bbox 989 1145 1759 1187; baseline 0.008 -14"><span class='ocrx_word' id='word_1_430' title='bbox 989 1145 1053 1174; x_wconf 87' lang='lat' dir='ltr'>iino</span> <span class='ocrx_word' id='word_1_431' title='bbox 1074 1145 1144 1175; x_wconf 70' lang='lat' dir='ltr'>aliae</span> <span class='ocrx_word' id='word_1_432' title='bbox 1161 1146 1297 1176; x_wconf 86' lang='lat' dir='ltr'>virtutes</span> <span class='ocrx_word' id='word_1_433' title='bbox 1318 1155 1374 1185; x_wconf 90' lang='lat' dir='ltr'>per</span> <span class='ocrx_word' id='word_1_434' title='bbox 1392 1156 1425 1177; x_wconf 85' lang='grc'>56</span> <span class='ocrx_word' id='word_1_435' title='bbox 1445 1147 1602 1187; x_wconf 88' lang='lat' dir='ltr'>loquendo</span> <span class='ocrx_word' id='word_1_436' title='bbox 1626 1148 1759 1179; x_wconf 77' lang='lat' dir='ltr'>virtutes</span> 
     </span>
     <span class='ocr_line' id='line_1_70' title="bbox 988 1199 1759 1240; baseline 0.008 -14"><span class='ocrx_word' id='word_1_437' title='bbox 988 1200 1071 1234; x_wconf 79' lang='lat' dir='ltr'>suut,</span> <span class='ocrx_word' id='word_1_438' title='bbox 1089 1207 1163 1228; x_wconf 90' lang='lat' dir='ltr'>cum</span> <span class='ocrx_word' id='word_1_439' title='bbox 1177 1199 1239 1228; x_wconf 90' lang='lat' dir='ltr'>sint</span> <span class='ocrx_word' id='word_1_440' title='bbox 1254 1199 1372 1238; x_wconf 85' lang='lat' dir='ltr'>species</span> <span class='ocrx_word' id='word_1_441' title='bbox 1387 1200 1525 1238; x_wconf 88' lang='lat' dir='ltr'>virtutis,</span> <span class='ocrx_word' id='word_1_442' title='bbox 1540 1210 1618 1240; x_wconf 78' lang='lat' dir='ltr'>ergo</span> <span class='ocrx_word' id='word_1_443' title='bbox 1634 1201 1759 1232; x_wconf 87' lang='lat' dir='ltr'>videtur</span> 
     </span>
    </p>
   </div>
   <div class='ocr_carea' id='block_1_7' title="bbox 987 1251 1759 1334">
    <p class='ocr_par' dir='ltr' id='par_1_16' title="bbox 987 1251 1759 1334">
     <span class='ocr_line' id='line_1_71' title="bbox 988 1251 1759 1291; baseline 0.005 -11"><span class='ocrx_word' id='word_1_444' title='bbox 988 1251 1073 1289; x_wconf 81' lang='lat' dir='ltr'>quod</span> <span class='ocrx_word' id='word_1_445' title='bbox 1088 1251 1147 1281; x_wconf 90' lang='lat' dir='ltr'>hoc</span> <span class='ocrx_word' id='word_1_446' title='bbox 1163 1251 1202 1281; x_wconf 80' lang='lat' dir='ltr'>sit</span> <span class='ocrx_word' id='word_1_447' title='bbox 1214 1251 1340 1289; x_wconf 83' lang='lat' dir='ltr'>falsum,</span> <span class='ocrx_word' id='word_1_448' title='bbox 1356 1253 1440 1291; x_wconf 89' lang='lat' dir='ltr'>quod</span> <span class='ocrx_word' id='word_1_449' title='bbox 1455 1253 1592 1284; x_wconf 82' lang='lat' dir='ltr'>charitas</span> <span class='ocrx_word' id='word_1_450' title='bbox 1603 1254 1643 1284; x_wconf 89' lang='lat' dir='ltr'>sit</span> <span class='ocrx_word' id='word_1_451' title='bbox 1656 1254 1759 1284; x_wconf 82' lang='lat' dir='ltr'>forma</span> 
     </span>
     <span class='ocr_line' id='line_1_72' title="bbox 987 1303 1155 1334; baseline 0.006 -1"><span class='ocrx_word' id='word_1_452' title='bbox 987 1303 1155 1334; x_wconf 85' lang='lat' dir='ltr'>virtutum.</span> 
     </span>
    </p>
   </div>
   <div class='ocr_carea' id='block_1_8' title="bbox 1257 1378 1481 1411">
    <p class='ocr_par' dir='ltr' id='par_1_17' title="bbox 1257 1378 1481 1411">
     <span class='ocr_line' id='line_1_73' title="bbox 1257 1378 1481 1411; baseline 0.009 -3"><span class='ocrx_word' id='word_1_453' title='bbox 1257 1378 1481 1411; x_wconf 84' lang='lat' dir='ltr'>CONCLUSIO.</span> 
     </span>
    </p>
   </div>
   <div class='ocr_carea' id='block_1_9' title="bbox 991 1454 1761 1579">
    <p class='ocr_par' dir='ltr' id='par_1_18' title="bbox 991 1454 1761 1579">
     <span class='ocr_line' id='line_1_74' title="bbox 991 1454 1761 1495; baseline 0.009 -15"><span class='ocrx_word' id='word_1_454' title='bbox 991 1454 1085 1481; x_wconf 77' lang='lat' dir='ltr'>Omnes</span> <span class='ocrx_word' id='word_1_455' title='bbox 1099 1457 1213 1482; x_wconf 74' lang='lat' dir='ltr'>virtutes</span> <span class='ocrx_word' id='word_1_456' title='bbox 1233 1458 1419 1489; x_wconf 75' lang='lat' dir='ltr'>informantur</span> <span class='ocrx_word' id='word_1_457' title='bbox 1438 1466 1455 1484; x_wconf 83' lang='grc' dir='ltr'><em>α</em></span> <span class='ocrx_word' id='word_1_458' title='bbox 1469 1458 1613 1489; x_wconf 76' lang='lat' dir='ltr'>charitate,</span> <span class='ocrx_word' id='word_1_459' title='bbox 1631 1461 1695 1493; x_wconf 76' lang='lat' dir='ltr'>qaia</span> <span class='ocrx_word' id='word_1_460' title='bbox 1711 1468 1761 1495; x_wconf 75' lang='lat' dir='ltr'>per</span> 
     </span>
     <span class='ocr_line' id='line_1_75' title="bbox 1024 1501 1761 1537; baseline 0.008 -12"><span class='ocrx_word' id='word_1_461' title='bbox 1024 1501 1109 1533; x_wconf 77' lang='lat' dir='ltr'>ipsam</span> <span class='ocrx_word' id='word_1_462' title='bbox 1125 1508 1211 1526; x_wconf 79' lang='lat' dir='ltr'>omnes</span> <span class='ocrx_word' id='word_1_463' title='bbox 1222 1502 1365 1528; x_wconf 75' lang='lat' dir='ltr'>intendant</span> <span class='ocrx_word' id='word_1_464' title='bbox 1380 1504 1408 1528; x_wconf 75' lang='lat' dir='ltr'>in</span> <span class='ocrx_word' id='word_1_465' title='bbox 1417 1504 1494 1536; x_wconf 78' lang='lat' dir='ltr'>finem</span> <span class='ocrx_word' id='word_1_466' title='bbox 1509 1504 1644 1537; x_wconf 73' lang='lat' dir='ltr'>ultimum,</span> <span class='ocrx_word' id='word_1_467' title='bbox 1656 1506 1681 1530; x_wconf 81' lang='lat' dir='ltr'>et</span> <span class='ocrx_word' id='word_1_468' title='bbox 1695 1512 1761 1531; x_wconf 87' lang='lat' dir='ltr'>com-</span> 
     </span>
     <span class='ocr_line' id='line_1_76' title="bbox 1021 1544 1342 1579; baseline 0.009 -10"><span class='ocrx_word' id='word_1_469' title='bbox 1021 1544 1182 1577; x_wconf 74' lang='lat' dir='ltr'>plementum</span> <span class='ocrx_word' id='word_1_470' title='bbox 1197 1546 1342 1579; x_wconf 75' lang='lat' dir='ltr'>accipiunt.</span> 
     </span>
    </p>
   </div>
   <div class='ocr_carea' id='block_1_10' title="bbox 989 1622 1762 2673">
    <p class='ocr_par' dir='ltr' id='par_1_19' title="bbox 989 1622 1762 2621">
     <span class='ocr_line' id='line_1_77' title="bbox 1031 1622 1761 1666; baseline 0.01 -15"><span class='ocrx_word' id='word_1_471' title='bbox 1031 1622 1120 1662; x_wconf 83' lang='lat' dir='ltr'>Resp.</span> <span class='ocrx_word' id='word_1_472' title='bbox 1138 1624 1177 1653; x_wconf 90' lang='lat' dir='ltr'>ad</span> <span class='ocrx_word' id='word_1_473' title='bbox 1193 1633 1262 1663; x_wconf 83' lang='lat' dir='ltr'>arg.</span> <span class='ocrx_word' id='word_1_474' title='bbox 1283 1625 1328 1656; x_wconf 87' lang='lat' dir='ltr'>Ad</span> <span class='ocrx_word' id='word_1_475' title='bbox 1344 1626 1567 1665; x_wconf 70' lang='lat' dir='ltr'>praedictorum</span> <span class='ocrx_word' id='word_1_476' title='bbox 1582 1627 1761 1666; x_wconf 80' lang='lat' dir='ltr'>intelligen-</span> 
     </span>
     <span class='ocr_line' id='line_1_78' title="bbox 990 1676 1762 1720; baseline 0.008 -14"><span class='ocrx_word' id='word_1_477' title='bbox 990 1676 1066 1706; x_wconf 85' lang='lat' dir='ltr'>tiam</span> <span class='ocrx_word' id='word_1_478' title='bbox 1081 1679 1126 1707; x_wconf 85' lang='lat' dir='ltr'>est</span> <span class='ocrx_word' id='word_1_479' title='bbox 1142 1679 1330 1715; x_wconf 87' lang='lat' dir='ltr'>notandum,</span> <span class='ocrx_word' id='word_1_480' title='bbox 1352 1681 1435 1718; x_wconf 85' lang='lat' dir='ltr'>quod</span> <span class='ocrx_word' id='word_1_481' title='bbox 1450 1681 1576 1711; x_wconf 90' lang='lat' dir='ltr'>habitus</span> <span class='ocrx_word' id='word_1_482' title='bbox 1592 1681 1762 1720; x_wconf 81' lang='lat' dir='ltr'>cujiislibet</span> 
     </span>
     <span class='ocr_line' id='line_1_79' title="bbox 992 1729 1760 1770; baseline 0.01 -13"><span class='ocrx_word' id='word_1_483' title='bbox 992 1729 1116 1759; x_wconf 86' lang='lat' dir='ltr'>virtutis</span> <span class='ocrx_word' id='word_1_484' title='bbox 1134 1731 1296 1770; x_wconf 88' lang='lat' dir='ltr'>tripliciter</span> <span class='ocrx_word' id='word_1_485' title='bbox 1319 1733 1414 1763; x_wconf 86' lang='lat' dir='ltr'>habet</span> <span class='ocrx_word' id='word_1_486' title='bbox 1429 1734 1622 1764; x_wconf 84' lang='lat' dir='ltr'>considerari</span> <span class='ocrx_word' id='word_1_487' title='bbox 1645 1743 1760 1765; x_wconf 85' lang='lat' dir='ltr'>secun-</span> 
     </span>
     <span class='ocr_line' id='line_1_80' title="bbox 990 1782 1760 1824; baseline 0.009 -13"><span class='ocrx_word' id='word_1_488' title='bbox 990 1782 1067 1811; x_wconf 91' lang='lat' dir='ltr'>dum</span> <span class='ocrx_word' id='word_1_489' title='bbox 1085 1783 1240 1822; x_wconf 84' lang='lat' dir='ltr'>triplicem</span> <span class='ocrx_word' id='word_1_490' title='bbox 1261 1786 1540 1824; x_wconf 85' lang='lat' dir='ltr'>comparationem,</span> <span class='ocrx_word' id='word_1_491' title='bbox 1558 1787 1702 1817; x_wconf 85' lang='lat' dir='ltr'>videlicet</span> <span class='ocrx_word' id='word_1_492' title='bbox 1721 1788 1760 1818; x_wconf 85' lang='lat' dir='ltr'>ad</span> 
     </span>
     <span class='ocr_line' id='line_1_81' title="bbox 990 1835 1759 1876; baseline 0.008 -12"><span class='ocrx_word' id='word_1_493' title='bbox 990 1835 1161 1874; x_wconf 78' lang='lat' dir='ltr'>objectum,</span> <span class='ocrx_word' id='word_1_494' title='bbox 1187 1837 1225 1867; x_wconf 89' lang='lat' dir='ltr'>ad</span> <span class='ocrx_word' id='word_1_495' title='bbox 1247 1838 1438 1876; x_wconf 83' lang='lat' dir='ltr'>subjectum,</span> <span class='ocrx_word' id='word_1_496' title='bbox 1461 1840 1544 1870; x_wconf 83' lang='lat' dir='ltr'>etad</span> <span class='ocrx_word' id='word_1_497' title='bbox 1567 1840 1662 1870; x_wconf 85' lang='lat' dir='ltr'>finem</span> <span class='ocrx_word' id='word_1_498' title='bbox 1686 1840 1759 1870; x_wconf 87' lang='lat' dir='ltr'>ulti-</span> 
     </span>
     <span class='ocr_line' id='line_1_82' title="bbox 990 1889 1761 1931; baseline 0.008 -14"><span class='ocrx_word' id='word_1_499' title='bbox 990 1897 1091 1918; x_wconf 89' lang='lat' dir='ltr'>mum.</span> <span class='ocrx_word' id='word_1_500' title='bbox 1119 1889 1290 1919; x_wconf 83' lang='lat' dir='ltr'>Possumus</span> <span class='ocrx_word' id='word_1_501' title='bbox 1311 1890 1411 1929; x_wconf 85' lang='lat' dir='ltr'>igitur</span> <span class='ocrx_word' id='word_1_502' title='bbox 1426 1891 1514 1931; x_wconf 82' lang='lat' dir='ltr'>loqui</span> <span class='ocrx_word' id='word_1_503' title='bbox 1529 1892 1566 1922; x_wconf 92' lang='lat' dir='ltr'>de</span> <span class='ocrx_word' id='word_1_504' title='bbox 1586 1893 1761 1923; x_wconf 87' lang='lat' dir='ltr'>virtutibus</span> 
     </span>
     <span class='ocr_line' id='line_1_83' title="bbox 990 1941 1760 1984; baseline 0.008 -14"><span class='ocrx_word' id='word_1_505' title='bbox 990 1941 1165 1971; x_wconf 84' lang='lat' dir='ltr'>secundum</span> <span class='ocrx_word' id='word_1_506' title='bbox 1180 1942 1277 1972; x_wconf 91' lang='lat' dir='ltr'>istum</span> <span class='ocrx_word' id='word_1_507' title='bbox 1292 1943 1446 1982; x_wconf 89' lang='lat' dir='ltr'>triplicem</span> <span class='ocrx_word' id='word_1_508' title='bbox 1466 1946 1655 1984; x_wconf 86' lang='lat' dir='ltr'>respectum.</span> <span class='ocrx_word' id='word_1_509' title='bbox 1683 1945 1720 1976; x_wconf 88' lang='lat' dir='ltr'>Et</span> <span class='ocrx_word' id='word_1_510' title='bbox 1735 1946 1760 1976; x_wconf 91' lang='lat' dir='ltr'>si</span> 
     </span>
     <span class='ocr_line' id='line_1_84' title="bbox 989 1993 1760 2038; baseline 0.009 -16"><span class='ocrx_word' id='word_1_511' title='bbox 989 1993 1157 2032; x_wconf 86' lang='lat' dir='ltr'>loquamur</span> <span class='ocrx_word' id='word_1_512' title='bbox 1172 1995 1210 2024; x_wconf 87' lang='lat' dir='ltr'>de</span> <span class='ocrx_word' id='word_1_513' title='bbox 1232 1995 1276 2025; x_wconf 89' lang='lat' dir='ltr'>eis</span> <span class='ocrx_word' id='word_1_514' title='bbox 1292 1995 1325 2025; x_wconf 88' lang='grc'>111</span> <span class='ocrx_word' id='word_1_515' title='bbox 1340 1997 1574 2036; x_wconf 82' lang='lat' dir='ltr'>comparatione</span> <span class='ocrx_word' id='word_1_516' title='bbox 1599 1998 1638 2028; x_wconf 78' lang='lat' dir='ltr'>ad</span> <span class='ocrx_word' id='word_1_517' title='bbox 1654 1999 1760 2038; x_wconf 87' lang='lat' dir='ltr'>objec-</span> 
     </span>
     <span class='ocr_line' id='line_1_85' title="bbox 992 2047 1759 2091; baseline 0.008 -15"><span class='ocrx_word' id='word_1_518' title='bbox 992 2049 1073 2084; x_wconf 82' lang='lat' dir='ltr'>tum,</span> <span class='ocrx_word' id='word_1_519' title='bbox 1099 2047 1141 2077; x_wconf 89' lang='lat' dir='ltr'>sic</span> <span class='ocrx_word' id='word_1_520' title='bbox 1163 2049 1239 2077; x_wconf 89' lang='lat' dir='ltr'>sunt</span> <span class='ocrx_word' id='word_1_521' title='bbox 1262 2048 1372 2079; x_wconf 83' lang='lat' dir='ltr'>sormae</span> <span class='ocrx_word' id='word_1_522' title='bbox 1395 2051 1518 2080; x_wconf 87' lang='lat' dir='ltr'>tantuin</span> <span class='ocrx_word' id='word_1_523' title='bbox 1540 2060 1558 2081; x_wconf 87' lang='grc'>6</span> <span class='ocrx_word' id='word_1_524' title='bbox 1582 2051 1692 2091; x_wconf 88' lang='lat' dir='ltr'>seipsis</span> <span class='ocrx_word' id='word_1_525' title='bbox 1712 2052 1759 2082; x_wconf 91' lang='lat' dir='ltr'>di-</span> 
     </span>
     <span class='ocr_line' id='line_1_86' title="bbox 989 2100 1761 2145; baseline 0.009 -16"><span class='ocrx_word' id='word_1_526' title='bbox 989 2100 1110 2130; x_wconf 85' lang='lat' dir='ltr'>stinctae</span> <span class='ocrx_word' id='word_1_527' title='bbox 1126 2109 1134 2130; x_wconf 87' lang='lat'>:</span> <span class='ocrx_word' id='word_1_528' title='bbox 1152 2103 1181 2131; x_wconf 89' lang='lat' dir='ltr'>et</span> <span class='ocrx_word' id='word_1_529' title='bbox 1202 2110 1314 2131; x_wconf 83' lang='lat' dir='ltr'>earum</span> <span class='ocrx_word' id='word_1_530' title='bbox 1335 2102 1492 2133; x_wconf 88' lang='lat' dir='ltr'>distinctio</span> <span class='ocrx_word' id='word_1_531' title='bbox 1515 2104 1683 2136; x_wconf 87' lang='lat' dir='ltr'>innotescit</span> <span class='ocrx_word' id='word_1_532' title='bbox 1705 2114 1761 2145; x_wconf 91' lang='lat' dir='ltr'>per</span> 
     </span>
     <span class='ocr_line' id='line_1_87' title="bbox 989 2154 1759 2193; baseline 0.006 -10"><span class='ocrx_word' id='word_1_533' title='bbox 989 2155 1094 2183; x_wconf 88' lang='lat' dir='ltr'>actum</span> <span class='ocrx_word' id='word_1_534' title='bbox 1111 2155 1141 2183; x_wconf 88' lang='lat' dir='ltr'>et</span> <span class='ocrx_word' id='word_1_535' title='bbox 1162 2154 1335 2193; x_wconf 82' lang='lat' dir='ltr'>objectum,</span> <span class='ocrx_word' id='word_1_536' title='bbox 1360 2157 1390 2185; x_wconf 90' lang='lat' dir='ltr'>et</span> <span class='ocrx_word' id='word_1_537' title='bbox 1405 2156 1448 2186; x_wconf 85' lang='grc'>516</span> <span class='ocrx_word' id='word_1_538' title='bbox 1463 2166 1528 2187; x_wconf 88' lang='lat' dir='ltr'>non</span> <span class='ocrx_word' id='word_1_539' title='bbox 1545 2159 1619 2187; x_wconf 87' lang='lat' dir='ltr'>sunt</span> <span class='ocrx_word' id='word_1_540' title='bbox 1639 2158 1759 2188; x_wconf 86' lang='lat' dir='ltr'>forma-</span> 
     </span>
     <span class='ocr_line' id='line_1_88' title="bbox 990 2206 1760 2249; baseline 0.009 -14"><span class='ocrx_word' id='word_1_541' title='bbox 990 2206 1077 2244; x_wconf 69' lang='grc'><strong>111165,</strong></span> <span class='ocrx_word' id='word_1_542' title='bbox 1095 2217 1151 2237; x_wconf 88' lang='grc'><strong>1166</strong></span> <span class='ocrx_word' id='word_1_543' title='bbox 1168 2207 1377 2246; x_wconf 79' lang='lat' dir='ltr'>perfectibiles</span> <span class='ocrx_word' id='word_1_544' title='bbox 1401 2208 1440 2238; x_wconf 81' lang='lat' dir='ltr'>ab</span> <span class='ocrx_word' id='word_1_545' title='bbox 1461 2209 1567 2249; x_wconf 89' lang='lat' dir='ltr'>aliquo</span> <span class='ocrx_word' id='word_1_546' title='bbox 1584 2219 1659 2248; x_wconf 85' lang='lat' dir='ltr'>uno,</span> <span class='ocrx_word' id='word_1_547' title='bbox 1686 2219 1760 2242; x_wconf 87' lang='lat' dir='ltr'>cum</span> 
     </span>
     <span class='ocr_line' id='line_1_89' title="bbox 990 2259 1760 2300; baseline 0.008 -11"><span class='ocrx_word' id='word_1_548' title='bbox 990 2259 1065 2299; x_wconf 74' lang='lat' dir='ltr'>ipsae.</span> <span class='ocrx_word' id='word_1_549' title='bbox 1081 2260 1141 2290; x_wconf 89' lang='lat' dir='ltr'>siut</span> <span class='ocrx_word' id='word_1_550' title='bbox 1158 2260 1267 2290; x_wconf 85' lang='lat' dir='ltr'>formae</span> <span class='ocrx_word' id='word_1_551' title='bbox 1282 2264 1312 2291; x_wconf 88' lang='lat' dir='ltr'>et</span> <span class='ocrx_word' id='word_1_552' title='bbox 1326 2262 1532 2300; x_wconf 77' lang='lat' dir='ltr'>perlectiones</span> <span class='ocrx_word' id='word_1_553' title='bbox 1544 2263 1709 2294; x_wconf 70' lang='lat' dir='ltr'>distinctae.</span> <span class='ocrx_word' id='word_1_554' title='bbox 1727 2264 1760 2295; x_wconf 87' lang='lat' dir='ltr'>Si</span> 
     </span>
     <span class='ocr_line' id='line_1_90' title="bbox 989 2313 1756 2356; baseline 0.007 -14"><span class='ocrx_word' id='word_1_555' title='bbox 989 2316 1095 2343; x_wconf 82' lang='lat' dir='ltr'>autem</span> <span class='ocrx_word' id='word_1_556' title='bbox 1109 2313 1280 2352; x_wconf 81' lang='lat' dir='ltr'>loquamur</span> <span class='ocrx_word' id='word_1_557' title='bbox 1299 2314 1336 2344; x_wconf 89' lang='lat' dir='ltr'>de</span> <span class='ocrx_word' id='word_1_558' title='bbox 1352 2315 1524 2346; x_wconf 86' lang='lat' dir='ltr'>virtutibus</span> <span class='ocrx_word' id='word_1_559' title='bbox 1540 2316 1574 2346; x_wconf 87' lang='lat' dir='ltr'>in</span> <span class='ocrx_word' id='word_1_560' title='bbox 1596 2326 1756 2356; x_wconf 88' lang='lat' dir='ltr'>compara-</span> 
     </span>
     <span class='ocr_line' id='line_1_91' title="bbox 991 2366 1760 2407; baseline 0.008 -12"><span class='ocrx_word' id='word_1_561' title='bbox 991 2366 1074 2396; x_wconf 87' lang='lat' dir='ltr'>tione</span> <span class='ocrx_word' id='word_1_562' title='bbox 1089 2367 1126 2396; x_wconf 87' lang='lat' dir='ltr'>ad</span> <span class='ocrx_word' id='word_1_563' title='bbox 1150 2367 1339 2405; x_wconf 69' lang='lat' dir='ltr'>subjectum,</span> <span class='ocrx_word' id='word_1_564' title='bbox 1366 2368 1409 2397; x_wconf 86' lang='lat' dir='ltr'>sic</span> <span class='ocrx_word' id='word_1_565' title='bbox 1428 2368 1538 2399; x_wconf 68' lang='lat' dir='ltr'>sormzu</span> <span class='ocrx_word' id='word_1_566' title='bbox 1559 2372 1643 2407; x_wconf 87' lang='lat' dir='ltr'>suut,</span> <span class='ocrx_word' id='word_1_567' title='bbox 1661 2372 1691 2400; x_wconf 88' lang='grc'>61</span> <span class='ocrx_word' id='word_1_568' title='bbox 1711 2372 1760 2401; x_wconf 82' lang='lat' dir='ltr'>ta-</span> 
     </span>
     <span class='ocr_line' id='line_1_92' title="bbox 992 2420 1759 2463; baseline 0.007 -15"><span class='ocrx_word' id='word_1_569' title='bbox 992 2428 1063 2449; x_wconf 82' lang='lat' dir='ltr'>men</span> <span class='ocrx_word' id='word_1_570' title='bbox 1087 2420 1296 2450; x_wconf 87' lang='lat' dir='ltr'>nihilominus</span> <span class='ocrx_word' id='word_1_571' title='bbox 1320 2421 1524 2452; x_wconf 82' lang='lat' dir='ltr'>formabiles:</span> <span class='ocrx_word' id='word_1_572' title='bbox 1551 2422 1661 2453; x_wconf 66' lang='lat' dir='ltr'>forma}</span> <span class='ocrx_word' id='word_1_573' title='bbox 1685 2423 1759 2463; x_wconf 87' lang='lat' dir='ltr'>qui—</span> 
     </span>
     <span class='ocr_line' id='line_1_93' title="bbox 989 2472 1759 2515; baseline 0.009 -14"><span class='ocrx_word' id='word_1_574' title='bbox 989 2473 1060 2502; x_wconf 85' lang='lat' dir='ltr'>dem</span> <span class='ocrx_word' id='word_1_575' title='bbox 1075 2475 1148 2502; x_wconf 86' lang='lat' dir='ltr'>suut</span> <span class='ocrx_word' id='word_1_576' title='bbox 1163 2472 1368 2504; x_wconf 83' lang='lat' dir='ltr'>informantes</span> <span class='ocrx_word' id='word_1_577' title='bbox 1390 2475 1578 2513; x_wconf 83' lang='lat' dir='ltr'>subjectum,</span> <span class='ocrx_word' id='word_1_578' title='bbox 1604 2479 1759 2515; x_wconf 80' lang='lat' dir='ltr'>quantum</span> 
     </span>
     <span class='ocr_line' id='line_1_94' title="bbox 990 2525 1758 2567; baseline 0.008 -13"><span class='ocrx_word' id='word_1_579' title='bbox 990 2525 1028 2554; x_wconf 82' lang='lat' dir='ltr'>ad</span> <span class='ocrx_word' id='word_1_580' title='bbox 1046 2525 1217 2556; x_wconf 87' lang='lat' dir='ltr'>honitatem</span> <span class='ocrx_word' id='word_1_581' title='bbox 1239 2525 1408 2564; x_wconf 87' lang='lat' dir='ltr'>moralem;</span> <span class='ocrx_word' id='word_1_582' title='bbox 1435 2536 1491 2566; x_wconf 88' lang='lat' dir='ltr'>per</span> <span class='ocrx_word' id='word_1_583' title='bbox 1514 2527 1630 2567; x_wconf 82' lang='lat' dir='ltr'>seipsas</span> <span class='ocrx_word' id='word_1_584' title='bbox 1652 2531 1758 2560; x_wconf 85' lang='lat' dir='ltr'>tamen</span> 
     </span>
     <span class='ocr_line' id='line_1_95' title="bbox 991 2578 1760 2621; baseline 0.009 -14"><span class='ocrx_word' id='word_1_585' title='bbox 991 2588 1053 2608; x_wconf 90' lang='grc'><strong>11011</strong></span> <span class='ocrx_word' id='word_1_586' title='bbox 1067 2578 1225 2608; x_wconf 61' lang='lat' dir='ltr'>sufficiunt</span> <span class='ocrx_word' id='word_1_587' title='bbox 1242 2581 1395 2618; x_wconf 83' lang='lat' dir='ltr'>quantum</span> <span class='ocrx_word' id='word_1_588' title='bbox 1411 2579 1449 2609; x_wconf 89' lang='lat' dir='ltr'>ad</span> <span class='ocrx_word' id='word_1_589' title='bbox 1462 2580 1631 2612; x_wconf 81' lang='lat' dir='ltr'>bonitatem</span> <span class='ocrx_word' id='word_1_590' title='bbox 1641 2584 1760 2621; x_wconf 82' lang='lat' dir='ltr'>gratui-</span> 
     </span>
    </p>

    <p class='ocr_par' dir='ltr' id='par_1_20' title="bbox 1024 2642 1256 2673">
     <span class='ocr_line' id='line_1_96' title="bbox 1024 2642 1256 2673; baseline 0.004 -8"><span class='ocrx_word' id='word_1_591' title='bbox 1024 2643 1028 2657; x_wconf 88' lang='lat'><strong>¹</strong></span> <span class='ocrx_word' id='word_1_592' title='bbox 1047 2642 1149 2673; x_wconf 57' lang='lat' dir='ltr'>Gulussa,</span> <span class='ocrx_word' id='word_1_593' title='bbox 1165 2649 1204 2671; x_wconf 81' lang='lat' dir='ltr'>tii,</span> <span class='ocrx_word' id='word_1_594' title='bbox 1217 2644 1256 2666; x_wconf 79' lang='lat'>14.</span> 
     </span>
    </p>
   </div>
   <div class='ocr_carea' id='block_1_11' title="bbox 1608 2694 1646 2722">
    <p class='ocr_par' dir='ltr' id='par_1_21' title="bbox 1608 2694 1646 2722">
     <span class='ocr_line' id='line_1_97' title="bbox 1608 2694 1646 2722; baseline 0.026 -1"><span class='ocrx_word' id='word_1_595' title='bbox 1608 2694 1646 2722; x_wconf 57' lang='lat'>110</span> 
     </span>
    </p>
   </div>
  </div>
 </body>
</html>
