2017 2948
113 2259 175 2279 Ponit

89 2296 197 2341 ξζζᾙῗζζ,
215 2310 306 2343 posse
330 2310 459 2343 peecare
479 2299 710 2332 damnabiliter
725 2314 732 2342 3
750 2306 780 2333 et
796 2302 821 2334 si
836 2302 980 2345 graviter
1004 2303 1183 2347 peccaverit
1199 2329 1205 2343 ‚
1224 2314 1335 2335 veram
1351 2314 1417 2335 non
1434 2302 1630 2346 praecessisse
1645 2300 1805 2345 poeniten-

103 2350 176 2407 Ἶῖἒὲῗ,

88 2411 196 2432 adducens

89 2443 189 2463 amorim<

90 2475 194 2500 ¹⁰⁵›w10d
214 2482 352 2504 sannare
367 2472 538 2516 superbus.
555 2472 652 2505 Canis
666 2484 815 2507 reversus
831 2474 869 2507 ad
892 2475 1051 2509 vomitum
1064 2501 1072 2517 ‚
1089 2480 1120 2508 et
1141 2476 1302 2519 poenitens
1325 2475 1363 2508 ad
1387 2478 1568 2520 peccatum.
1588 2473 1682 2507 Multi
1697 2472 1801 2515 lacry-

211 119 269 148 566

212 186 385 223 generatur
397 192 439 215 ex
451 185 524 223 tide,
535 187 566 216 et
575 194 641 226 spe,
657 188 687 216 et
697 186 822 224 timore,
836 188 870 216 ut
880 188 982 218 osten-

210 244 282 266 sum
293 238 356 274 est;
371 237 474 271 virtus
483 238 568 268 enim
581 239 774 278 poenitentise
786 240 899 270 timore
912 249 983 270 con-

209 290 342 329 cipitur·,
368 291 393 321 si
420 292 564 331 formata,
589 295 698 323 contra
718 304 724 323 :
747 294 862 324 omnes
886 294 982 324 simul

209 343 419 375 infunduntur
446 356 452 375 τ
478 354 556 385 ergo
592 346 773 386 pcenitentia
806 347 983 379 infunditur

209 405 283 427 cum
298 397 368 428 aliis
382 407 390 429 z
405 408 496 438 ergo,
512 401 571 430 etc.

248 452 277 480 3.
304 450 382 481 Item
406 452 528 492 primus
553 454 640 483 actus
664 455 709 482 est
737 453 846 484 vivere

207 503 313 542 justus
326 512 366 536 ex
381 505 445 544 fide
456 505 551 543 vivit,
570 505 619 535 vel
632 514 673 534 cx
683 505 846 543 charitate,
863 516 927 537 non
942 516 982 538 ex

208 557 391 596 pcenitentia
411 557 536 597 proprie
553 566 651 596 :ergo
669 558 757 597 prius
771 561 819 589 est
833 559 980 595 charitas,

208 612 239 640 et
254 610 341 647 fides,
359 621 455 651 quam
470 611 665 651 poenitentia.

248 666 276 697 4,
291 664 365 694 Item
380 664 458 694 nulli
472 665 616 703 displicet
627 665 747 696 offensa
760 665 905 704 alicujus,
922 667 981 697 nisi

208 717 283 756 quia
298 717 401 755 diligit
420 717 526 755 illum;
544 718 569 747 si
585 718 670 748 enim
687 719 803 757 odiret,
821 719 953 759 placeret
973 731 979 750 :

207 781 286 811 ergo
300 773 431 811 diligere
451 772 568 810 Deum,
590 782 646 812 per
669 775 817 804 naturam
835 775 982 814 praecedit

206 825 314 855 odium
337 826 452 865 peccati
471 836 477 856 ε
495 826 546 855 sed
571 826 712 865 primum
735 829 779 857 cst
801 827 979 865 charitatis,

207 879 381 910 secundum
400 880 592 919 poenitcntiae
610 891 616 911 ε
634 889 723 919 crgo,
742 883 799 912 εἰς.

247 935 275 962 5.
301 932 376 963 Item
402 934 587 964 naturaliter
611 934 700 973 prius
720 937 764 965 est
792 935 922 965 intentio
943 937 981 966 ad

206 986 379 1016 terminum
399 987 436 1016 ad
457 997 570 1026 quem,
591 997 687 1027 quam
711 989 866 1027 separatio
886 998 903 1018 a
923 992 982 1019 ter-

207 1039 293 1069 mino
308 1049 326 1069 a
341 1049 404 1079 quo
421 1051 426 1070 :
445 1041 499 1071 sed
517 1041 653 1071 charitas
674 1040 785 1079 dirigit
804 1042 842 1071 ad
867 1043 981 1072 termi-

206 1100 283 1121 num
299 1091 337 1122 ad
353 1102 463 1132 quem:
480 1094 663 1132 poeniteutia
676 1097 799 1133 separat
810 1104 828 1124 a
843 1096 980 1127 termino

206 1154 224 1174 a
239 1153 314 1184 quo,
333 1145 450 1175 scilicet.
468 1148 593 1185 peccato
611 1158 616 1176 :
635 1156 714 1186 ergo
729 1147 865 1177 charitas
881 1148 978 1187 prior.

872 464 878 484 ε
903 455 957 484 sed
974 455 980 471 ¹

480 1247 704 1279 CONCLUSlO.

208 1321 368 1347 Paenz'tentt'a
387 1322 527 1348 secundum
548 1330 708 1356 regressum,
734 1325 758 1349 et
774 1325 979 1358 reparationem,

243 1367 323 1399 atque
343 1366 521 1400 eaepulsionem
545 1367 645 1401 culpoe,
660 1368 791 1401 prcrccdit
809 1368 880 1394 alias
893 1370 981 1396 virtu--

243 1411 277 1436 tes
288 1418 295 1443 ;
313 1410 374 1437 licet
386 1411 526 1437 secundum
538 1413 666 1445 z'mayinz's
680 1412 900 1446 informationem
913 1422 982 1448 prm-

242 1454 316 1480 cedat
331 1455 412 1489 fides,
428 1458 453 1481 ει
467 1455 607 1482 secundum
621 1456 801 1483 substantiam
820 1464 908 1484 omnes
928 1460 982 1485 sint

242 1499 332 1525 simul.

248 1571 340 1611 Resp.
358 1572 397 1602 ad
423 1581 492 1611 arg.
512 1573 682 1604 Dicendum
707 1575 789 1613 quod
809 1576 901 1613 prius
926 1575 982 1605 du-

207 1627 329 1666 pliciter
342 1627 476 1658 dicitur:
493 1628 544 1658 vel
559 1628 734 1659 secundum
750 1630 991 1667 substantiam„

207 1681 257 1711 vel
273 1681 447 1711 secundum
456 1691 564 1712 usum.
578 1681 759 1713 Secundum
771 1683 981 1713 substantiam

208 1742 318 1763 omnes
338 1736 413 1764 sunt.
427 1734 541 1772 simul;
559 1735 734 1766 secundum
756 1745 845 1766 usum
870 1736 979 1766 distin-

209 1786 375 1825 guendum
397 1789 443 1817 est
461 1798 467 1817 :
485 1790 539 1818 aut
560 1789 645 1818 enim
670 1789 846 1819 secundum
867 1789 983 1828 imagi-

208 1840 257 1870 nis
278 1840 550 1878 informationem‚
566 1845 596 1872 et
622 1842 665 1873 sic
684 1847 729 1873 est
752 1843 830 1873 fides
855 1844 978 1882 prima;

209 1896 264 1924 aut
279 1894 454 1925 secundum
474 1904 659 1934 regressum
680 1899 709 1927 et
727 1897 960 1936 reparationem
973 1920 980 1933 ‚

209 1949 241 1977 et
254 1947 298 1977 sic
309 1949 398 1978 actus
412 1948 605 1987 poenitentiae
619 1951 666 1979 est
681 1949 819 1988 primus,
837 1949 911 1989 quia
925 1950 982 1980 im·

770 119 1081 153 SENTENTIARUM
1102 122 1178 154 LIB.
1203 122 1254 154 tv.

1039 189 1203 220 mediatior
1217 192 1272 222 est.
1290 191 1369 222 Nam
1387 193 1444 223 etsi
1459 193 1555 224 simul
1575 196 1635 226 stet
1651 198 1755 227 motus
1768 196 1806 227 li-

1039 243 1105 273 beri
1124 244 1245 275 arbitrii
1265 254 1338 276 cum
1362 246 1569 284 contritione,
1596 247 1651 287 qui
1679 249 1808 287 quidem

1040 299 1144 327 motus
1159 308 1176 327 a
1193 298 1336 338 pluribus
1347 299 1460 329 dicitur
1475 302 1580 330 motus
1593 300 1665 331 fidei
1678 311 1686 339 ;
1703 303 1810 334 tamen

1040 351 1144 388 gratia
1159 351 1331 382 adveniens
1347 362 1402 392 per
1417 352 1548 383 modum
1565 354 1742 393 reparantis
1755 378 1763 392 ‚
1779 356 1811 385 et

1040 404 1224 443 expellentis
1238 405 1363 444 culpam
1374 430 1381 443 ‚
1399 406 1579 436 immediate
1598 407 1726 446 respicit
1740 416 1808 438 mo-

1039 458 1108 487 tum
1123 457 1173 487 vel
1190 461 1295 488 actum
1312 458 1512 498 pcenitentiae.
1531 458 1617 490 Sicut
1632 460 1717 490 enim
1733 469 1810 499 gra-

1039 510 1081 539 tia
1108 511 1196 550 prius
1229 511 1354 550 culpam
1389 512 1518 551 expellit
1546 522 1602 552 per
1632 516 1782 544 naturam
1799 537 1808 551 ‚

1039 572 1135 603 quam
1158 564 1299 594 habilitet
1322 564 1361 594 ad
1385 564 1528 602 honum3
1552 566 1596 596 sic
1616 575 1741 597 necesse
1765 568 1812 598 est

1039 617 1124 656 quod
1151 618 1246 648 homo
1271 627 1311 648 cx
1336 620 1423 657 parte
1449 628 1506 649 sua
1531 618 1565 650 in
1584 620 1812 658 justificatione

1039 670 1142 709 primo
1166 673 1351 710 aspernetur
1375 671 1517 711 culpam,
1533 681 1630 712 quam
1652 673 1812 713 dirigatur

1040 725 1071 754 in
1089 724 1207 754 bonum
1223 733 1315 764 opus.
1546 748 1550 751 .

1079 781 1093 807 1
1120 779 1150 807 et
1166 779 1194 808 2.
1213 777 1271 808 Per
1289 778 1371 808 lianc
1395 777 1554 818 duplicem
1578 779 1811 810 distinctionem

1039 833 1124 870 patet
1139 831 1254 861 solutio
1268 832 1306 861 ad
1328 832 1467 870 primum
1483 834 1513 861 ct
1529 832 1703 862 secundum
1719 843 1726 863 ε
1743 832 1808 872 pri-

1040 893 1143 921 mum,
1161 884 1237 924 quia
1251 884 1328 914 fides
1343 886 1389 915 est
1408 885 1511 924 prima
1528 885 1740 922 informaudo;
1760 894 1809 916 se-

1038 937 1193 974 cundum,
1213 938 1288 977 quia
1310 946 1419 967 omues
1439 938 1571 968 virtutes
1594 938 1689 969 simul
1701 938 1810 969 infun-

1038 991 1172 1027 duntur,
1187 993 1215 1020 et
1233 990 1328 1020 simul
1344 992 1418 1021 suut
1432 992 1588 1030 quantum
1608 990 1647 1020 ad
1661 990 1810 1022 substan-

1038 1045 1113 1074 tiam
1128 1047 1157 1075 et
1174 1044 1352 1075 essentiam.

1079 1100 1107 1128 3.
1119 1098 1166 1128 Ad
1182 1097 1350 1137 illudquod
1365 1097 1514 1137 objicitur
1530 1097 1567 1128 de
1581 1099 1654 1128 actu
1667 1097 1808 1135 vivendi,

1039 1151 1206 1181 dicendum
1232 1152 1316 1191 quod
1340 1151 1426 1190 prior
1444 1153 1532 1181 actus
1552 1153 1597 1181 est
1623 1150 1808 1188 vivificare,

1039 1214 1136 1243 quam
1151 1205 1278 1235 vivere:
1296 1204 1379 1234 unde
1394 1204 1450 1233 etsi
1471 1205 1547 1234 tides
1561 1206 1593 1234 et
1609 1203 1746 1234 charitas
1762 1204 1808 1234 fa-

1039 1257 1123 1287 ciant
1146 1257 1274 1295 vivere,
1296 1257 1489 1296 poenitentiae
1511 1259 1617 1287 tamen
1639 1258 1686 1287 est
1708 1256 1811 1288 vivifi-

1039 1320 1108 1342 care
1122 1323 1127 1341 :
1147 1314 1175 1341 et
1191 1311 1236 1341 sie
1250 1313 1351 1351 potest
1366 1311 1424 1341 dici
1440 1310 1536 1351 prior.

1079 1368 1108 1396 Ji.
1128 1366 1175 1396 Ad
1192 1366 1267 1396 illud
1286 1365 1369 1405 quod
1385 1365 1552 1404 objicitur,
1569 1364 1654 1404 quod
1670 1363 1812 1404 displicet

1039 1419 1171 1450 offensio
1182 1421 1310 1459 propter
1320 1418 1534 1455 dilectionem3
1547 1417 1715 1448 dicendum
1726 1417 1811 1457 quod

1038 1482 1101 1502 non
1119 1474 1168 1502 est
1186 1481 1312 1503 necesse
1331 1474 1403 1502 actu
1420 1471 1595 1511 praecedere
1613 1470 1810 1501 dilectionem

1038 1527 1139 1566 ipsam
1155 1525 1383 1565 displicentiam
1397 1549 1405 1563 ‚
1423 1525 1475 1555 sed
1491 1524 1607 1555 sufficit
1616 1523 1701 1564 quod
1715 1523 1813 1554 comi-

1038 1581 1121 1609 tetur
1134 1579 1167 1608 in
1182 1579 1305 1609 habitu.

1078 1634 1107 1662 5.
1127 1632 1173 1662 Ad
1200 1631 1350 1662 ultimum
1375 1630 1560 1667 dicendum,
1584 1629 1670 1669 quod
1697 1638 1811 1660 verum

1038 1687 1083 1716 est
1099 1685 1153 1715 ubi
1167 1685 1275 1715 codem
1295 1686 1383 1714 motu
1402 1683 1559 1713 receditur
1579 1685 1610 1712 et
1628 1682 1808 1720 acceditur;

1038 1737 1091 1767 sed
1107 1736 1139 1766 ln
1152 1735 1369 1775 spiritualibus
1383 1743 1447 1765 non
1461 1736 1561 1771 tenet,
1575 1733 1631 1763 ubi
1643 1733 1704 1764 alio
1722 1736 1811 1764 motu

1039 1790 1195 1821 receditur
1209 1799 1227 1819 a
1240 1789 1390 1826 termino,
1407 1790 1439 1819 et
1454 1788 1553 1818 fertur
1566 1787 1598 1817 in
1614 1787 1807 1818 terminum:

1039 1847 1115 1874 tunc
1131 1843 1216 1874 enim
1232 1851 1358 1872 necesse
1373 1844 1435 1877 est,
1457 1840 1541 1881 quod
1556 1840 1662 1880 primo
1676 1840 1808 1878 resiliat,

1039 1898 1063 1927 si
1088 1896 1155 1927 vult
1181 1895 1346 1932 accedere;
1368 1894 1452 1925 unde
1468 1894 1557 1933 prius
1580 1895 1702 1933 oportet
1725 1893 1812 1924 exire

1039 1950 1186 1987 domum,
1203 1957 1300 1988 quam
1312 1948 1357 1978 ire
1372 1947 1410 1978 ad
1425 1946 1601 1978 ecclesiam.

912 2073 1030 2109 PARS
1062 2073 1106 2109 11.

425 2160 526 2183 ELIDIT
548 2162 683 2184 ERRORES
704 2163 805 2185 EORUM
827 2164 877 2190 QUI
900 2164 1006 2186 DICUNT
1028 2164 1107 2190 QUOD
1130 2163 1319 2185 POENITENTtA
1342 2163 1404 2185 NON
1427 2162 1586 2184 ITERETUR.

259 2241 318 2274 His
333 2241 441 2274 verbis
459 2244 469 2260 ¹
484 2241 619 2286 quidam
635 2243 860 2277 vehementius
875 2244 1087 2286 inhaerentes,
1103 2244 1304 2278 contendunt
1320 2255 1393 2277 vere
1409 2244 1621 2288 poenitentem
1638 2243 1725 2276 ultra
1739 2253 1805 2275 non

215 2356 305 2389 tiam.
332 2355 427 2395 Quod
455 2356 553 2389 etiam
577 2357 650 2390 aliis
675 2359 831 2391 muniunt
853 2360 1056 2393 testimoniis.
1074 2360 1130 2393 Ait
1144 2360 1232 2393 euim
1250 2360 1394 2393 Isidorus
1407 2364 1417 2379 ³
1434 2372 1440 2393 :
1461 2373 1477 2391 «
1499 2359 1614 2393 irrisor
1627 2362 1674 2392 est
1692 2362 1723 2391 et
1737 2368 1803 2390 non

215 2413 376 2457 poenitens
389 2439 397 2455 ‚
415 2414 473 2458 qui
489 2414 595 2447 adhuc
610 2415 677 2458 agit
691 2416 779 2460 quod
804 2417 948 2460 poenitet.
965 2417 1032 2450 Nec
1046 2417 1179 2450 videtur
1194 2418 1299 2451 Deum
1316 2429 1445 2462 poscere
1470 2417 1620 2450 subditus
1633 2442 1641 2457 ‚
1657 2415 1712 2449 sed
1727 2414 1803 2447 sub-

244 2564 338 2594 ¹Rom.,
355 2571 373 2595 1,
389 2566 466 2589 ¹7.—-
480 2565 488 2579 ²
499 2565 599 2589 Scilicet
615 2566 744 2597 Gregorii;
762 2567 812 2591 vid.
829 2576 914 2599 supra,
930 2577 954 2599 p.
973 2571 1027 2599 553,
1043 2570 1073 2592 ad
1101 2571 1154 2593 not.
1172 2571 1194 2593 Γ)
1208 2582 1236 2587 --
1250 2569 1258 2583 ³
1272 2568 1340 2598 isid„
1353 2568 1382 2591 de
1396 2575 1459 2592 sum.
1477 2567 1542 2594 6οη..
1559 2567 1602 2591 lib.
1621 2567 1650 2595 ΙΙ,
1669 2572 1691 2590 c.
1705 2569 1758 2594 xvt,
1773 2567 1797 2587 et

212 2599 329 2631 habetur,
343 2599 372 2625 de
387 2600 485 2630 Poem'e„
501 2600 559 2625 dist.
575 2607 615 2632 111,
628 2608 652 2625 e.
665 2601 806 2626 Irrisorem.
