2017 2948
77 1537 181 1558 Fundam.

185 142 244 171 254

184 209 337 245 tanquam
352 204 385 234 in
398 203 502 242 signo,
518 201 572 232 sed
586 200 680 232 etiam
696 200 737 230 ibi
751 198 958 230 essentialiter

185 258 377 289 continetur.

226 315 254 341 3.
273 311 367 347 item,
382 309 406 339 si
425 309 509 339 dicas
523 308 605 347 quod
625 307 701 337 illud
724 315 787 335 non
803 304 956 335 conveni-

186 366 250 401 ret,
267 363 341 403 quia
356 362 459 401 gratia
473 364 519 391 est
542 360 702 397 accidens,
721 361 751 388 et
776 358 867 387 debet
891 366 956 387 esse

186 416 336 457 perfectio
351 417 503 446 ereaturae
523 413 729 444 nobilissimas
741 435 748 448 ,
764 410 880 440 scilicet
902 419 957 439 ra-

186 469 328 506 tionalis,
344 470 374 499 et
392 468 434 497 ita
449 476 514 497 non
530 466 621 496 debet
639 464 794 494 contineri
814 463 847 493 in
868 472 957 493 crea-

186 525 258 553 tura
272 521 460 557 irrationali3
478 522 587 550 contra
606 530 612 549 :
635 517 775 548 Nobilior
790 518 836 547 est
849 516 958 546 divina

186 575 336 612 essentia,
357 583 453 614 quam
469 573 508 602 sit
530 572 632 611 gratia
644 596 651 609 ,
675 580 747 610 quae
762 569 902 609 procedit
920 569 958 599 ab

185 628 273 668 ipsa:
292 628 344 657 sed
359 629 503 657 creatura
522 635 586 655 non
611 624 774 655 rationalis
796 626 841 653 est
856 632 955 662 capax

185 681 302 711 divinai
316 680 457 711 essentia!
471 691 476 709 :
495 688 572 717 ergo
587 678 688 707 multo
702 677 815 707 fortius
831 675 956 714 gratiae.

225 737 254 763 Ji.
274 734 349 763 ltem
368 732 511 762 accidens
526 730 610 769 quod
627 739 691 760 non
707 730 801 759 habet
818 731 923 758 ortum
941 738 959 758 a

186 785 349 826 principiis
361 785 509 824 subiecti,
526 793 590 813 non
606 782 795 813 determinat
810 781 870 811 sibi
886 790 958 811 ma-

186 839 296 869 teriam
312 849 317 868 :
336 837 388 868 sed
405 837 507 876 gratia
522 838 567 866 est
580 834 765 874 hujusmodi
780 845 785 864 ;
803 843 880 872 ergo
894 843 958 864 non

187 891 376 922 determinat
398 890 456 920 sibi
472 889 638 920 materiam
657 900 664 918 z
681 897 759 927 ergo
774 889 875 927 potest
893 895 961 917 esse

188 945 220 974 in
235 944 375 984 qualibet
390 945 533 973 creatura
550 953 556 972 :
574 950 664 980 ergo,
681 943 738 970 etc.

229 1000 258 1027 5.
290 997 364 1027 item
396 996 429 1026 in
457 996 654 1025 sacramento
681 993 786 1024 aitaris
817 991 963 1021 videmus

190 1050 274 1090 quod
294 1051 369 1080 sunt
383 1048 555 1079 accidentia
569 1046 765 1082 materialia⁷
783 1045 836 1074 sed
856 1047 962 1074 tamen

190 1104 307 1134 virtute
322 1102 509 1133 sacramenti
529 1100 765 1140 suspenduntur
781 1108 799 1128 a
816 1098 959 1133 materia,

192 1157 235 1187 ita
249 1157 332 1196 quod
347 1165 412 1186 non
429 1158 503 1185 sunt
520 1156 554 1184 in
567 1154 672 1193 aliquo
689 1153 831 1190 subjecto
849 1162 854 1181 :
873 1160 963 1187 crgo,

193 1221 267 1242 cum
287 1211 390 1249 gratia
412 1210 450 1239 sit
475 1209 576 1239 multo
599 1206 813 1247 spiritualior,
839 1205 966 1235 videtur

193 1265 278 1304 quod
294 1264 395 1302 magis
406 1263 445 1293 sit
459 1265 530 1302 apta
547 1264 582 1292 ut
597 1262 635 1290 sit
650 1261 683 1290 in
699 1259 767 1289 aliis
783 1267 965 1288 sacramen-

194 1318 233 1347 tis
253 1317 429 1347 secundum
445 1315 631 1351 essentiam,
648 1316 679 1343 et
703 1312 880 1347 veritatem,
901 1319 966 1340 non

195 1373 303 1401 tamen
318 1370 396 1400 utin
410 1370 552 1408 subiecto
570 1377 577 1397 ε
594 1375 672 1406 ergo
688 1365 813 1396 videtur
827 1363 912 1402 quod
926 1363 967 1392 sit

195 1423 377 1463 ponendum
390 1447 398 1460 ,
420 1422 505 1461 quod
526 1420 630 1460 gratia
652 1419 692 1449 sit
712 1418 745 1447 in
769 1417 966 1447 sacramento

195 1476 275 1506 sicut
289 1476 322 1505 in
335 1475 525 1505 continente.

237 1528 349 1559 Contra
370 1539 376 1558 ε
400 1527 504 1557 Gratia
529 1528 575 1557 est
589 1525 692 1555 media
719 1524 801 1554 inter
821 1524 969 1553 naturam

197 1583 228 1612 et
246 1581 383 1620 gloriam
402 1592 408 1611 z
438 1589 514 1619 ergo
540 1578 620 1609 nihil
642 1580 687 1607 est
713 1585 813 1616 capax
836 1575 968 1614 gratiae,

197 1634 283 1674 quod
297 1644 361 1664 nou
372 1636 418 1664 est
433 1642 532 1673 capax
546 1632 668 1671 gloriae,
683 1639 755 1660 cum
768 1630 837 1668 ipsa
849 1629 888 1657 sit
902 1630 969 1657 tan-

197 1696 294 1727 quam
308 1687 421 1717 ultima
438 1686 598 1726 dispositio
618 1695 624 1714 :
641 1684 695 1714 sed
717 1682 844 1712 nullum
866 1690 972 1711 sacra-

198 1743 343 1771 mentum
356 1742 407 1775 est,
417 1749 516 1779 capax
531 1738 642 1777 gloria}
657 1746 664 1766 :
680 1745 757 1774 ergo
772 1744 830 1765 nec
844 1734 969 1773 gratiae.

239 1793 316 1824 [tem
331 1817 339 1830 ‚
371 1793 397 1823 si
431 1792 534 1832 gratia
564 1794 643 1821 esset
676 1789 764 1828 prius
801 1787 835 1817 in
864 1795 972 1816 sacra-

199 1850 306 1879 mento
315 1872 322 1886 ‚
343 1857 417 1878 eum
431 1845 604 1877 accidentia
624 1853 690 1874 non
704 1843 828 1872 mutent
841 1840 969 1879 subJec-

198 1904 286 1939 tum,
302 1910 470 1940 nunquam
487 1899 541 1929 illa
555 1897 658 1937 gratia
676 1895 824 1926 transiret
844 1893 882 1923 ad
897 1893 969 1923 ani-

200 1963 286 1985 mam
303 1964 311 1984 ι
328 1963 406 1993 ergo
431 1954 548 1983 frustra
569 1953 649 1982 esset
665 1959 673 1980 ι
695 1949 748 1980 sed
762 1949 823 1979 hoc
845 1955 911 1977 non
925 1948 973 1977 est

200 2007 383 2047 ponendum
400 2018 406 2037 :
426 2015 503 2045 ergo
518 2013 575 2034 nee
590 2003 743 2043 primum.

241 2060 318 2090 Item
345 2059 448 2098 gratia
459 2082 467 2096 ,
493 2066 568 2088 cum
591 2056 630 2086 sit
658 2053 806 2094 perfectio
835 2052 952 2082 animae
963 2074 971 2088 ‚

201 2115 230 2144 et
250 2112 397 2152 perfectio
420 2120 493 2150 quae
515 2112 561 2140 est
579 2108 742 2144 accidens,
764 2105 919 2145 dependet
933 2105 972 2135 ab

201 2166 319 2205 anima,
335 2165 436 2196 multo
451 2164 556 2202 magis
570 2171 666 2202 quam
679 2161 786 2191 anima
795 2169 811 2189 a
822 2167 969 2198 corpore:

202 2220 255 2250 sed
268 2220 374 2250 anima
386 2226 555 2257 nunquam
570 2217 696 2246 creatur
706 2213 767 2244 nisi
785 2213 818 2242 in
830 2220 972 2250 corpore,

203 2273 256 2303 sed
271 2272 366 2303 simul
382 2272 517 2308 creatur,
534 2271 565 2300 et
579 2270 625 2298 est
642 2276 715 2298 cum
726 2273 856 2305 corpore
873 2275 879 2294 ;
895 2272 974 2302 ergo

204 2325 305 2356 multo
320 2324 432 2355 fortius
449 2321 553 2362 gratia
566 2320 661 2351 simut
675 2320 812 2355 creatur,
829 2319 860 2347 et
880 2318 927 2347 est
940 2316 974 2346 in

204 2379 310 2409 anima
326 2389 332 2409 :
349 2386 427 2416 ergo
440 2385 505 2406 non
518 2376 564 2405 est
577 2374 610 2404 in
623 2372 829 2403 sacramento.

245 2432 340 2470 Item,
366 2431 392 2461 si
422 2429 527 2469 gratia
555 2429 601 2458 est
630 2427 664 2457 in
691 2426 887 2456 sacramento
908 2425 976 2453 tan-

205 2495 302 2526 quam
317 2486 349 2515 in
364 2493 438 2516 vase
453 2482 631 2514 continente
643 2504 651 2518 ,
673 2481 795 2510 constat
816 2477 900 2517 quod
915 2476 976 2507 hoc

242 2566 248 2581 ¹
263 2564 446 2590 Determinatio
470 2562 608 2587 secundum
624 2559 714 2585 concil.
732 2558 791 2582 Trid
804 2576 811 2588 ,
837 2564 897 2580 sess.
923 2562 975 2583 vn,

208 2610 263 2628 can,
279 2609 313 2631 vi,
328 2603 357 2625 de
370 2603 482 2628 Sacram.

739 129 1051 163 SENTENTIARUM
1073 129 1146 161 LIB.
1171 130 1219 161 lv.

1018 206 1081 227 non
1097 199 1143 227 est
1153 197 1194 228 ob
1207 197 1304 234 aliud,
1318 197 1379 226 nisi
1392 197 1428 227 ut
1442 205 1460 226 a
1474 196 1671 226 sacramento
1681 198 1783 226 trans-

1015 250 1166 280 fundatur
1191 250 1223 280 in
1249 250 1346 289 ipsam
1371 249 1512 279 animam
1537 259 1543 278 :
1570 257 1648 287 ergo
1669 248 1695 278 si
1718 257 1784 279 non

1013 303 1263 339 transfunditur,
1282 303 1397 332 frustm
1419 303 1465 331 cst
1485 301 1535 331 ibi.
1555 300 1615 331 Sed
1640 300 1785 340 possibile

1015 358 1060 385 est
1082 355 1164 394 quod
1187 355 1300 394 aliquis
1316 356 1386 384 ticte
1400 354 1526 384 accedat
1549 353 1586 384 ad
1604 362 1786 383 sacramen-

1014 412 1102 445 tum3
1120 410 1196 438 tunc
1208 410 1328 438 constat
1339 407 1421 447 quod
1437 407 1540 445 gratia
1554 415 1617 436 non
1627 406 1786 436 transfun-

1015 462 1099 491 ditur
1115 471 1123 491 :
1139 470 1217 500 ergo
1232 462 1348 491 frustra
1365 460 1423 490 fuit
1440 460 1543 498 gratia
1563 459 1594 489 in
1610 459 1670 489 hoc
1684 467 1786 489 sacra-

1016 516 1137 544 mento.

1058 568 1135 598 item
1162 568 1265 607 gratia
1293 567 1474 597 immediate
1497 566 1623 597 adducit
1641 567 1672 596 et
1690 565 1790 595 refor—

1017 623 1083 651 mat
1097 620 1135 650 ad
1152 620 1250 650 Deum
1268 620 1408 649 animam
1426 629 1432 649 :
1450 628 1526 658 ergo
1541 629 1559 649 a
1576 618 1637 649 Deo
1651 618 1717 649 exit
1727 617 1787 648 im-

1018 674 1153 704 mediate
1180 674 1331 703 influente
1354 673 1387 703 in
1413 673 1511 712 ipsam
1534 672 1675 702 animam
1697 680 1705 701 :
1726 679 1791 700 non

1018 737 1096 765 ergo
1111 727 1344 757 transfunditur
1357 727 1513 757 mediante
1528 726 1589 757 alio
1604 735 1688 757 vase.

1297 837 1522 869 CONCLUSIO.

1018 937 1191 964 Sacramenta
1215 938 1277 962 sunt
1297 938 1423 970 tanquam
1437 943 1503 962 vasa
1518 936 1627 969 qratiae,
1649 942 1702 961 non
1724 933 1795 968 quod

1055 983 1092 1007 sic
1121 981 1299 1007 essentialiter
1328 981 1483 1006 contineant
1508 981 1626 1013 qratiam
1646 979 1714 1005 sicut
1746 985 1793 1005 vas

1056 1034 1154 1059 aquam
1166 1047 1174 1056 ,
1192 1025 1238 1051 scil
1251 1026 1316 1058 qnia
1332 1026 1449 1057 efficiunt
1472 1032 1528 1057 quae
1542 1025 1675 1057 fiqura71t;
1698 1025 1723 1049 et
1741 1023 1795 1049 nisi

1057 1072 1086 1096 in
1100 1070 1304 1104 suscipientibus
1319 1071 1355 1095 sit
1370 1069 1598 1103 impedimentum,
1617 1074 1719 1102 semper
1732 1075 1796 1101 yra-

1059 1116 1124 1141 tiam
1140 1116 1289 1147 conferunt.

1063 1205 1157 1244 Resp.
1182 1205 1220 1234 ad
1238 1214 1308 1242 arg.
1332 1203 1504 1233 Dicendum
1529 1205 1575 1233 est
1589 1202 1627 1232 ad
1644 1202 1705 1232 hoc
1718 1225 1726 1238 ‚
1746 1210 1795 1232 se-

1024 1258 1166 1287 cundum
1195 1257 1349 1296 quosdam
1363 1280 1370 1293 ,
1401 1256 1484 1295 quod
1511 1256 1578 1295 ipsa
1599 1257 1796 1285 sacramenta

1024 1313 1099 1341 sunt
1119 1319 1193 1340 vasa
1206 1310 1330 1348 gratiae,
1349 1317 1423 1339 eum
1438 1308 1498 1338 sint
1516 1308 1548 1337 in
1563 1307 1675 1338 ultima
1689 1307 1796 1346 dispo-

1025 1365 1155 1400 sitione,
1181 1372 1255 1403 quae
1279 1364 1325 1392 est
1340 1361 1545 1392 sanctificatio
1567 1370 1623 1400 per
1643 1360 1795 1398 verbum,

1025 1420 1056 1448 et
1077 1416 1291 1447 mediantibus
1312 1414 1372 1445 iltis
1390 1413 1624 1444 transfunditur
1645 1413 1678 1443 in
1696 1413 1796 1453 ipsam

1026 1471 1165 1501 animam
1180 1469 1283 1508 gratia
1295 1493 1303 1506 ,
1320 1470 1350 1499 et
1364 1468 1398 1498 in
1413 1467 1514 1507 ipsam
1533 1466 1673 1497 animam
1695 1468 1797 1496 trans-

1026 1524 1095 1553 fusa
1113 1523 1224 1559 abluit,
1240 1522 1306 1552 sive
1321 1521 1414 1559 ungit
1425 1520 1559 1551 interius
1572 1520 1696 1550 sicutin
1705 1520 1799 1559 signo

1028 1576 1142 1606 visibiii
1154 1576 1300 1613 signatur
1313 1574 1468 1604 exterius:
1480 1576 1509 1603 et
1519 1582 1576 1612 pro
1588 1575 1676 1603 tanto
1688 1572 1798 1603 dicunt

1027 1629 1110 1669 quod
1126 1629 1321 1658 sacramenta
1333 1636 1425 1657 novae
1440 1627 1519 1665 Iegis
1532 1627 1593 1656 sint
1608 1634 1712 1656 causae
1725 1634 1798 1664 gra-

1027 1683 1096 1720 tiae,
1119 1684 1149 1712 et
1167 1681 1308 1711 efficiunt
1326 1680 1410 1719 quod
1426 1680 1578 1718 figurant.
1596 1678 1656 1709 Sed
1671 1681 1795 1716 tamen,

1028 1735 1107 1765 sicut
1121 1737 1283 1764 ostensum
1297 1735 1343 1763 est
1358 1742 1413 1772 per
1434 1732 1540 1771 plures
1561 1731 1698 1761 rationes
1708 1753 1716 1767 ‚
1732 1739 1798 1760 non

1027 1790 1074 1818 est
1087 1788 1194 1827 atiquo
1211 1786 1303 1816 modo
1318 1785 1486 1816 dicendum
1503 1784 1588 1824 quod
1603 1783 1706 1823 gratia
1721 1791 1796 1813 con-

1027 1841 1166 1871 tineatur
1192 1840 1226 1870 in
1257 1839 1331 1878 ipsis
1361 1837 1565 1868 sacramentis
1593 1835 1799 1867 essentialiter

1028 1897 1180 1934 tanquam
1195 1903 1279 1933 aqua
1294 1893 1328 1922 in
1343 1901 1428 1928 vase,
1447 1891 1498 1922 vel
1519 1890 1677 1921 medicina
1689 1889 1722 1919 in
1739 1897 1799 1928 py-

1029 1948 1117 1985 xide3
1146 1948 1210 1977 imo
1236 1947 1296 1977 hoc
1319 1945 1496 1984 intelligere
1520 1945 1567 1974 est
1590 1950 1762 1973 erroneum
1789 1952 1796 1972 ε

1030 2001 1082 2031 sed
1094 2005 1100 2020 ¹
1113 2000 1261 2031 dicuntur
1275 1998 1434 2029 continere
1448 1997 1597 2036 gratiam,
1610 1995 1686 2035 quia
1698 1995 1800 2034 ipsam

1030 2054 1222 2093 significant,
1245 2055 1275 2083 et
1289 2052 1375 2092 quia,
1396 2051 1453 2081 nisi
1472 2051 1514 2081 ibi
1538 2051 1577 2080 sit
1602 2049 1739 2080 defectus
1759 2057 1801 2078 ex

1030 2110 1117 2147 parte
1127 2105 1337 2145 suscipientis,
1349 2105 1382 2134 in
1395 2104 1469 2143 ipsis
1479 2103 1582 2142 gratia
1594 2111 1718 2142 semper
1727 2109 1802 2132 con-

1030 2161 1145 2196 fertur,
1175 2159 1215 2188 ita
1241 2156 1446 2196 intelligendo
1469 2155 1555 2195 quod
1579 2155 1684 2194 gratia
1705 2154 1745 2184 sit
1767 2154 1802 2183 in

1031 2212 1152 2249 anima⁷
1169 2219 1235 2241 non
1249 2210 1282 2240 in
1297 2210 1397 2248 signis
1420 2208 1609 2238 visibilibus.
1633 2206 1694 2237 Pro
1714 2208 1801 2236 tanto

1031 2266 1126 2296 etiam
1143 2264 1292 2295 dicuntur
1306 2272 1381 2293 vasa
1404 2261 1528 2301 gratiae.
1551 2260 1686 2291 Possunt
1706 2259 1802 2290 etiam

1031 2318 1091 2350 dici
1106 2327 1181 2349 vasa
1192 2317 1253 2347 alia
1267 2316 1400 2353 ratione,
1416 2315 1492 2355 quia
1508 2314 1589 2345 sieut
1602 2312 1687 2352 quod
1708 2311 1802 2343 estin

1031 2381 1106 2403 vase
1120 2380 1186 2401 non
1202 2372 1248 2400 est
1262 2369 1299 2399 de
1314 2369 1393 2408 ipso,
1408 2378 1465 2398 nee
1480 2377 1520 2398 ex
1534 2367 1614 2407 ipso,
1630 2365 1683 2396 sed
1695 2367 1802 2396 tamen

1032 2425 1071 2455 ab
1084 2424 1151 2464 ipso
1167 2422 1331 2459 hauritur;
1347 2421 1391 2451 sie
1406 2420 1511 2460 gratia
1525 2428 1590 2450 non
1608 2421 1654 2449 est
1666 2427 1686 2448 a
1696 2425 1802 2448 sacra-

1012 2492 1015 2495 <
1033 2476 1158 2514 mentis,
1169 2485 1227 2506 nec
1237 2475 1274 2506 de
1287 2474 1502 2510 sacramentis,
1514 2472 1567 2503 sed
1577 2471 1678 2502 oritur
1687 2479 1706 2500 a
1714 2470 1766 2500 fon
1771 2471 1801 2500 te

1034 2532 1152 2560 aeterno
1163 2553 1170 2567 ,
1185 2530 1215 2559 et
1230 2528 1270 2559 ab
1284 2528 1337 2558 illo
1352 2527 1500 2559 hauritur
1512 2525 1551 2556 ab
1565 2525 1632 2564 ipsa
1643 2523 1752 2554 anima
1767 2522 1801 2552 in

1034 2583 1110 2623 ipsis
1129 2581 1332 2612 sacramentis
1354 2591 1361 2611 z
1377 2583 1408 2611 et
1422 2581 1502 2610 sicut
1522 2578 1593 2618 quis
1607 2576 1742 2608 recurrit
1761 2575 1801 2606 ad

1824 1217 1902 1243 Opinio

1815 1248 1915 1268 atim-um.

1828 1654 1909 1682 Improe

1833 1686 1902 1706 batur.
1911 1708 1914 1712 ⁴
