2017 2948
236 104 295 133 672

237 170 307 199 tum
321 167 358 198 ad
374 166 467 204 alios,
484 168 515 196 et
531 165 569 195 ad
593 163 710 195 multas
731 162 900 198 utilitates,
925 161 1005 190 sicut

237 221 318 251 infra
332 219 445 250 melius
462 217 634 258 apparebit,
648 218 774 256 propter
788 224 865 255 quas
880 214 917 251 111)
934 222 1004 244 cam

238 273 388 304 Dominus
404 271 547 302 instituit.

278 328 306 356 3.
323 325 370 356 Ad
386 325 462 355 illud
478 324 560 363 quod
576 323 724 361 objicitur
739 322 775 351 dc
791 320 904 359 duplici
921 320 1003 356 foro,

237 379 404 410 dicendum
428 378 512 418 quod
536 377 711 417 poenitens,
737 374 879 414 quandiu
904 375 948 402 vsi.
974 373 1005 402 111

238 432 296 462 hac
321 432 404 469 vita,
428 432 588 470 subjectus
613 430 659 457 est
681 428 750 457 foro
776 426 933 463 Ecclesiae,
966 425 1007 455 ita

239 484 324 524 quod
340 485 379 514 ab
396 485 463 524 ipso
474 493 538 513 non
554 484 653 521 potest
667 480 834 520 appellare.
853 478 1008 509 Praeterea

238 538 311 568 facit
326 537 478 576 iujuriam
498 535 666 566 lim-lusiam
696 535 725 563 et
752 533 836 570 ideo,
861 532 885 561 si
907 534 1007 571 potest

238 600 431 631 comparere,
449 591 584 625 tenetur5
610 588 669 617 nisi
694 596 750 626 pvr
772 585 1008 625 impossibilita-

239 647 302 675 tem
318 645 497 674 excusetur.
516 642 613 672 Nemo
635 641 720 671 enim
740 640 777 670 ad
802 640 905 669 sorum
927 647 1008 678 pur-

239 698 353 737 gatorii
370 696 558 732 admittitur,
575 694 629 735 qui
650 694 752 724 forum
768 692 913 723 Ecclesiae
933 701 1007 722 con-

244 750 381 790 tempsit,
397 759 469 779 eum
486 749 518 778 in
533 748 620 778 nullo
634 748 689 777 fiat
705 746 823 786 injuria
839 744 1008 785 peccatori,

240 804 293 834 sed
310 804 341 833 in
356 805 490 842 utroque
504 800 637 841 jiistitia.

280 859 309 886 4.
327 856 373 886 Ad
389 855 465 885 illud
480 854 561 893 qnod
578 853 727 893 objicitur
742 852 779 883 (le
795 852 848 882 1110
862 852 917 891 qui
932 851 1010 881 nihil

241 909 372 948 cogitat,
389 908 557 938 dicendum
573 906 656 946 quod
672 906 732 936 hoc
748 907 848 946 potest
869 914 935 935 esse
957 905 1011 935 du-

241 963 313 1004 plici
331 972 371 993 ex
385 971 480 992 causa
500 972 506 991 z
524 961 574 991 vel
589 961 716 999 propter
732 959 941 989 intensionem
957 958 1011 988 do-

792 92 1100 126 SENTENTIARUM
1122 94 1196 126 [ΛΒ.
1221 95 1271 127 1v.

1059 161 1146 199 loris,
1172 162 1222 192 vel
1248 163 1374 202 propter
1394 162 1634 202 occupationem
1659 161 1828 201 superssuae

1061 214 1291 246 sollicitudinis.
1320 214 1482 251 Quantum
1506 214 1545 245 ad
1569 214 1729 254 primum,
1755 214 1831 254 quia

1062 266 1214 298 Dominus
1239 277 1293 298 cor
1318 268 1388 306 ejus
1413 267 1596 308 occupavit,
1623 267 1649 297 si
1679 276 1743 297 non
1772 266 1832 297 fuit

1063 329 1151 350 mora
1180 322 1341 360 superflua
1360 344 1367 357 ‚
1399 330 1456 351 1100
1491 321 1670 351 indiscretio
1705 320 1830 360 aliqua,

1063 373 1246 413 (τι-0110111101]
1264 374 1417 404 Dominus
1430 374 1576 412 absolvit,
1592 376 1621 405 et
1634 374 1831 405 voluntatem

1064 436 1119 466 pro
1134 438 1227 467 opere
1243 430 1421 467 computat:
1437 429 1679 467 etcomputatur
1689 428 1747 458 iste
1757 435 1833 458 cum

1064 480 1141 518 illis⁷
1158 481 1212 520 qui
1232 483 1425 511 excusantur
1446 482 1572 520 propter
1594 480 1832 521 impossibilita-

1064 537 1128 564 tem
1145 534 1281 564 habendi
1299 534 1499 565 devotionem
1521 534 1554 564 in
1575 537 1782 566 sacramento.
1800 534 1834 565 Si

1064 590 1170 618 autem
1185 596 1247 617 uon
1263 587 1397 626 cogitat,
1414 597 1470 617 nec
1485 590 1574 618 curat
1594 587 1662 618 aliis
1681 587 1832 618 sollicita«

1065 640 1193 671 dinibus
1205 643 1390 680 occupatus,
1407 640 1546 671 maxime
1559 641 1583 671 si
1594 640 1699 671 locum
1714 642 1744 670 et
1758 642 1835 671 tem-

1066 702 1123 733 pus
1139 693 1249 724 habuit
1270 694 1438 724 confitendi
1459 703 1532 732 ore,
1557 696 1632 724 tunc
1655 702 1720 724 non
1742 702 1835 724 excu-

1066 749 1169 783 satur;
1188 746 1251 777 imo
1266 747 1306 777 ob
1321 749 1484 786 peccatum
1505 746 1684 778 omissionis
1706 748 1834 786 reputa-

1066 800 1152 830 bitur
1166 809 1241 831 reus
1254 801 1383 839 mortis,
1401 801 1540 831 maxime
1555 801 1581 831 si
1596 809 1662 832 non
1680 800 1775 831 fuerit
1792 799 1836 831 sic

1067 855 1167 883 morte
1184 856 1381 893 praeventus,
1399 854 1476 893 quin
1491 853 1571 885 bene
1586 855 1709 894 posset,
1729 855 1760 884 et
1781 852 1834 884 de-

1067 905 1154 936 beret
1182 907 1375 946 recogitare,
1406 909 1436 938 et
1466 908 1570 946 petere
1599 908 1834 938 sacramentum

1069 958 1226 990 Ecclesiae.

944 1082 1060 1118 PARS
1093 1082 1136 1118 II.

700 1173 745 1194 AN
771 1172 958 1194 SUFFICIAT
986 1172 1063 1194 SOLI
1089 1172 1155 1194 DEO
1180 1172 1380 1196 CONFITERI.

292 1257 363 1290 Jam
396 1255 575 1288 secundum
604 1255 793 1298 quaestionis
817 1254 993 1286 articulum
1018 1254 1248 1298 inspiciamus,
1267 1254 1387 1287 scilicet
1411 1258 1523 1287 utrum
1547 1254 1686 1287 sufficiat
1710 1257 1838 1298 peccata

173 1337 214 1356 „Au
248 1314 395 1348 confiteri
411 1314 471 1346 soli
486 1314 565 1355 Deo,
582 1325 622 1346 an
638 1316 783 1357 oporteat
799 1312 944 1345 confiteri
960 1312 1128 1344 sacerdoti.
1146 1312 1349 1351 Quibusdam
1368 1312 1473 1345 visum
1490 1316 1537 1344 cst
1550 1312 1696 1345 sufficere
1710 1337 1717 1353 ,
1734 1312 1761 1344 si
1775 1311 1835 1344 soli

157 1375 165 1387 ³
177 1374 205 1387 ⁵⁰*
249 1372 315 1405 Deo
332 1374 388 1405 tiat
405 1372 562 1404 confessio
586 1370 655 1402 sine
673 1370 795 1414 judicio
820 1370 991 1402 sacerdotis
1006 1396 1014 1411 ,
1031 1374 1062 1402 et
1086 1370 1285 1402 consessione
1307 1370 1477 1411 Ecclesiae,
1495 1370 1573 1414 quia
1589 1369 1692 1402 David
1708 1369 1808 1402 dixit·
1829 1380 1835 1400 :

249 1431 328 1463 Dizz'
347 1443 353 1462 ε
374 1430 557 1473 Confitebor
575 1429 732 1469 Domino,
751 1434 780 1460 ec
797 1434 832 1460 tu
847 1427 1004 1460 remisisti
1015 1454 1024 1467 ,
1045 1431 1103 1460 etc.
1128 1427 1200 1460 Non
1221 1428 1267 1460 ait
1289 1428 1466 1469 sacerdoci;
1485 1432 1515 1460 et
1537 1431 1645 1460 tamen
1667 1426 1839 1460 remissum

249 1488 310 1520 sibi
332 1492 497 1532 peccatum
519 1487 606 1519 dicit.
633 1487 712 1518 Item
738 1486 931 1518 Ambrosius
947 1485 956 1499 ²
974 1498 980 1517 :
1004 1485 1110 1518 «Ideo
1129 1485 1219 1518 ssevit
1234 1485 1368 1527 Petrus,
1391 1486 1469 1529 quia
1497 1485 1593 1530 culpa
1621 1484 1764 1529 obrepsit
1786 1484 1836 1525 ei;

250 1556 315 1578 non
331 1545 463 1578 invenio
479 1544 566 1588 quod
582 1544 719 1584 dixerit,
737 1544 869 1576 invenio
898 1546 985 1587 quod
1011 1542 1149 1575 fleverit.
1172 1543 1344 1587 [iacrymas
1368 1543 1439 1587 ejus
1467 1544 1560 1587 lego,
1586 1543 1838 1576 satisfactionem

251 1614 315 1636 non
331 1602 416 1645 lego.
434 1602 498 1634 Sed
520 1601 608 1645 qnod
630 1601 759 1633 defendi
784 1612 849 1633 nou
872 1604 994 1644 potest,
1011 1600 1101 1632 ablui
1118 1605 1230 1644 potest.
1250 1601 1373 1633 Lavant
1389 1602 1542 1645 lacrymat
1557 1601 1710 1633 delictum
1724 1626 1733 1642 ‚
1750 1600 1838 1644 quod

252 1672 327 1693 voce
343 1660 448 1704 pudor
463 1663 509 1691 est
524 1658 685 1691 confiteri.
707 1658 817 1691 Veniae
832 1658 927 1690 fletus
942 1658 1078 1690 consulit
1096 1684 1104 1699 ‚
1122 1662 1152 1690 et
1166 1658 1382 1690 verecundiae.
1404 1671 1419 1688 ›>
1438 1658 1507 1690 1100
1521 1658 1607 1690 idem
1623 1658 1720 1690 etiam
1735 1657 1839 1690 Maxi-

251 1730 324 1751 mus
339 1718 416 1750 dicit
430 1717 617 1761 Episcopus.
636 1716 715 1748 Item
730 1716 871 1749 Joannes
885 1715 1136 1759 Chrysostomus
1151 1715 1160 1730 ³
1181 1727 1187 1747 1
1209 1728 1225 1746 1(
1240 1715 1312 1748 Νο11
1332 1715 1389 1747 tibi
1410 1715 1480 1747 dico
1502 1719 1536 1747 ut
1552 1719 1582 1747 te
1600 1715 1714 1759 prodas
1727 1715 1763 1747 in
1779 1725 1838 1758 pu-

251 1776 371 1808 blicum
384 1801 392 1816 ‚
409 1786 516 1818 neque
537 1773 623 1817 apud
640 1773 720 1805 alios
744 1777 774 1805 te
798 1784 950 1814 accuses;
976 1772 1030 1805 secl
1057 1772 1187 1805 obedire
1211 1777 1242 1804 te
1264 1773 1338 1806 volo
1352 1773 1524 1817 Prophetae
1537 1773 1657 1806 dicenti
1671 1777 1682 1793 ⁴
1697 1784 1704 1804 :
1722 1772 1839 1805 Revela

251 1834 317 1866 Deo
331 1833 421 1866 viam
437 1838 541 1864 [actm.
563 1831 678 1863 «Ante
697 1830 801 1863 Deum
821 1842 898 1873 ergo
920 1835 976 1862 tua
1000 1830 1155 1863 confitere
1177 1834 1322 1875 peccata,
1347 1831 1433 1874 apud
1464 1842 1578 1863 verum
1598 1830 1743 1874 judicem
1763 1840 1839 1862 cum

251 1891 395 1924 oratione
410 1889 526 1922 delicta
540 1893 597 1921 tua
617 1887 811 1932 pronuntia,
829 1899 894 1920 non
910 1888 1048 1931 linguae,
1065 1888 1119 1920 sed
1134 1888 1339 1921 conscientiae
1355 1892 1419 1921 tuae
1443 1888 1618 1930 momoria,
1640 1892 1672 1921 et
1686 1891 1764 1920 tunc
1777 1887 1840 1920 de-

252 1959 342 1981 mum
358 1959 451 1992 spera
466 1951 495 1979 te
510 1946 762 1979 misericordiam
779 1957 869 1990 posse
884 1945 1050 1990 consequi.
1065 1945 1100 1978 Si
1114 1945 1269 1979 habueris
1285 1949 1411 1990 peccata
1427 1950 1484 1978 tua
1498 1946 1532 1978 in
1549 1949 1656 1978 mente
1669 1944 1836 1984 continue,

252 2017 423 2050 nunquam
446 2005 569 2038 malum
593 2004 748 2036 adversus
772 2003 959 2047 proximum
982 2003 1016 2035 iu
1040 2003 1135 2036 corde
1161 2007 1216 2036 tuo
1238 2004 1374 2036 tenebis.
1398 2016 1414 2034 »
1439 2004 1532 2036 Idem
1548 2007 1582 2035 ¹⁵:
1604 2015 1620 2034 «
1636 2003 1770 2036 Peccata
1785 2006 1842 2035 tua

252 2063 398 2107 quotidie
419 2062 535 2103 dicito,
554 2065 590 2093 nt
606 2061 711 2093 deleas
733 2060 801 2093 illa.
819 2060 883 2093 Sed
906 2061 933 2093 si
955 2060 1165 2093 confunderis
1187 2061 1284 2094 alicui
1308 2061 1433 2102 dicere,
1456 2060 1553 2093 dicito
1575 2071 1613 2093 ea
1635 2059 1782 2104 quotidie
1805 2059 1840 2091 111

253 2120 363 2153 animo
379 2124 435 2152 tuo
454 2132 460 2152 :
478 2130 544 2151 non
560 2118 631 2151 dico
648 2122 683 2150 ut
698 2117 883 2150 confitearis
897 2129 934 2150 ea
953 2129 1109 2151 conservo
1127 2122 1200 2160 tuo,
1219 2123 1255 2151 ut
1277 2118 1335 2150 tibi
1357 2118 1540 2162 exprobret.
1559 2117 1663 2150 Dicito
1678 2117 1744 2150 Deo
1758 2142 1767 2159 ‚
1783 2116 1841 2161 qui

253 2182 346 2210 curat
360 2188 408 2210 ea.
426 2176 491 2209 Nec
506 2176 593 2208 enim
613 2176 639 2207 si
656 2187 720 2208 non
736 2175 874 2217 dixeris,
891 2175 1020 2218 ignorat
1035 2187 1072 2208 ea
1090 2188 1096 2208 :
1113 2187 1188 2208 cum
1211 2175 1350 2208 faciebas
1370 2187 1423 2217 ea,
1441 2179 1558 2219 praesto
1578 2178 1644 2208 erat
1662 2186 1669 2207 ε
1686 2185 1762 2207 cum
1785 2173 1842 2207 ad·

256 2236 398 2268 mitteres
413 2246 466 2275 ea,
483 2237 690 2277 cognoverat.
714 2232 885 2276 Numquid
909 2244 946 2265 ea
968 2233 1040 2265 vult
1055 2244 1074 2265 a
1093 2237 1122 2265 te
1137 2235 1352 2275 cognoscere?
1369 2233 1504 2265 Peccare
1526 2244 1592 2266 non
1611 2232 1793 2274 erubuisti,
1810 2235 1842 2264 et

255 2293 403 2326 confiteri
417 2291 602 2325 erubescis?
617 2290 722 2323 Dicito
737 2290 770 2322 in
793 2290 851 2322 hac
873 2291 938 2323 vita
949 2316 957 2331 ,
974 2295 1010 2323 ut
1028 2290 1062 2322 in
1078 2290 1142 2323 alia
1164 2291 1310 2334 requiem
1326 2290 1444 2323 habeas
1461 2303 1468 2322 :
1486 2290 1583 2323 dicito
1603 2289 1818 2333 ingemiscens
1830 2314 1839 2331 ,

256 2354 287 2383 et
306 2351 500 2394 lacrymans,
523 2349 558 2380 In
575 2347 684 2380 codice
697 2347 814 2391 scripta
832 2351 909 2380 sunt
924 2352 1051 2392 peccata
1069 2352 1136 2381 tua.
1157 2348 1302 2392 Spongia
1317 2352 1521 2392 peccatorum
1538 2352 1671 2380 tuorum
1686 2347 1841 2391 lacrymae

257 2413 322 2441 tuae
335 2408 411 2441 sint.
429 2419 445 2438 »
463 2407 543 2439 ltem
564 2405 703 2449 Prosper
718 2411 728 2426 ⁰
746 2416 753 2436 :
773 2417 790 2436 «
811 2405 863 2437 Illi
887 2417 1030 2449 quorum
1051 2410 1180 2450 peccata
1202 2406 1380 2439 humanam
1403 2406 1552 2439 notitiam
1576 2405 1697 2448 latent,
1712 2415 1778 2438 non
1799 2403 1842 2438 ab

290 2494 294 2506 ¹
314 2493 354 2516 Ps.
378 2497 449 2521 xxxi,
464 2492 487 2515 5.
502 2504 526 2508 —-
545 2491 556 2506 2
571 2490 698 2518 Ambros..
709 2490 734 2512 in
751 2489 817 2518 Luc„
836 2488 879 2512 lib.
897 2490 926 2515 x,
942 2497 968 2514 11.
984 2491 1021 2514 88.
1037 2490 1086 2507 -8
1098 2491 1172 2514 Joan.
1187 2491 1287 2521 Clu-ys„
1304 2491 1329 2513 in
1345 2491 1424 2522 Epist.
1444 2490 1478 2513 ml
1496 2490 1579 2520 Hebra,
1597 2490 1667 2514 hom.
1687 2494 1762 2519 xxxi,
1774 2494 1800 2512 n.
1816 2488 1840 2511 3.

257 2539 286 2546 ·-
300 2527 310 2543 ⁴
322 2528 364 2551 Ps.
378 2532 468 2555 xxxvt,
480 2529 503 2550 5.
518 2538 547 2543 —-
562 2526 572 2542 ¹⁵
583 2525 685 2556 ctu-ys„
696 2524 725 2548 de
739 2525 844 2554 Lazaro,
861 2531 934 2548 conc.
950 2532 985 2554 ιν,
1001 2532 1027 2549 u.
1040 2528 1062 2549 4.
1079 2526 1126 2550 Ρω
1144 2526 1234 2556 explic.
1249 2527 1298 2549 vid.
1313 2526 1388 2556 Oper.
1406 2527 1432 2549 S.
1451 2526 1540 2556 Chrys.
1559 2528 1576 2549 t.
1593 2525 1658 2556 xm,
1671 2532 1696 2556 p.
1712 2526 1767 2553 2¹5,
1779 2521 1840 2546 edit.

258 2563 363 2592 Gaume,
381 2561 497 2585 Diatrn'ba
514 2562 534 2584 1.
549 2560 586 2584 ef.
599 2560 628 2583 de
642 2560 741 2589 hena..
756 2559 814 2584 dist.
831 2565 848 2588 1,
863 2566 885 2582 c.
901 2560 977 2583 Porro
1000 2560 1091 2584 ‹1111—
1107 2564 1115 2575 θ
1127 2562 1226 2592 Prosp„
1241 2561 1270 2584 de
1290 2561 1335 2585 Vit.
1359 2560 1502 2592 contempl.‚
1518 2569 1539 2584 0.
1557 2566 1601 2585 vn.
1615 2573 1644 2578 —
1661 2560 1695 2591 (a)
1708 2559 1750 2583 At.
1762 2559 1839 2589 quod.
