2017 2948
505 178 598 208 DIST.
620 177 752 208 XXXIV.
779 176 892 207 PART.

141 241 202 281 fide
220 243 334 275 timore
356 247 409 276 tuo
425 252 534 275 carnes
554 252 648 282 meas,
674 244 780 274 Glossa
795 244 909 282 Augu-

140 295 211 325 stini
230 305 237 326 :
258 297 392 328 «Timor
409 297 531 328 servilis
553 306 681 327 carnem
697 306 760 327 non
784 297 910 327 crucifi-

140 349 198 386 git,
220 350 296 387 quia
317 351 398 380 vivit
421 350 453 380 in
475 359 511 380 eo
533 350 681 390 peccandi
697 350 854 388 voluntas,
880 353 910 380 et

139 405 323 441 sequeretur
344 412 436 442 opus,
461 403 486 433 si
510 405 691 443 speraretur
714 403 905 442 impunitas3

137 454 244 485 mallet
258 456 343 485 enim
366 456 469 493 licere,
486 458 516 486 et
531 456 614 486 dolet
631 465 694 486 non
715 456 807 486 ilcere
823 456 907 495 quod

136 507 187 537 lex
198 510 292 539 vetat.
305 520 318 536 n
338 509 398 539 Sed
414 510 517 540 omnis
531 510 600 540 talis
614 512 719 540 motus
733 512 778 539 est
792 510 907 540 directe

136 562 244 590 contra
262 561 431 600 justitiam,
458 563 534 602 quia
548 562 642 593 vellet
661 562 818 601 justitiam
842 573 906 594 non

135 623 202 645 esse
215 626 221 645 :
239 616 342 646 omnis
358 626 434 648 vero
451 620 554 648 motus
569 619 678 647 contra
689 617 847 656 justitiam
861 620 907 648 est

134 668 237 699 malus
253 678 260 699 :
282 678 359 708 ergo
376 671 474 709 actus,
498 673 528 701 et
544 680 620 701 usus
636 671 757 701 timoris
770 671 904 707 servilis,

133 724 179 752 est
190 722 304 752 malus.

173 777 202 805 02.
219 775 297 806 Item
314 776 497 816 Gregorius,
522 777 555 807 in
570 777 745 808 Moy-alibus
763 787 773 808 .·
793 789 806 805 (ι
825 778 902 808 Cum

132 836 226 866 poena
240 829 380 867 timetur,
401 832 431 859 et
446 829 498 859 Dei
517 830 609 860 facies
624 839 688 860 non
709 833 846 867 amatur,
864 831 901 860 ti-

131 889 201 910 mor
209 890 249 911 ex
264 884 389 913 tumore
404 885 461 919 est,
472 891 537 913 non
552 892 593 912 ex
607 891 744 912 amore.»
761 882 820 913 Sed
833 892 902 913 om-

130 934 179 964 nis
203 937 301 972 actus,
319 936 373 975 qui
391 936 530 975 procedit
547 945 586 965 ex
601 935 706 966 radice
724 936 858 966 tumoris
873 939 903 967 et

131 988 303 1026 superbiae,
327 991 374 1019 est
395 991 483 1019 actus
510 989 613 1019 malus
635 992 665 1019 et
688 989 900 1020 damnabilis:

129 1049 207 1080 ergo
232 1051 310 1072 usus
331 1043 455 1073 timoris
478 1042 601 1072 servilis
628 1051 691 1073 non
716 1045 762 1073 est
787 1043 900 1080 honus,

130 1094 183 1124 sed
199 1095 398 1126 damnabilis¹

169 1152 196 1179 3.
216 1149 293 1180 Item
308 1151 418 1181 nullus
433 1152 521 1180 actus
544 1150 807 1190 incompossibilis
823 1150 902 1180 cha-

127 1201 211 1232 ritati
235 1205 281 1234 est
303 1204 423 1234 bonus:
458 1203 510 1233 sed
540 1203 652 1234 timere
677 1203 832 1234 serviliter
856 1205 902 1233 est

127 1258 213 1286 actus
228 1257 490 1297 Incompossibilis
503 1257 650 1287 charitati
670 1266 676 1286 z
693 1266 770 1296 ergo
789 1257 901 1287 timere

126 1310 283 1341 serviliter
305 1319 370 1341 non
394 1312 440 1341 est
454 1311 586 1341 bonum.
615 1310 714 1350 Major
735 1311 901 1341 manifesta

127 1365 181 1401 est,
202 1364 277 1403 quia
301 1364 436 1395 charitas
456 1365 541 1395 bono
562 1374 626 1395 non
649 1367 820 1404 repugnat,
847 1364 899 1395 sed

126 1417 221 1447 malo.
246 1417 350 1448 Minor
365 1418 459 1448 etiam
477 1418 642 1448 manifesta
656 1420 703 1448 est
724 1418 899 1448 secundum

125 1470 222 1500 verba
236 1471 407 1510 Augustini
421 1472 441 1509 ¹,
467 1474 497 1502 et
512 1471 651 1511 Apostoli
670 1470 691 1509 ²,
715 1481 735 1510 q
755 1471 790 1501 ‚ia
807 1471 900 1511 spiri-

125 1525 176 1553 tus
200 1524 363 1554 servitutis
392 1534 456 1555 non
480 1527 541 1555 stat
567 1534 641 1555 eum
665 1524 777 1564 spiritu
801 1524 898 1564 adop-

124 1577 226 1607 tionis.

164 1631 192 1659 J4,
211 1629 288 1660 ltem
299 1630 403 1660 omnis
417 1631 513 1661 timor
528 1632 635 1661 ortum
650 1631 746 1662 habet
759 1641 798 1662 ex
814 1640 899 1662 amo-

123 1691 157 1713 re
175 1692 181 1711 :
200 1692 278 1722 ergo
292 1683 388 1714 timor
411 1684 535 1714 servilis
550 1694 590 1714 ex
605 1694 713 1715 amore
730 1685 824 1715 habet
845 1694 897 1715 or-

124 1738 192 1766 tum
211 1746 218 1765 t
235 1737 288 1767 sed
304 1737 407 1767 omnis
422 1746 513 1768 amor
529 1740 584 1769 aut
599 1741 645 1769 est
661 1738 824 1776 naturalis,
843 1741 899 1770 aut

123 1787 320 1827 libidinosus,
346 1792 400 1821 aut
415 1791 576 1829 gratuitus
594 1801 600 1822 :
617 1801 691 1822 cum
707 1801 785 1831 ergo
800 1792 894 1822 timor

124 1842 248 1872 servilis
269 1852 333 1874 non
356 1844 453 1883 possit
469 1844 586 1875 hahere
608 1846 716 1875 ortum
731 1854 771 1875 ex
787 1854 897 1876 amore

126 1896 276 1934 gratuito,
290 1897 365 1936 quia
385 1900 430 1928 est
446 1898 478 1927 in
490 1900 651 1937 peccatore
670 1908 728 1929 nec
739 1908 778 1929 ex
788 1908 896 1929 amore

126 1949 274 1986 naturali,
291 1951 422 1987 constat,
446 1952 523 1990 quia
542 1951 610 1990 jam
635 1953 715 1981 essct
729 1952 825 1981 timor
840 1961 895 1981 na-

126 2001 251 2039 turalis;
276 2005 372 2032 restat
395 2012 473 2042 ergo
496 2004 580 2043 quod
603 2014 643 2034 ex
662 2014 769 2035 amore
794 2005 896 2035 lihidi-

125 2062 226 2085 noso:
248 2055 300 2085 sed
320 2056 423 2086 omnis
446 2059 533 2087 actus
559 2057 614 2096 qui
637 2057 702 2088 exit
726 2067 766 2088 ex
789 2067 897 2088 amore

123 2106 303 2146 libidinoso,
320 2111 366 2139 est
380 2110 485 2140 malus
501 2112 530 2140 et
545 2110 709 2150 culpabilis
727 2120 734 2141 ε
751 2120 829 2150 ergo
844 2121 895 2142 ac-

124 2161 175 2190 tus
190 2161 313 2192 timoris
329 2162 452 2193 servilis
468 2165 514 2194 est
529 2163 643 2194 malus.

166 2215 194 2244 5.
210 2214 287 2245 Item
308 2225 415 2246 amare
440 2216 540 2247 Deum
563 2219 691 2257 propter
711 2218 896 2257 temporalia

125 2267 348 2307 principaliter,
365 2272 411 2299 est
429 2272 592 2309 peccatum
609 2273 640 2300 et
654 2271 774 2301 malum
793 2280 800 2301 :
815 2280 895 2309 ergo

126 2319 272 2351 similiter
285 2322 397 2352 timere
413 2322 511 2354 Deum
528 2325 654 2363 propter
677 2333 786 2363 poenas
804 2324 895 2363 prin-

126 2373 278 2413 cipaliter,
291 2376 336 2404 est
350 2375 471 2406 malum
484 2386 490 2405 z
503 2377 556 2407 sed
571 2376 630 2407 hoc
645 2379 691 2407 est
705 2378 816 2408 timere
831 2386 895 2408 ser-

125 2426 229 2457 viliter
243 2436 249 2457 :
267 2427 392 2458 videtur
405 2437 482 2467 ergo
497 2430 580 2469 quod
594 2432 682 2461 actus
696 2431 817 2461 timoris
832 2440 894 2462 ser-

125 2480 195 2511 vilis
211 2491 334 2521 semper
349 2482 390 2512 sit
405 2483 581 2522 culpabilis.

163 2536 192 2565 G.
210 2534 287 2565 Item
302 2535 398 2565 timor
412 2536 535 2566 servilis
551 2546 612 2567 non
628 2537 741 2568 dicitur
756 2538 890 2577 servilis,

155 2616 247 2646 ¹Aug.‚
264 2616 288 2639 in
299 2616 378 2647 Epist.
396 2617 406 2640 Ι
420 2617 535 2646 mmm,
547 2619 698 2648 t1·;is;t.ix‚u.
715 2622 739 2643 8.
751 2632 780 2636 -
790 2621 800 2636 ‘l
813 2620 893 2649 Itum„

123 2655 178 2680 vni,
196 2653 232 2675 15.

936 175 972 206 ΙΙ.
999 177 1089 207 ΑΡιΤ.
1115 177 1136 208 Ι.
1161 178 1310 215 QUAEST.
1336 179 1371 210 ll.
1696 187 1736 215 95

970 244 1030 273 nisi
1054 255 1072 274 a
1095 245 1245 275 servitute
1270 247 1408 284 peccati:
1427 258 1505 287 ergo
1528 250 1594 288 pari
1617 251 1737 281 ratione

967 295 1074 325 nullus
1098 296 1212 326 dieitur
1236 296 1347 327 tImere
1371 299 1543 337 serviliter,
1570 301 1631 330 nisi
1654 301 1738 331 circa

968 345 1059 375 illum
1075 349 1180 376 actum
1204 347 1243 377 sit
1263 357 1388 378 annexa
1412 349 1647 381 circumstantia
1665 361 1737 391 pec-

967 399 1026 428 cati
1042 409 1048 427 :
1062 399 1115 429 sed
1131 400 1369 431 circumstantia
1383 403 1499 441 peccati
1515 413 1639 434 annexa
1653 405 1736 435 actui

966 452 1036 482 facit
1056 455 1157 483 totum
1177 456 1282 484 actum
1299 454 1472 485 deformem
1492 467 1497 486 :
1517 466 1594 495 ergo
1610 457 1736 488 videtur

965 505 1048 544 quod
1064 508 1151 536 actus
1166 509 1196 537 ct
1212 516 1291 537 usus
1306 508 1430 538 timoris
1452 510 1576 540 servilis
1599 510 1637 540 sit
1656 520 1736 541 sem-

964 567 1019 597 per
1034 559 1199 599 eulpabilis
1214 562 1244 591 et
1259 561 1418 592 deformis.

1236 663 1463 696 CONCLUSIO.

964 752 1054 778 Timor
1068 753 1182 787 seri-ilis,
1201 754 1261 780 licet
1278 762 1329 780 uon
1343 757 1380 781 sit
1395 755 1475 781 bonus
1495 755 1613 782 bonitate
1631 757 1731 789 meriti,

997 797 1034 821 cst
1059 797 1146 822 tamen
1168 796 1249 823 bonus
1277 797 1396 824 bonitate
1420 801 1595 833 praeparante
1622 799 1658 825 acl
1679 808 1731 826 me-

995 840 1088 866 ritum.

1001 927 1093 966 Resp.
1111 928 1149 958 ad
1164 938 1233 967 arg.
1252 929 1297 959 Ad
1313 930 1539 969 praedictorum
1553 933 1730 971 intelligen-

959 981 1035 1011 tiam
1050 983 1096 1011 est
1111 982 1298 1020 notandum,
1316 983 1401 1022 quod
1415 994 1489 1014 cum
1500 985 1568 1015 dico
1582 986 1729 1016 timorem

959 1034 1124 1073 servilem,
1147 1035 1209 1066 duo
1232 1036 1319 1074 dico,
1346 1037 1490 1068 videlicet
1511 1038 1614 1078 ipsum
1637 1039 1729 1069 habi-

958 1089 1043 1125 tum,
1070 1097 1132 1128 qno
1151 1089 1258 1119 anima
1279 1089 1458 1129 disponitur
1483 1092 1521 1121 ad
1550 1092 1727 1123 timendum

958 1140 1069 1178 Deum,
1088 1144 1122 1172 ut
1134 1143 1317 1182 punientem
1333 1153 1385 1174 eos
1399 1144 1453 1184 qui
1466 1145 1725 1184 praevaricantum

958 1196 988 1224 et
1003 1195 1136 1226 ulterius
1150 1197 1278 1227 nomine
1295 1198 1455 1228 servitutis
1470 1199 1659 1238 importatur
1673 1199 1727 1229 de-

957 1248 1100 1279 formitas
1115 1250 1244 1289 peccati,
1262 1260 1333 1290 quae
1349 1261 1472 1282 annexa
1487 1254 1532 1282 est
1546 1252 1590 1281 illi
1605 1252 1727 1283 habitui

957 1301 990 1331 in
1006 1302 1116 1333 eodem
1140 1303 1279 1342 homine,
1306 1305 1427 1335 ratione
1450 1306 1542 1345 cujus
1556 1305 1608 1335 ille
1630 1306 1726 1336 homo

956 1354 1071 1385 dicitur
1093 1365 1160 1386 esse
1183 1366 1294 1388 servus
1316 1358 1443 1397 peccati⁷
1470 1360 1499 1388 et
1524 1358 1619 1389 timor
1638 1359 1671 1389 in
1690 1369 1726 1390 eo

956 1408 1093 1439 existens
1108 1410 1223 1441 dicitur
1238 1421 1304 1441 esse
1315 1412 1410 1442 timor
1420 1412 1552 1443 servilis
1569 1413 1628 1443 Per
1640 1413 1727 1444 hunc

955 1461 1049 1491 etiam
1062 1463 1205 1502 modum,
1221 1474 1294 1495 cum
1307 1465 1375 1495 dico
1390 1465 1527 1505 aliquem
1541 1467 1653 1497 timere
1664 1476 1726 1498 ser-

956 1514 1069 1554 viliter,
1086 1516 1149 1547 duo
1166 1517 1244 1556 dico,
1262 1518 1407 1549 videlicet
1420 1521 1526 1550 actum
1543 1521 1581 1550 ab
1600 1521 1653 1552 illo
1667 1521 1726 1551 ha-

955 1570 1023 1600 bitu
1039 1571 1267 1610 egredientem,
1280 1574 1310 1602 et
1322 1573 1492 1603 voluntatis
1506 1574 1724 1612 servilitatem,

954 1623 1021 1654 sive
1043 1624 1272 1655 deformitatem
1297 1626 1571 1657 concomitantem.
1596 1627 1656 1658 Sed
1679 1630 1727 1658 at-

954 1679 1146 1709 tendendum
1162 1680 1245 1719 quod
1268 1680 1328 1711 hoc
1343 1683 1443 1721 potest
1462 1692 1527 1713 esse
1544 1683 1723 1723 dupliciter:

954 1735 1007 1763 aut
1022 1733 1065 1763 ita
1089 1734 1173 1773 quod
1189 1734 1370 1765 desormItas
1386 1735 1439 1766 illa
1455 1736 1626 1768 voluntatis
1650 1746 1725 1767 con-

953 1787 1121 1817 comitetur
1138 1789 1294 1826 quantum
1311 1788 1349 1818 ad
1370 1788 1527 1828 habitum,
1553 1793 1608 1820 aut
1625 1800 1727 1830 quan-

954 1841 1022 1869 tum
1037 1840 1076 1870 ad
1091 1842 1161 1870 actu
1168 1849 1209 1871 m.
1227 1840 1260 1870 Si
1274 1842 1503 1873 concomitatur
1511 1843 1614 1873 solum
1627 1853 1726 1883 quan-

953 1895 1022 1923 tum
1040 1893 1079 1923 ad
1089 1894 1248 1932 habitum,
1264 1895 1308 1924 sic
1320 1897 1422 1934 potest
1436 1905 1503 1926 esse
1516 1897 1598 1935 quod
1612 1897 1728 1936 aliquis

953 1946 1109 1976 serviliter
1130 1947 1258 1984 timeat;
1285 1950 1315 1977 et
1338 1950 1443 1978 tamen
1472 1952 1560 1979 motu
1583 1950 1636 1980 illo
1662 1959 1726 1980 non

953 2000 1103 2039 peccabit,
1127 2000 1203 2039 quia
1218 2000 1243 2030 si
1258 2009 1299 2030 ex
1315 2001 1543 2040 recogitatione
1558 2011 1726 2042 poenarum

952 2054 1067 2094 aliquis
1082 2054 1231 2084 abhorret
1244 2055 1403 2085 offendere
1418 2057 1529 2094 Deum,
1551 2056 1612 2086 hoc
1626 2059 1726 2096 potest

952 2116 1018 2137 esse
1034 2109 1148 2146 praeter
1168 2117 1262 2138 omne
1276 2110 1450 2147 peccatum.
1476 2109 1509 2139 Si
1524 2111 1631 2140 antem
1647 2119 1724 2141 con—

951 2161 1120 2191 comitatur
1136 2161 1169 2191 in
1184 2163 1266 2199 actu,
1282 2162 1428 2201 quamvis
1441 2162 1547 2202 ipsum
1561 2163 1672 2195 timere
1688 2165 1725 2195 de

950 2224 983 2245 se
999 2224 1062 2245 non
1077 2215 1118 2245 sit
1133 2214 1267 2252 malum,
1285 2217 1392 2245 tamen
1411 2216 1531 2247 ratione
1547 2217 1725 2249 deformita-

951 2268 990 2298 tis
1004 2268 1168 2298 actualiter
1184 2278 1319 2299 annexae
1334 2269 1527 2309 depravatur
1543 2280 1551 2301 :
1571 2272 1651 2302 sicut
1665 2271 1723 2302 ali-

950 2322 1021 2362 quis
1037 2322 1092 2361 qui
1106 2322 1197 2353 timet
1212 2332 1332 2362 poenas,
1346 2325 1376 2353 et
1391 2324 1532 2354 timendo
1540 2324 1623 2355 dolet
1639 2326 1723 2365 quod

950 2376 1026 2406 tales
1051 2385 1153 2415 poenae
1176 2377 1371 2416 infliguntur
1394 2386 1451 2416 pro
1475 2377 1578 2417 culpa,
1601 2381 1632 2408 et
1651 2381 1724 2410 actu

950 2430 1044 2460 etiam
1065 2430 1257 2470 concupiscit
1280 2440 1420 2470 peccare⁷
1448 2431 1473 2461 si
1496 2441 1560 2461 non
1575 2434 1654 2463 esset
1669 2433 1722 2463 illa

949 2493 1059 2524 poena:
1073 2485 1104 2514 et
1116 2483 1176 2514 hoc
1191 2484 1286 2514 modo
1300 2484 1411 2514 timere
1425 2484 1580 2515 serviliter
1595 2487 1639 2516 est
1655 2495 1723 2526 pec-

949 2539 1054 2568 eatum
1080 2539 1110 2567 et
1132 2537 1263 2567 malum.
1291 2537 1356 2568 Hoc
1370 2539 1476 2568 autem
1494 2547 1555 2568 non
1571 2542 1617 2569 est
1639 2549 1723 2571 sem-

948 2600 1015 2631 per,
1035 2600 1107 2620 cnm
1121 2590 1192 2630 quis
1206 2593 1353 2621 movetur
1372 2591 1485 2622 timore
1501 2592 1622 2631 servili;
1648 2593 1722 2624 alio-

948 2644 1025 2683 quin
1040 2653 1094 2683 per
1110 2653 1206 2674 usum
1230 2643 1313 2673 illius
1328 2643 1403 2674 doni
1423 2645 1526 2683 magis
1541 2655 1574 2676 se
1591 2646 1687 2678 homo
1703 2657 1722 2679 a
