2017 2948
765 145 982 177 SENTENTIA
989 145 1072 176 mm
1095 147 1168 178 LlB.
1195 148 1243 180 Ν.

213 221 281 243 esse
305 211 412 245 farina
434 212 520 254 sola,
537 223 596 246 nec
617 225 703 258 aqua
717 213 806 254 sola,
824 212 886 245 nisi
901 216 1080 258 utrumque
1102 213 1201 247 fuerit
1218 215 1398 251 adunatum
1413 244 1421 260 ,
1437 223 1469 251 et
1483 220 1575 264 panis
1595 220 1698 252 unius
1711 231 1798 253 com-

212 279 292 311 page
315 269 538 303 solidatum.»
557 270 591 304 Si
615 271 689 316 quis
711 275 819 303 tamen
844 281 911 303 non
935 270 1107 304 intendens
1134 272 1338 306 introducere
1364 275 1512 309 haeresim
1527 302 1535 318 ‚
1558 276 1723 310 oblivione
1746 277 1799 310 vel

213 325 401 367 ignorantia
415 338 535 371 aquam
552 327 791 372 pnctcrmiserit
805 353 813 367 ,
830 338 895 361 non
911 327 1041 361 videtur
1062 340 1128 361 csse
1154 330 1283 364 irritum
1299 337 1538 366 sacramentum
1558 346 1565 365 :
1583 334 1636 366 sed
1659 334 1715 366 ille
1729 344 1800 376 gra·

212 383 296 415 viter
310 388 356 416 est
371 385 606 428 corripiendus.
625 385 706 418 Nam
722 389 752 418 et
767 385 953 418 Graecoruni
975 386 1114 419 Ecclesia
1140 399 1204 420 non
1227 400 1389 432 apponere
1412 402 1532 434 aquam
1557 391 1687 423 dicitur.
1704 389 1800 430 Quod

212 440 309 474 etiam
325 453 364 474 ex
380 442 473 475 dictis
488 443 641 487 Cypriani
658 443 789 476 videtur
806 454 896 487 posse
911 443 1033 486 colligi.
1051 444 1105 477 Ait
1122 445 1208 477 cuim
1227 448 1233 463 ¹
1253 458 1259 478 :

211 145 269 174 490

1287 459 1302 477 «
1325 446 1360 480 Si
1385 448 1459 492 quis
1481 448 1520 480 de
1545 447 1800 482 antecessoribus

212 499 330 531 nostris
342 527 351 539 ,
370 500 419 533 vcl
438 501 637 543 ignoranter,
654 501 706 534 vel
722 501 912 545 simpliciter
927 512 992 534 nou
1009 501 1069 534 hoc
1084 503 1281 544 servaverit,
1300 505 1387 548 quod
1404 516 1462 538 nos
1476 505 1636 538 Dominus
1651 505 1755 538 facere
1769 509 1801 538 et

212 557 380 601 exemplo,
398 562 427 589 et
444 558 629 600 magisterio
644 559 773 599 docuit,
791 562 895 603 potest
910 559 1108 604 simplicitati
1128 560 1198 603 ejus
1223 560 1428 603 indulgentia
1453 562 1584 596 Domini
1610 563 1706 596 venia
1725 573 1801 596 con-

211 614 280 647 cedi
295 627 302 656 3
319 615 412 647 nobis
435 626 513 648 vero
536 626 602 648 non
628 621 730 660 potest
754 617 894 659 ignosci,
913 617 970 661 qui
994 628 1115 649 nuncu
1131 617 1271 651 Domino
1295 619 1444 652 instructi
1466 632 1600 662 sumus,
1619 624 1654 653 ut
1667 621 1799 654 calicem

211 672 342 704 Domini
357 683 432 705 cum
448 673 525 705 vino
543 673 699 713 mixtum,
718 674 897 706 secundum
915 674 1002 718 quod
1018 674 1178 708 Dominus
1194 676 1334 717 obtulit,
1351 677 1539 710 offeramus.
1565 691 1580 709 »
1599 678 1648 711 Ex
1671 677 1732 711 hoc
1753 677 1803 710 vi-

211 729 318 770 detur,
336 729 424 774 quod
448 730 473 761 si
497 731 571 774 quis
595 731 785 775 simpliciter
809 732 860 764 vel
886 732 1075 774 ignoranter
1090 733 1205 766 vinum
1225 734 1340 767 offerat
1354 735 1423 767 sine
1444 747 1546 780 aqua,
1563 739 1802 769 sacramentum

211 787 372 820 conficiat.
391 788 488 832 Aqua
504 799 581 821 vcro
605 788 793 821 nullatenus
815 789 884 822 sine
910 790 987 822 vino
1012 795 1112 834 potest
1139 791 1247 824 offerri
1262 792 1296 824 in
1313 792 1489 835 sacrifici03
1507 805 1565 826 nec
1579 793 1672 838 panis
1686 793 1749 826 nisi
1763 792 1802 826 de

211 845 397 887 fruniento,
419 857 476 878 nec
500 857 640 888 granum
665 846 842 888 frumenti,
865 847 927 879 nisi
950 848 1116 881 redactum
1140 848 1239 881 fucrit
1262 849 1296 882 in
1317 861 1433 894 panem
1453 863 1459 882 :
1482 851 1560 895 quia
1579 851 1748 892 Christus,
1772 855 1803 883 et

211 914 327 947 panem
342 908 352 923 ²
368 903 513 945 sedicit,
531 908 676 947 ctgrano
695 906 704 921 ³
719 905 875 938 frumenti
908 917 940 938 se
963 910 1139 950 comparat.
1169 906 1262 946 Quod
1293 918 1369 950 ergo
1397 908 1618 952 supradictum
1648 912 1712 948 cst,
1736 919 1802 941 non

212 971 301 1003 posse
318 961 433 993 vinum
450 961 556 994 solum
573 962 683 995 offerri
698 989 705 1003 ,
722 962 934 996 determinari
950 968 1087 1008 oportet.
1105 964 1229 1009 Recipit
1245 964 1334 997 enim
1350 966 1584 1010 exceptionem.
1599 966 1672 998 Non
1687 969 1801 1010 potest,

92 1026 189 1061 rzxptoea-
212 1018 273 1050 nisi
297 1019 488 1062 simpliciter
509 1020 560 1052 vel
586 1020 773 1062 ignoranter
796 1020 854 1053 fiat
873 1033 879 1053 ε
899 1021 949 1054 vel
975 1032 1041 1054 non
1063 1025 1185 1066 potest,
1203 1022 1235 1054 id
1251 1028 1317 1062 est,
1334 1034 1400 1055 non
1416 1023 1521 1056 debet.
1539 1023 1742 1062 Quibusdam
1758 1027 1805 1057 ta-

90 1061 119 1077 ho
154 1065 196 1079 m*
213 1087 286 1108 men
302 1076 434 1108 videtur
452 1077 511 1109 hoc
525 1078 723 1118 generaliter
738 1089 869 1111 verum.
886 1079 1060 1121 Colligitur
1074 1079 1170 1112 ctiam
1187 1091 1225 1112 ex
1240 1079 1416 1124 praedictiS,
1429 1080 1514 1124 qnod
1527 1080 1675 1114 Christus
1689 1081 1804 1114 vinum

209 1144 295 1176 aqua
311 1133 451 1166 mixtum
476 1133 563 1166 dedit
587 1135 767 1179 discipulis.
785 1136 912 1180 Corpus
934 1147 1011 1169 vero
1028 1136 1090 1169 tale
1104 1136 1210 1177 dedit,
1227 1138 1324 1181 quale
1340 1142 1417 1170 tunc
1433 1138 1568 1179 habuit,
1586 1138 1618 1171 id
1635 1143 1702 1179 est,
1719 1149 1805 1172 mor-

209 1190 273 1223 tale
288 1195 315 1222 et
336 1191 500 1235 passibile.
523 1191 618 1225 Nunc
634 1203 710 1225 vero
728 1193 872 1226 sumitur
885 1205 904 1226 a
919 1194 1013 1226 nobis
1028 1194 1212 1226 immortale
1227 1199 1257 1226 et
1272 1194 1483 1238 impassibile.
1501 1195 1566 1228 Nee
1582 1200 1690 1229 tamen
1705 1196 1806 1240 majo-

209 1258 277 1280 rem
294 1247 390 1281 hahet
405 1248 625 1282 efficientiam.
644 1250 849 1283 Eucharistia
866 1262 997 1296 quoque
1021 1251 1157 1284 intincta
1173 1262 1237 1284 non
1255 1252 1349 1284 debet
1372 1252 1442 1284 dari
1467 1253 1589 1297 populo
1603 1264 1661 1297 pro
1676 1253 1806 1298 supple-

99 1094 182 1120 ponsio·

90 1126 130 1146 nis.

210 1310 320 1339 mento
335 1308 577 1340 communionis
591 1312 600 1327 ⁴
617 1320 623 1339 :
643 1309 723 1353 quia
737 1320 803 1342 nou
820 1309 941 1352 legitur
956 1309 1108 1342 Christus
1122 1309 1221 1342 alicui
1238 1309 1475 1353 discipulorum
1492 1310 1669 1354 praebuisse
1686 1321 1805 1354 panem

210 1363 383 1396 intinctum
400 1365 460 1397 nisi
474 1365 579 1399 Judae.
597 1366 688 1399 Tunc
705 1378 781 1400 vero
797 1378 862 1399 non
878 1366 1001 1411 accepit
1014 1366 1115 1399 ‚ludas
1138 1378 1256 1410 corpus
1277 1366 1395 1400 Christi
1411 1393 1418 1407 ,
1436 1368 1489 1400 sed
1513 1372 1641 1400 tantum
1664 1378 1780 1412 panem
1796 1380 1803 1399 :

209 1433 326 1466 corpus
343 1433 418 1455 vero
432 1427 463 1455 ct
478 1424 673 1466 sanguinem
689 1424 809 1457 Christi
824 1429 899 1457 ante
914 1436 989 1457 cum
1005 1424 1077 1457 aliis
1092 1424 1259 1469 discipulis
1276 1429 1471 1469 perceperat.

399 1547 605 1579 EXPOSITtO
629 1548 793 1580 TEXTUS.

227 1629 278 1653 Sub
294 1630 343 1653 alia
357 1632 442 1654 autem
455 1631 541 1661 specie
557 1631 637 1654 tribus
652 1631 682 1654 de
697 1631 779 1655 causis
794 1638 906 1660 carnem,
920 1633 968 1655 etc.

252 1706 353 1746 Supra
369 1709 434 1745 egit
450 1707 600 1747 Magister
618 1708 654 1737 ile
670 1708 861 1738 confectione
878 1718 982 1748 qnan-

214 1761 280 1789 tum
296 1760 333 1789 ad
351 1761 737 1791 traxissubstantultionem
751 1786 757 1799 ,
775 1761 841 1792 sive
857 1771 985 1792 convcr-

213 1813 348 1851 sione1n3
371 1814 420 1843 hic
445 1815 512 1853 agit
533 1815 690 1852 secundo,
720 1815 753 1844 in
776 1824 839 1855 qua
863 1816 982 1854 specie,

115 1875 160 1894 nv
172 1884 182 1895 ·.
214 1867 261 1897 vel
277 1869 451 1899 substantia
465 1870 575 1900 debeat
591 1870 656 1899 [ieri
677 1870 746 1899 talis
763 1871 924 1900 confectio.
948 1870 985 1901 Et

213 1921 306 1951 habet
320 1922 389 1952 haec
414 1932 485 1962 pars
509 1923 587 1953 duas
606 1925 709 1963 partes
727 1935 733 1954 :
752 1923 785 1953 in
803 1923 906 1963 prima
931 1924 983 1954 de-

214 1975 362 2005 terminat
379 1976 409 2005 in
425 1985 487 2015 qua
502 1977 614 2015 specie,
629 1977 678 2007 vel
694 1977 885 2014 substantia,
900 1986 985 2007 nunc

213 2028 365 2058 conficere
379 2029 491 2059 debeat
506 2029 644 2060 Ecclesia
657 2041 664 2067 3
682 2030 713 2059 in
731 2030 869 2061 secunda
884 2033 986 2061 osten-

214 2081 277 2119 dit,
299 2082 383 2121 quod
407 2083 450 2112 sic
475 2083 568 2113 fuerit
594 2084 626 2113 in
649 2084 841 2114 confectione
863 2085 982 2124 prima,

214 2143 286 2174 quae
302 2135 359 2165 fuit
376 2135 407 2165 in
423 2145 530 2173 coena,
550 2136 590 2165 ibi
612 2147 618 2165 :
638 2137 810 2177 Cottiqicur
832 2139 927 2169 etlam
946 2146 987 2169 ez·

212 2188 393 2227 proedz'ctz‘s,
411 2190 495 2229 quod
513 2190 656 2222 Christus
669 2215 676 2228 ‚
694 2193 765 2229 etc„
781 2191 837 2221 ubi
852 2191 987 2221 ostendit

214 2241 247 2271 in
261 2242 378 2281 quibus
393 2242 576 2272 substantiis
591 2243 739 2281 confecit,
764 2246 794 2274 et
809 2244 901 2283 quale
916 2253 983 2274 cor-

214 2302 273 2331 pus
288 2293 447 2332 discipulis
463 2293 563 2331 dedit,
587 2298 617 2324 et
633 2295 724 2333 quale
742 2305 799 2325 nos
815 2296 984 2326 sumimus.

215 2345 321 2376 Prima
338 2355 409 2385 pars
425 2346 518 2377 habet
532 2349 595 2377 tres
612 2357 618 2376 ε
643 2347 677 2377 in
692 2348 795 2387 prima
810 2348 987 2379 ostenditur

215 2408 313 2437 quare
330 2399 405 2429 illud
422 2402 655 2430 sacramentum
667 2424 675 2437 .,
698 2400 765 2430 sive
782 2401 895 2431 Christi
919 2410 985 2431 cor-

216 2461 291 2490 puS,
308 2453 401 2482 datur
409 2453 468 2482 snb
477 2453 537 2483 alia
547 2453 664 2492 specie3
678 2453 712 2483 in
725 2454 871 2491 secunda,
888 2464 986 2493 quare

216 2505 274 2535 sub
289 2505 406 2544 duplici
421 2506 523 2545 specie
535 2529 543 2543 ‚
561 2505 605 2535 ibi
624 2515 631 2535 :
649 2505 716 2537 Sed
735 2514 832 2545 quare
851 2507 907 2537 snb
922 2507 985 2538 du-

214 2558 294 2597 plici
311 2560 432 2598 specie,
453 2561 511 2590 etc.
536 2559 569 2589 In
586 2559 677 2589 tertia
699 2567 775 2589 vero
798 2560 987 2591 determinat

250 2622 256 2636 ¹
276 2620 397 2652 liabetur,
412 2621 442 2644 cle
458 2621 582 2651 Consecr„
599 2621 658 2647 dist.
673 2627 702 2653 u,
718 2628 738 2645 c,
761 2621 795 2646 Et
812 2623 987 2652 scriptura.—

1039 1550 1123 1589 quod
1137 1558 1219 1588 aqna
1230 1549 1306 1580 vino
1318 1550 1550 1580 commiscenda
1564 1552 1622 1587 est,
1635 1550 1677 1580 i'ni
1695 1562 1701 1581 :
1717 1551 1812 1590 Aqua

1039 1610 1110 1633 vero
1136 1601 1340 1633 admiscenda
1357 1605 1401 1634 est
1419 1604 1504 1634 vino.
1528 1602 1566 1634 Et
1581 1603 1632 1633 illa
1647 1612 1720 1642 pars
1733 1603 1811 1634 duas

1039 1654 1132 1684 habet
1150 1665 1157 1685 t
1175 1655 1206 1684 iu
1229 1655 1331 1694 prima
1350 1656 1486 1686 ostendit
1511 1656 1641 1686 modum
1662 1655 1812 1686 commis-

1039 1708 1147 1745 cendi·‚
1166 1708 1350 1738 insecundo.
1364 1717 1440 1739 vcro
1465 1708 1599 1748 inquirit
1622 1711 1730 1739 utrum
1752 1708 1812 1739 hoc

1039 1763 1155 1800 spectet
1171 1760 1209 1790 ad
1224 1761 1411 1791 sacramenti
1432 1762 1664 1800 necessitatem,
1686 1761 1729 1791 ibi
1748 1772 1754 1792 :
1778 1762 1813 1792 Sz·

1039 1822 1111 1845 vero
1125 1815 1281 1853 qmernm·
1295 1823 1339 1846 αη
1354 1814 1492 1851 γῑννίῑιυη
1507 1815 1552 1846 sic
1574 1814 1658 1854 quod
1679 1815 1811 1854 qeritur,

1039 1868 1070 1898 st
1082 1875 1184 1906 aqua,
1202 1870 1260 1898 etc.

1370 1951 1439 1974 DUB.
1463 1952 1483 1973 I.

1099 2014 1134 2037 Ne
1150 2013 1299 2037 abhorreret
1313 2013 1430 2043 animus,
1446 2014 1515 2045 quod
1533 2015 1648 2038 cerneret
1663 2013 1758 2038 oculus.

1080 2080 1210 2111 Videtur
1222 2080 1309 2111 nulla
1320 2089 1388 2111 esse
1399 2081 1455 2111 ista
1472 2080 1615 2120 Magistri
1634 2081 1725 2119 ratio,
1739 2081 1816 2121 quia

1041 2143 1104 2165 non
1129 2136 1175 2164 est
1197 2134 1377 2164 faciendum
1393 2134 1512 2174 aliquid
1530 2135 1562 2164 in
1578 2133 1724 2165 solatium
1748 2143 1816 2165 sen-

1040 2197 1104 2224 sus,
1115 2188 1197 2228 quod
1206 2187 1391 2227 praejudicet
1401 2187 1582 2217 intellectui.
1593 2186 1652 2217 Sed
1660 2187 1817 2218 sieuthor-

1040 2241 1146 2271 ridum
1157 2242 1202 2271 cst
1212 2241 1318 2271 sensui
1328 2241 1491 2271 comedere
1505 2250 1625 2278 carnes,
1638 2241 1682 2270 ita
1690 2240 1815 2270 difficile

1041 2296 1086 2325 est
1104 2294 1274 2324 intellectui
1291 2294 1417 2325 credere
1432 2294 1611 2334 oppositum
1625 2294 1711 2333 ejus,
1728 2292 1812 2333 quod

1040 2348 1133 2378 sentit
1150 2358 1156 2378 :
1174 2356 1253 2386 ergo
1268 2347 1402 2384 videtur,
1418 2347 1502 2386 quod
1518 2347 1632 2378 melius
1647 2349 1729 2377 esset
1742 2346 1812 2376 hor-

1041 2410 1145 2432 rorem
1160 2401 1305 2440 generari
1322 2401 1352 2430 in
1370 2409 1466 2431 sensu
1476 2423 1486 2438 ,
1503 2402 1539 2430 ut
1554 2401 1598 2430 ita
1613 2400 1728 2431 veritas
1742 2406 1810 2442 ma-

1040 2454 1242 2486 nifestarctur
1257 2455 1288 2484 in
1304 2454 1479 2485 intellectu.

1081 2508 1237 2548 Respond.
1256 2508 1428 2539 Dicendum
1439 2507 1524 2547 quod
1538 2507 1596 2537 ista
1608 2514 1669 2536 non
1686 2506 1731 2535 est
1746 2506 1810 2535 tota

1040 2588 1048 2602 ²
1062 2587 1143 2618 Joam,
1163 2594 1196 2617 vt,
1213 2590 1252 2613 52.
1264 2601 1293 2605 —-
1310 2589 1319 2602 ³
1333 2588 1415 2618 loon„
1432 2593 1478 2617 ΧΠ,
1499 2587 1576 2610 24.-
1592 2586 1600 2599 ⁴
1614 2585 1694 2608 Julius
1712 2585 1770 2614 PP„
1786 2587 1811 2609 et

1040 2622 1155 2653 habetur,
1173 2623 1202 2648 de
1217 2624 1341 2654 (Σαμᾶ-κ,
1353 2623 1410 2648 dist,
1424 2628 1460 2652 lv,
1475 2629 1497 2646 c.
1514 2621 1575 2645 Cum
1589 2620 1684 2644 ordine.
