2017 2948
218 161 278 191 266
781 156 1090 190 SENTENTIARUM
1110 158 1184 191 LIB.
1208 159 1258 191 lv.

224 226 373 261 rentibus
386 226 547 260 trahimus
564 237 621 271 per
633 225 927 271 concupiscentiam
941 226 1059 267 carniS,
1074 236 1149 271 quzc
1172 226 1207 259 in
1232 230 1322 271 parte
1342 226 1400 260 illa
1422 227 1526 271 magis
1547 228 1746 263 dominatur.
1770 229 1811 264 Et

225 285 304 330 quia
317 283 352 317 in
367 287 456 329 parte
471 284 528 317 illa
539 284 669 329 culpam
684 283 911 317 inobedientiae
936 283 1063 327 primus
1085 283 1184 317 homo
1207 285 1318 326 sensit,
1335 284 1443 318 decuit
1461 289 1497 318 ut
1514 285 1560 319 ibi
1583 287 1714 330 signum
1735 287 1811 321 obe-

226 342 355 376 dientiae
369 343 536 387 acciperet.

137 409 206 433 Quare
270 401 296 433 F
298 401 382 434 iebat
395 405 505 433 autem
522 404 634 433 octavo
648 399 700 432 die
717 398 844 443 petrino
857 398 976 440 cultro,
988 398 1066 443 quia
1080 402 1112 432 et
1126 399 1160 431 in
1175 400 1408 434 resurrectione
1419 402 1586 434 communi
1599 406 1712 435 octava
1722 405 1814 435 aetate

102 440 136 460 die
150 442 207 460 octa-

101 474 207 522 :331315-
227 459 351 500 futura,
367 470 425 503 per
439 462 562 502 petram
579 457 745 490 Christum
760 456 867 489 omnis
881 456 922 488 ab
938 456 1046 489 electis
1060 456 1268 490 abscindetur
1277 458 1456 503 corruptio,
1467 462 1497 491 ct
1513 458 1696 503 perChristi
1711 469 1814 492 resur-

103 534 144 553 tm.
227 517 402 550 rectionem
416 520 527 548 octava
541 514 593 547 die
609 514 737 555 factam,
750 513 995 546 circumciditur
1004 525 1023 546 a
1032 514 1168 558 peccatis
1182 515 1293 548 anima
1306 515 1466 560 cujusque
1480 516 1515 549 in
1530 528 1606 550 eum
1620 516 1780 550 credentis
1790 521 1811 549 ¹.

229 574 307 608 Duae
321 584 398 616 ergo
413 584 463 606 res
476 576 553 605 sunt
568 572 658 605 illius
671 571 875 605 sacramenti.

104 639 209 696 ngssfiisxi
273 632 348 664 Ideo
361 635 470 663 antem
487 634 612 662 mutata
624 633 672 662 est
685 629 886 662 circumcisio
901 640 958 674 per
971 629 1185 674 baptismum,
1201 629 1278 674 quia
1299 635 1537 664 sacramentum
1556 631 1710 676 baptismi
1730 643 1818 666 com·

104 707 211 735 mumma·
232 689 364 722 munius
377 692 424 721 est
437 692 468 721 ct
481 688 665 732 perfectius,
684 687 763 732 quia
779 687 916 731 pleniori
932 687 1037 730 gratia
1050 687 1304 720 accumulatum.
1323 687 1372 720 Ibi
1391 688 1478 721 enim
1495 693 1622 733 peccata
1642 689 1750 723 solum
1769 689 1819 722 di-

104 734 210 797 {i‡{u„.⁵ss¹²
230 746 443 779 mittebantur
456 752 487 788 ‘²3
505 745 558 778 sed
575 756 633 778 nec
647 745 751 788 gratia
767 744 808 777 ad
822 745 905 778 bene
919 744 1122 789 operandum
1145 744 1301 788 adjutrix,
1318 756 1376 778 nce
1398 746 1559 779 virtutum
1584 746 1751 790 possessio,
1766 746 1819 780 vel

104 795 164 815 ⁰¹⁵⁵⁰¹
229 808 444 847 augmentum
458 803 504 836 ibi
519 803 745 848 praestabatur,
762 803 849 835 utin
863 802 1037 847 baptismo,
1062 802 1119 834 ubi
1142 813 1209 835 non
1233 803 1460 836 tantummodo
1483 803 1656 837 abolentur
1678 808 1817 849 peccata,

229 862 284 895 sed
299 862 395 894 etiam
411 861 516 904 gratia
529 861 673 905 adjutrix
686 860 864 900 confertur,
877 864 908 892 et
922 860 1059 893 virtutes
1076 865 1250 903 augentur.
1262 860 1356 894 Unde
1372 872 1459 905 aqua
1469 862 1678 906 refectionis³
1687 861 1819 903 dicitur,

230 919 309 964 quia
323 919 430 952 aridos
444 918 621 952 foecundat.
637 918 743 951 Etiam
759 917 992 951 fructificantes
1006 917 1158 962 ampliori
1184 918 1331 951 ubertate
1345 917 1457 960 donat,
1474 919 1552 963 quia
1566 923 1822 964 quantumcum-

232 989 296 1022 que
311 988 367 1022 per
381 976 479 1010 tidem
494 982 525 1010 et
539 976 728 1010 charitatem
744 980 819 1009 ante
840 975 984 1009 habitam
1000 975 1119 1019 aliquis
1136 975 1245 1020 justus
1260 975 1301 1009 ad
1323 975 1522 1021 baptismum
1544 975 1677 1018 accedit,
1693 976 1823 1010 uberio-

233 1046 302 1068 rem
318 1035 364 1067 ibi
378 1035 490 1079 recipit
505 1035 657 1078 gratiam,
667 1034 722 1067 sed
737 1045 802 1067 non
817 1033 862 1066 ita
876 1034 911 1066 in
926 1033 1183 1067 circumcisione.
1201 1033 1294 1067 Unde
1306 1033 1449 1067 Abrahae
1465 1045 1523 1078 per
1537 1033 1636 1067 fidem
1648 1035 1718 1079 jam
1727 1034 1825 1079 justi-

233 1092 329 1126 ficato
346 1092 554 1136 signaculum
568 1095 579 1111 ⁴
593 1096 722 1125 tantum
737 1091 814 1133 fuit,
830 1091 914 1124 nihil
930 1091 960 1124 ei
974 1091 1064 1124 intus
1077 1091 1228 1124 contulit.

111 1160 142 1180 De
168 1165 215 1186 par·
279 1151 314 1184 Si
328 1161 406 1183 vero
421 1150 583 1194 quaeritur
597 1150 636 1182 de
649 1149 797 1193 parvulis
818 1149 876 1193 qui
899 1153 974 1182 ante
993 1149 1080 1182 diem
1102 1152 1253 1182 octavum
1274 1148 1511 1191 moriebantur,
1527 1153 1704 1196 antequam
1725 1149 1827 1184 fiebat

109 1190 164 1212 vulis
180 1191 216 1211 de-

125 1223 203 1243 functis
235 1208 436 1242 circumcisio
452 1218 492 1240 ex
506 1207 590 1251 lege,
606 1210 719 1239 utrum
735 1207 952 1248 salvarentur,
969 1207 1021 1239 vel
1036 1218 1102 1239 non
1112 1232 1120 1248 ‚
1136 1206 1222 1239 idem
1236 1208 1246 1224 ⁵
1260 1210 1363 1251 potest
1377 1207 1566 1251 responderi
1579 1207 1668 1253 quod
1687 1207 1827 1241 sentitur

111 1256 217 1306 dissfeoc.
236 1267 275 1300 de
287 1266 434 1311 parvulis
448 1269 522 1298 ante
539 1264 739 1309 baptismum
754 1264 928 1305 defunctis,
946 1275 1028 1308 quos
1041 1264 1146 1308 perire
1170 1268 1305 1297 constat.
1329 1264 1422 1297 Unde
1449 1264 1536 1298 Beda
1550 1263 1560 1280 ⁶
1585 1277 1592 1298 :
1615 1277 1633 1296 «
1651 1265 1717 1304 Qui
1738 1275 1827 1298 nunc

111 1319 188 1336 mum*
237 1335 294 1369 per
309 1323 524 1367 Evangelium
548 1334 646 1355 suum
671 1322 860 1354 terribiliter
881 1325 913 1354 et
934 1321 1110 1354 salubriter
1133 1321 1251 1354 clamat
1265 1324 1275 1340 ⁷
1294 1333 1300 1353 :
1324 1322 1400 1356 Nisi
1421 1322 1493 1366 quis
1512 1328 1647 1355 renatus
1662 1322 1767 1367 fuerit
1786 1331 1828 1356 ex

237 1393 325 1426 aqua
341 1387 372 1414 et
385 1381 512 1426 Spiritu
526 1386 652 1420 sancto,
670 1391 736 1412 non
749 1379 890 1412 intrabit
904 1380 940 1412 z'n
956 1391 1093 1424 reqmcm
1109 1380 1190 1419 Dee}
1204 1379 1272 1424 ipse
1286 1379 1414 1412 dudum
1429 1380 1590 1413 clamabat
1604 1391 1661 1425 per
1675 1391 1768 1413 suam
1782 1379 1829 1413 le-

239 1451 313 1483 gem
327 1439 337 1455 ⁸
355 1439 555 1480 :Masculus‚
572 1438 665 1482 cnjus
673 1438 836 1483 prwpzcliz'
850 1448 926 1470 caro
943 1437 1138 1471 circmncisa
1152 1448 1218 1470 non
1227 1437 1343 1481 fuerit,
1362 1438 1478 1470 anima
1493 1438 1552 1470 illa
1565 1437 1688 1482 peribit
1707 1437 1747 1471 de
1759 1448 1829 1483 po-

236 1498 314 1542 pulo
327 1509 397 1539 suo,
414 1498 491 1542 quia
501 1503 641 1542 pactum
656 1507 765 1529 meum
782 1496 915 1528 irritam
926 1495 1020 1539 fecit.
1037 1495 1133 1527 Forte
1149 1499 1257 1528 tamen
1271 1496 1332 1528 sub
1346 1495 1429 1540 lege,
1447 1496 1620 1540 ingruente
1643 1495 1831 1530 necessitate

241 1555 372 1595 mortis,
390 1559 464 1588 ante
479 1558 631 1588 octavum
645 1553 732 1586 diem
748 1553 1023 1586 circumcidebant
1038 1552 1107 1585 sine
1122 1557 1250 1597 peccato
1265 1553 1363 1594 filios,
1379 1553 1463 1587 sicut
1478 1553 1574 1587 modo
1589 1553 1627 1586 fit
1639 1553 1674 1586 in
1688 1553 1832 1587 Ecclesia

240 1613 280 1647 de
294 1613 466 1658 baptismo.

429 1736 630 1769 EXPOSITIO
652 1735 815 1767 TEXTUS·
1063 1724 1160 1753 tatem
1185 1725 1215 1754 et
1234 1722 1465 1761 substantiam,
1487 1722 1532 1753 ibi
1553 1733 1560 1753 :
1582 1722 1644 1754 Hic
1663 1720 1837 1754 dicendum

142 2329 213 2350 Divisi-

276 1826 331 1851 Fuit
349 1828 433 1850 tamen
455 1825 521 1848 inter
540 1823 582 1848 illa
602 1824 760 1847 sacramenta
779 1823 968 1846 sacramentum

386 1860 525 1892 quoddam,
540 1860 637 1884 scilicet
652 1857 860 1883 circumcisionis.

280 1943 353 1974 Post
371 1944 493 1982 partem
509 1940 728 1981 prooemialem
743 1941 773 1970 et
788 1938 1009 1979 principalem,

241 1998 390 2038 Magister
404 1997 493 2037 ponit
510 1996 563 2027 hic
578 1998 701 2036 partem
717 1993 940 2025 incidentalem
959 2004 966 2024 ε
981 1996 1012 2024 et

241 2052 310 2082 haec
324 2060 398 2090 pars
409 2050 505 2081 habet
517 2051 623 2080 ortum
638 2057 679 2079 ex
693 2047 873 2078 differentia
893 2055 1012 2086 praeas—

242 2105 380 2144 signata.
397 2103 526 2134 Dixerat
546 2102 632 2133 enim
646 2101 731 2141 quod
746 2102 943 2131 sacramenta
957 2109 1013 2131 ve-

243 2157 318 2188 teris
339 2156 422 2196 legis
443 2165 507 2186 non
529 2155 706 2186 efficiebant
729 2154 796 2184 sive
819 2153 1013 2192 praestabant

243 2210 381 2250 gratiam
401 2209 647 2249 justificantem,
671 2210 701 2238 et
724 2207 785 2237 hoc
806 2206 941 2237 habebat
961 2206 1014 2236 in-

245 2263 392 2294 stantiam
406 2262 440 2293 in
454 2261 693 2292 circumsisione
709 2269 716 2291 :
737 2260 805 2290 ideo
826 2260 912 2289 illam
928 2259 1013 2290 exci-

218 2337 229 2350 ..
245 2317 302 2357 pit,
318 2317 348 2347 et
362 2315 498 2347 ostendit
513 2314 760 2345 circumcisionis
775 2313 959 2344 efficaciam.
977 2311 1017 2343 Et

245 2369 314 2400 haec
328 2378 401 2409 pars
421 2368 516 2399 habet
538 2368 617 2398 duas
633 2368 736 2406 partes
757 2377 764 2397 :
791 2366 824 2396 in
839 2366 943 2405 prima
962 2365 1018 2396 de-

246 2422 396 2453 terminat
425 2419 672 2452 circumcisionis
697 2418 886 2456 efficaciam
911 2418 946 2448 in
970 2426 1018 2448 se-

246 2475 351 2506 cunda
364 2473 554 2505 determinat
566 2473 634 2512 ejus
647 2472 795 2509 formam,
811 2471 877 2502 sive
888 2470 1019 2510 integri-

278 2572 286 2588 ¹
303 2571 416 2596 Habetur
432 2572 458 2596 in
478 2577 547 2600 can„
561 2570 599 2594 tit.
620 2575 698 2598 xxm,
717 2576 742 2600 q.
765 2575 789 2599 1,Δ
800 2568 815 2599 g
830 2568 884 2591 llis.
899 2580 929 2585 —
946 2568 956 2583 2
967 2568 1020 2592 Ma-

248 2607 325 2638 gister
344 2606 386 2631 hic
404 2613 455 2631 non
472 2608 581 2631 tenetur.
597 2617 626 2624 —
644 2605 652 2619 ³
668 2605 708 2628 l's.
728 2609 794 2631 xxil,
816 2605 840 2628 2.
859 2616 890 2621 -
912 2603 920 2617 ⁴
941 2603 1018 2632 Rom„

249 2647 286 2674 iv,
306 2644 342 2666 Η.
357 2655 387 2660 -
401 2642 409 2656 ⁵
426 2642 452 2665 tn
470 2641 519 2666 hoc
537 2648 589 2666 non
608 2642 708 2665 tenetur
724 2638 854 2671 Magister.
870 2650 900 2656 —
920 2639 929 2652 ⁵
948 2638 1018 2668 Bed.,

1064 1778 1110 1807 cst
1124 1777 1160 1807 in
1175 1783 1235 1815 quo
1250 1776 1403 1808 instituta
1425 1776 1535 1814 fuerit.
1560 1775 1670 1806 Prima
1685 1783 1760 1815 pars
1774 1774 1836 1805 ha*-

1064 1830 1116 1860 bet
1139 1829 1217 1860 duas
1232 1832 1337 1869 partes
1351 1840 1359 1860 t
1380 1829 1412 1859 in
1427 1829 1530 1868 prima
1554 1828 1691 1859 ostendit
1705 1827 1838 1858 circum-

1065 1883 1194 1913 cisionis
1214 1882 1403 1919 efficaciam3
1419 1882 1453 1912 in
1474 1881 1613 1912 secunda
1632 1889 1709 1912 vero
1730 1888 1838 1911 remo-

1066 1938 1118 1967 vet
1129 1938 1159 1966 01
1169 1935 1357 1966 determinat
1366 1934 1576 1974 quaestionem
1588 1941 1759 1971 annexam,
1771 1932 1816 1964 ibi
1828 1943 1835 1963 :

1070 1989 1230 2025 Quoerz'tnr
1243 1991 1347 2020 autem
1361 1987 1400 2020 de
1414 1989 1496 2020 viris
1506 2011 1516 2026 ,
1529 1987 1586 2027 qui
1599 1987 1732 2026 fuerunt
1745 1988 1838 2023 ante,

1067 2045 1126 2073 etc.
1139 2053 1146 2079 ;
1163 2042 1217 2072 uhi
1233 2041 1434 2078 determinat,
1450 2040 1535 2080 quod
1551 2039 1729 2070 remedium
1742 2039 1840 2070 fuerit

1069 2097 1178 2126 contra
1198 2093 1356 2134 originale
1377 2095 1449 2124 ante
1470 2092 1756 2124 circumcisionem.
1783 2091 1840 2122 Se-

1069 2147 1173 2179 cunda
1191 2156 1276 2187 pars,
1293 2147 1326 2178 in
1345 2156 1408 2186 qua
1426 2146 1614 2177 determinat
1636 2145 1675 2176 de
1699 2144 1748 2176 his
1767 2152 1840 2184 quae

1070 2203 1211 2241 spectant
1224 2201 1263 2231 ad
1274 2201 1328 2240 huj
1334 2209 1371 2231 us
1383 2199 1572 2230 sacramenti
1582 2199 1717 2229 sormam
1727 2199 1758 2228 et
1768 2196 1842 2228 suh-

1071 2254 1230 2292 stantiam,
1242 2254 1338 2284 habet
1351 2253 1430 2284 duas
1440 2255 1563 2293 partes:
1580 2252 1613 2282 in
1627 2251 1732 2292 prima
1744 2250 1843 2281 deter-

1072 2308 1171 2338 minat
1185 2307 1251 2338 sive
1270 2306 1343 2337 dicit
1356 2306 1540 2343 veritatem;
1557 2305 1591 2335 in
1614 2303 1753 2335 secunda
1767 2311 1842 2334 vero

1072 2359 1363 2396 removetdubium‚
1370 2359 1413 2390 ibi
1421 2369 1428 2389 :
1438 2358 1479 2390 Si
1483 2365 1553 2390 vero
1559 2357 1717 2398 qzzoeritur
1723 2355 1762 2387 de
1768 2362 1844 2395 par-

1073 2413 1168 2445 vulis.
1192 2412 1432 2444 Subdivisiones
1452 2411 1592 2452 partium
1611 2409 1775 2441 manifeste
1800 2407 1841 2447 (a)

1074 2468 1228 2506 apparent
1240 2466 1274 2496 in
1287 2465 1402 2497 littera.

1073 2558 1146 2582 super
1169 2551 1236 2581 Luc„
1263 2555 1291 2581 11,
1315 2551 1353 2574 22.
1380 2562 1410 2568 —
1433 2549 1441 2565 ⁷
1463 2550 1544 2579 Joan.,
1569 2552 1610 2577 ¹11,
1633 2547 1656 2571 3.
1682 2558 1712 2563 —
1739 2544 1749 2561 ⁸
1773 2543 1846 2575 Gen.‚·

1076 2592 1139 2617 xvn,
1158 2587 1196 2610 14.

1108 2636 1143 2667 (a)
1158 2636 1218 2663 Caet.
1233 2634 1292 2659 edit.
1308 2634 1457 2658 manifestae.
