2017 2948
46 2161 153 2182 ΤΙ-11131111-

49 2198 89 2212 inci
95 2192 126 2212 siu

47 2223 106 2249 quid.

562 156 659 188 DIST.
683 156 736 187 111.
759 154 872 186 PARS.
896 153 936 185 ΙΙ.
958 154 1051 186 ART.
1075 155 1113 186 ΙΙ.
1138 154 1289 192 QUAEST.
1315 157 1353 187 ΙΙ.

156 229 251 259 etiam
263 225 468 258 immersione
481 227 627 255 sanctum
641 222 798 262 baptisma
812 221 928 261 cuique

155 281 359 312 tribueretur.
374 290 388 307 n

198 334 273 364 Item
292 358 301 371 ,
326 333 364 364 de
391 331 624 363 consecratione
642 353 650 366 ,
680 338 720 359 ex
749 327 929 359 canonibus

157 387 401 426 Apostolorum:
420 396 434 413 (1
451 383 483 414 Si
498 383 568 423 quis
592 382 772 422 presbyter,
790 382 845 410 aut
868 379 930 419 epi-

157 451 271 482 scopus
305 449 369 471 non
403 439 520 469 trinam
554 437 794 468 immersionem
832 435 930 466 unius

158 494 301 535 mysterii
315 493 469 529 celebret,
482 491 536 522 sed
551 491 649 521 semel
663 491 787 520 tantum
803 490 930 526 mergat

159 547 191 577 in
214 546 419 586 baptismate,
438 544 524 584 quod
545 543 613 574 dari
631 553 649 573 a
663 542 854 582 quibusdam
873 542 930 580 ju-

159 600 251 630 betur
267 599 299 629 in
320 600 422 629 morte
443 597 585 634 Domini,
607 596 793 635 deponatur.
810 605 824 622 »
845 593 931 632 Ergo

161 652 337 683 necessaria
351 654 397 682 est
410 650 495 681 trina
507 649 681 680 immersio.

434 768 657 801 CONCLUSIO.

162 860 247 886 Trina
265 859 307 886 vel
326 867 381 885 una
402 859 534 885 immersio
556 859 586 883 in
610 863 682 890 aqua
696 863 748 882 ‘non
766 856 802 881 est
820 853 850 880 de
868 854 934 879 inte-

196 904 294 938 9ritate
320 903 465 937 baptismi,
495 910 522 928 eo
551 900 622 935 quod
649 900 721 926 debet
750 899 854 925 servari
880 905 933 923 mos

195 947 335 977 Ecclesioe,
354 947 415 973 licet
433 946 554 973 Ecclesia
571 945 708 977 Romana,
728 943 845 969 onmium
861 942 933 968 alia-

196 999 255 1018 rum
272 990 419 1026 Mayistra,
437 991 510 1016 trina
524 991 616 1016 utatur
630 988 802 1014 immersione.

202 1077 293 1117 Resp.
310 1077 349 1108 ad
371 1086 443 1116 arg.
461 1075 633 1106 Dicendum
652 1074 737 1114 quod
759 1073 867 1104 unitas
882 1073 932 1104 vel

162 1131 330 1161 multitudo
344 1129 586 1160 immersionum
602 1137 665 1158 non
676 1129 722 1157 cst
737 1127 775 1157 de
792 1127 929 1157 substan-

162 1184 204 1214 tia
218 1182 365 1223 baptismi
378 1207 385 1221 ‚
411 1182 465 1212 sed
484 1181 588 1212 solum
603 1181 642 1211 de
657 1180 736 1210 bene
751 1188 818 1210 esse
835 1190 841 1209 :
857 1179 933 1218 quia

161 1236 423 1276 quotiescumque
432 1235 613 1273 immergat,
622 1234 699 1263 dum
711 1235 815 1263 tamen
828 1232 933 1263 debito

163 1290 255 1320 modo
282 1292 312 1320 et
336 1289 404 1319 sine
427 1288 575 1319 dilatione
596 1296 717 1325 magna
744 1286 842 1317 verba
866 1295 930 1325 pro-

162 1344 241 1374 ferat
253 1367 260 1381 ‚
278 1342 453 1382 baptismus
469 1343 535 1379 est,
552 1343 583 1371 et
602 1341 833 1370 sacramentum
855 1339 933 1369 inte-

164 1405 273 1434 grum.
298 1395 334 1434 Et
357 1395 382 1425 si
404 1403 467 1424 non
492 1394 532 1423 sit
554 1393 583 1424 ei
607 1393 645 1423 de
666 1392 868 1429 necessitate,
889 1394 936 1422 est

163 1451 271 1479 tamen
292 1449 330 1478 de
353 1447 554 1486 congruitate
575 1448 704 1486 propter
732 1445 937 1484 significatio<

163 1510 237 1532 nem
258 1525 265 1538 ‚
288 1502 339 1531 cui
361 1500 511 1538 congruit
533 1500 636 1530 unitas
660 1501 691 1529 et
715 1498 852 1529 Trinitas
868 1522 877 1536 ‚
901 1501 936 1528 ut

164 1556 248 1594 patet
269 1554 303 1584 iu
326 1553 388 1584 fide
410 1552 570 1583 Trinitatis
584 1576 591 1590 ‚
609 1552 684 1592 quia
707 1552 811 1582 unitas
831 1554 877 1581 est
903 1552 935 1581 in

164 1607 318 1651 essentia,
342 1606 396 1637 sed
419 1605 544 1636 trinitas
566 1605 597 1635 in
614 1605 775 1645 personis;
791 1605 936 1635 similiter

165 1660 198 1690 in
216 1662 317 1691 morte
331 1659 464 1697 Christi,
481 1659 557 1698 quia
577 1668 642 1689 una
663 1661 710 1689 est
733 1659 766 1688 in
781 1659 933 1696 essentia,

165 1713 219 1743 sed
234 1713 336 1743 trihus
351 1712 461 1743 diebus
476 1712 535 1742 suit
550 1711 582 1742 in
597 1712 690 1742 eorde
714 1714 807 1742 tcrrae
821 1722 827 1748 ;
844 1711 936 1741 simi—

165 1766 236 1797 liter
257 1766 289 1796 in
312 1766 416 1805 gratia
433 1766 492 1805 (a),
509 1765 584 1805 quia
608 1774 673 1796 una
693 1768 740 1796 est
762 1765 794 1795 in
811 1774 843 1795 se
857 1789 864 1803 ‚
882 1765 935 1795 sed

164 1819 277 1859 triplex
294 1818 531 1853 invirtutibus,
547 1818 616 1848 ideo
639 1818 743 1849 unitus
761 1820 791 1848 et
812 1818 936 1849 trinitas

165 1872 314 1903 convenit
331 1883 338 1902 ε
354 1872 407 1902 sed
422 1874 528 1902 tamen
545 1871 648 1910 magis
669 1871 793 1901 trinitas
808 1874 937 1911 propter

166 1924 402 1964 expressionem
423 1925 577 1963 majorem
595 1935 601 1954 :
619 1926 648 1954 et
670 1924 738 1953 ideo
761 1926 937 1963 utrumque

167 1987 288 2008 morem
310 1980 415 2008 servat
435 1977 583 2008 Ecclesia.
600 1977 658 2007 Sed
680 1976 820 2007 Romana
836 1976 937 2007 Eccle-

167 2032 233 2068 sia,
251 2033 402 2071 tanquam
418 2030 615 2070 praecelicns,
632 2030 747 2060 trinam
764 2032 869 2060 servat
881 2029 937 2059 im-

168 2084 360 2114 mersionem
384 2094 391 2114 :
420 2086 487 2114 tum
519 2086 646 2123 propter
671 2082 937 2121 significationem

167 2137 347 2175 Trinitatis;
364 2139 433 2168 tum
447 2138 541 2167 etiam
567 2137 722 2167 triduanae
743 2136 934 2176 sepulturae3

168 2192 237 2221 tum
259 2190 355 2221 etiam
375 2192 504 2230 propter
525 2190 654 2229 triplicis
675 2189 937 2228 concupiscentiae

169 2247 377 2276 minutionem
389 2270 398 2284 ,
414 2256 432 2277 a
454 2256 518 2286 qua
536 2246 645 2276 anima
666 2245 842 2282 liberatum
866 2247 936 2275 tum

167 2299 263 2330 etiam
277 2301 404 2339 propter
420 2299 573 2338 triplicem
589 2299 758 2336 virtutem,
776 2307 840 2338 qua
855 2298 934 2328 ima-

166 2353 257 2393 goin
280 2353 387 2383 anima
409 2353 609 2383 reformatur.
626 2352 658 2384 Si
679 2361 757 2391 ergo
781 2351 938 2391 quaeritur

167 2405 289 2445 quoties
304 2406 344 2435 sit
358 2406 400 2435 ibi
414 2406 646 2445 mergendum,
664 2405 839 2445 respondeo
860 2416 866 2435 :
883 2405 937 2435 Se-

167 2459 307 2490 cundum
332 2468 453 2490 morem
476 2459 639 2497 Ecclesiae3
656 2459 712 2499 qui
735 2461 841 2489 autem
861 2468 937 2498 pro—

199 2557 283 2581 'Can.
303 2557 474 2588 praeallegato.
489 2570 520 2575 —
541 2558 549 2572 ²
571 2557 611 2588 Cf,
636 2557 706 2581 Alex.
731 2557 827 2587 Alone„
848 2563 873 2587 p.
895 2557 936 2586 lv,

167 2598 193 2622 q.
205 2598 263 2624 vui,
274 2593 368 2617 memb.
381 2596 404 2623 3,
415 2595 461 2617 art.
474 2594 498 2623 4,
509 2593 524 2623 ἓ
537 2595 567 2624 2;
580 2594 607 2617 S.
617 2593 720 2623 Tliom„
732 2593 814 2623 [1.ΙΙΙ,
830 2599 854 2622 q.
867 2598 935 2620 mvi,

167 2629 213 2652 art.
228 2629 250 2658 7,
263 2630 288 2652 et
304 2630 333 2653 tV
347 2629 423 2660 Seni„
435 2629 493 2653 dist.
510 2635 550 2659 111,
563 2637 589 2660 q.
601 2635 616 2657 1,
630 2630 677 2653 art.
691 2630 718 2659 ἀς
730 2628 817 2659 steph.
834 2628 937 2660 BruleL,

1699 165 1756 194 317

984 221 1053 261 pria
1067 223 1253 253 auctoritate
1270 224 1372 253 mutat
1386 247 1393 261 ‚
1411 227 1528 263 peccat.
1545 226 1583 257 Et
1598 227 1667 259 ideo
1687 229 1760 260 dici-

985 276 1038 304 tur
1053 275 1061 291 ¹
1084 275 1169 315 quod
1191 275 1395 314 deponendus
1418 280 1464 307 est
1487 279 1669 319 episcopuS,
1695 292 1760 313 non

985 327 1061 366 quia
1082 337 1145 358 non
1160 328 1348 367 baptizaret,
1367 330 1420 360 sed
1445 331 1519 370 quia
1543 334 1669 371 propria
1689 345 1761 366 auc-

985 379 1111 410 toritate
1141 389 1225 411 nova
1258 381 1479 413 introduceret.
1512 384 1659 416 Rationes
1682 397 1760 427 ergo

986 433 1155 472 probantes
1166 457 1174 470 ,
1189 434 1273 473 quod
1291 437 1337 464 ter
1360 436 1618 475 immergendum
1634 440 1674 470 sit
1690 464 1696 478 ‚
1714 441 1760 471 in-

986 485 1167 524 teiligendae
1182 490 1257 517 sunt
1279 489 1454 519 secundum
1477 499 1597 521 morem
1615 492 1759 524 Ecclesiae

987 537 1151 575 Romanae,

1028 593 1056 621 1.
1082 591 1130 621 Ad
1147 592 1226 622 illud
1249 593 1334 632 quod
1354 594 1502 632 obJ'icitur
1524 597 1563 627 ad
1581 599 1761 638 oppositum

988 643 1091 683 primo
1104 667 1111 681 ⁷
1130 644 1298 675 dicendum
1321 647 1405 685 quod
1423 647 1563 688 quuitur
1585 652 1762 682 secundum

990 706 1111 727 morem
1124 697 1210 728 iltius
1225 698 1387 737 Ecclesiae,
1412 700 1443 730 in
1461 710 1524 740 qua
1541 705 1664 734 tantum
1679 705 1760 736 sole-

988 749 1040 779 bat
1067 750 1164 780 semel
1193 751 1311 790 mergi.
1341 752 1402 783 Sed
1430 754 1571 785 haeretici
1598 760 1763 796 coeperunt

987 804 1157 835 immutare
1175 816 1181 835 :
1204 805 1273 836 ideo
1288 808 1466 838 statuerunt
1481 810 1577 840 semel
1588 835 1595 848 ,
1614 820 1653 842 ne
1670 812 1758 843 vide-

988 860 1099 887 rentur
1113 858 1228 888 haeresi
1245 861 1432 892 consentire.

1028 912 1065 947 ⁶2,
1084 912 1102 940 3
1115 913 1146 941 et
1165 913 1193 941 4.
1219 912 1266 942 Ad
1289 912 1366 943 iliud
1388 915 1472 953 quod
1493 916 1661 956 objicitur,
1678 919 1763 958 quod

990 963 1167 1002 baptismus
1189 967 1236 995 est
1259 965 1385 1004 tinctio,
1408 967 1577 999 dicendum
1599 970 1683 1009 quod
1699 980 1762 1001 non

989 1019 1035 1046 est
1051 1026 1106 1056 per
1121 1018 1304 1056 essentiam,
1325 1019 1386 1049 nisi
1406 1021 1540 1052 addatur
1558 1023 1660 1054 forma
1676 1034 1762 1064 prae-

989 1069 1127 1108 scripta:
1149 1070 1175 1099 si
1204 1073 1310 1102 tamen
1329 1072 1437 1103 tinctio
1461 1074 1516 1105 fiat
1537 1085 1611 1106 cuin
1631 1077 1763 1108 invoca-

990 1121 1073 1152 tione
1093 1121 1273 1162 Trinitatis,
1295 1125 1450 1164 baptisma
1472 1130 1528 1158 est.
1551 1128 1590 1158 Et
1610 1129 1685 1160 siin
1700 1140 1764 1162 una

990 1175 1121 1213 protulit
1146 1177 1254 1207 omnia
1280 1178 1394 1215 verba,
1422 1189 1482 1210 non
1510 1180 1602 1212 debet
1626 1184 1762 1223 amplius

990 1238 1147 1269 mergere,
1159 1232 1235 1270 quia
1248 1232 1422 1272 baptismus
1433 1240 1690 1268 consummatum
1702 1242 1759 1269 est.

991 1282 1048 1313 Sed
1065 1284 1190 1323 quando
1208 1286 1242 1315 nt
1257 1286 1341 1316 trina
1357 1288 1488 1325 mersio,
1508 1289 1539 1318 in
1554 1290 1656 1329 prima
1671 1291 1761 1322 debet.

991 1339 1147 1369 nominari
1165 1339 1256 1370 Pater
1269 1364 1276 1378 ‚
1292 1341 1325 1371 in
1341 1343 1478 1373 secunda
1493 1344 1605 1384 Filius,
1623 1347 1655 1377 in
1672 1349 1762 1378 tertia

993 1390 1129 1430 Spiritus
1144 1395 1281 1430 sanctus,
1298 1395 1374 1434 quia
1389 1398 1463 1426 tune
1478 1397 1566 1428 nulla
1582 1401 1698 1439 supersi
1705 1401 1760 1439 uit,

991 1445 1067 1483 quia
1082 1454 1146 1475 non
1159 1448 1206 1475 est
1223 1447 1414 1484 completum
1431 1455 1674 1492 sacramentum,
1684 1464 1764 1494 quo-

991 1506 1092 1536 usque
1119 1499 1325 1530 terminatum
1350 1511 1414 1532 non
1439 1502 1478 1533 sit
1503 1505 1659 1537 verbum:
1684 1508 1764 1538 inci-

992 1550 1078 1589 pitur
1090 1551 1175 1581 enim
1191 1552 1352 1585 immersio
1363 1564 1436 1585 cum
1452 1558 1560 1595 verbo,
1578 1561 1608 1589 et
1623 1569 1696 1591 cum
1712 1561 1764 1591 iilo

992 1604 1192 1635 terminatur.
1207 1605 1349 1646 Sequens
1360 1610 1454 1647 patet,
1469 1612 1499 1640 et
1511 1611 1655 1643 similiter
1665 1623 1764 1653 quare

992 1657 1163 1697 magister,
1181 1668 1278 1699 quam
1295 1661 1353 1699 bis,
1371 1664 1430 1693 etc.

1231 1775 1448 1813 QUAESTIO
1476 1778 1523 1810 ΙΙ.

1021 1853 1066 1880 Au
1084 1855 1216 1882 immersio
1235 1857 1270 1882 sit
1289 1858 1374 1890 magis
1392 1866 1485 1885 secura
1503 1860 1532 1886 in
1552 1860 1735 1898 baptizando,

1252 1908 1332 1933 qztom
1348 1903 1466 1936 aspersio
1481 1901 1500 1929 ².

1033 1976 1194 2013 Quantum
1213 1981 1354 2018 oporteat
1370 1982 1540 2020 parvulum
1560 1983 1710 2025 immergi
1725 1987 1762 2018 ad

992 2032 1053 2063 hoc
1068 2033 1150 2072 quod
1166 2035 1204 2063 sit
1219 2033 1411 2074 baptizatus3
1429 2039 1459 2067 et
1474 2039 1557 2076 quod
1575 2041 1673 2071 totum
1694 2051 1764 2073 cor-

993 2095 1069 2125 pus⁷
1100 2086 1242 2125 videtur⁷
1273 2088 1349 2127 quia
1377 2090 1511 2128 signum
1539 2094 1584 2122 est
1608 2095 1763 2132 passionis

992 2141 1022 2169 et
1042 2140 1151 2170 mortis
1169 2151 1175 2170 ε
1193 2150 1273 2179 ergo
1288 2141 1315 2171 si
1331 2142 1472 2174 Christus
1489 2145 1573 2174 totus
1594 2155 1702 2184 passus
1717 2152 1763 2179 est

992 2194 1023 2223 ct
1033 2195 1189 2231 mortuus,
1202 2195 1287 2224 totus
1302 2194 1398 2226 homo
1411 2197 1587 2228 necessario
1599 2198 1763 2240 immergi-

992 2247 1056 2275 tur.

1035 2298 1123 2335 item,
1138 2298 1312 2339 baptismus
1326 2303 1372 2332 est
1387 2304 1563 2334 remedium
1575 2307 1682 2336 contra
1694 2316 1764 2337 con-

993 2351 1238 2390 cupiscmitium:
1257 2354 1310 2384 sed
1327 2356 1578 2395 coucupiscentia
1592 2360 1638 2388 est
1652 2359 1684 2388 in
1700 2362 1763 2390 toto

994 2414 1134 2444 corpore,
1150 2407 1226 2446 quia
1238 2410 1303 2438 tota
1313 2418 1386 2439 caro
1396 2412 1442 2439 est
1453 2410 1581 2442 insecta:
1599 2421 1688 2450 ergo,
1705 2415 1762 2443 etc.

1036 2458 1124 2496 Item,
1141 2460 1166 2489 si
1181 2461 1339 2492 sufficeret
1356 2462 1496 2502 aliquam
1512 2467 1633 2503 partem
1650 2467 1762 2505 mergi,

996 2543 1026 2582 Ιγ
1042 2543 1119 2572 Sent„
1136 2543 1193 2568 dist.
1211 2550 1249 2574 111,
1266 2552 1290 2575 q.
1308 2551 1351 2575 x1;
1369 2547 1456 2570 Petrus
1471 2547 1501 2569 de
1517 2548 1628 2579 Taraiit.‚
1642 2549 1672 2574 iv
1686 2550 1764 2582 Sena,

994 2579 1051 2602 dist.
1067 2585 1104 2607 111,
1121 2586 1146 2610 q.
1163 2585 1198 2603 ix.

1026 2629 1058 2658 (a)
1075 2628 1134 2651 le.
1150 2627 1209 2652 edit.
1226 2628 1341 2653 similiter
1355 2630 1451 2660 grathe.

1797 1305 1861 1326 Trina

1792 1343 1870 1356 mersio

1793 1369 1882 1392 Quirinio-

1779 1399 1805 1419 ιΙι)
1823 1399 1884 1418 tucin-

1779 1426 1814 1446 da.

1782 2002 1814 2022 Aa
1832 2009 1882 2029 opp.
