2017 2948
238 188 276 218 68
799 185 1111 217 SENTENTIARUM
1133 185 1196 216 LIB
1219 185 1272 217 111.

237 253 369 284 locandi.
385 252 444 283 Sed
459 261 531 282 cum
547 252 681 283 liberum
702 253 868 283 arbitrium
892 254 931 283 sit
958 255 1006 282 fa-

237 306 335 336 cultas
358 305 488 335 rationis
514 308 544 336 ct
574 306 766 342 voluntatis,
788 307 881 336 habet
897 306 1003 345 perlici

236 357 396 387 habitibus
425 357 558 397 duplicis
581 359 729 396 generis·‚
757 359 928 396 habitibus,
956 359 1004 388 in-

240 419 348 449 quam,
365 411 520 441 virtutum
543 412 715 451 perficitur,
735 412 765 441 in
788 415 944 451 quantum
961 414 1006 442 cst

235 462 368 494 facultas
398 464 585 501 voluntatis;
612 465 775 494 habitibus
802 474 877 494 vero
906 465 1003 494 dono-

235 524 323 553 rum,
354 516 386 546 in
402 519 558 556 quantum
576 519 621 547 est
643 518 772 547 facultas
799 517 939 547 rationis
968 517 1005 547 Et

235 569 319 608 quod
338 569 415 599 illud
439 570 478 599 sit
496 579 621 607 verum,
645 570 792 600 nituntur
816 570 1004 609 persuadere

234 630 290 661 per
305 622 404 662 ipsam
420 622 576 652 donorum
598 623 827 658 (inferentiam,
853 632 925 662 quae
948 632 1004 662 pro

235 683 352 714 magna
368 677 456 715 parte
472 675 643 714 respiciunt
654 678 760 705 actum
777 676 1002 714 ‹·og1ioscendi;

233 729 352 768 species
367 738 444 760 vero
465 729 618 758 virtutum
634 738 651 758 e
665 729 823 759 contrario
838 729 944 767 magis
965 729 1004 759 ad

232 781 380 811 affectum
398 782 437 819 (a)
454 781 699 811 habentreferri.
719 781 884 812 Secundus
897 784 1003 812 autem

232 834 346 864 modus
376 834 559 873 assignandi
588 834 799 865 differentiam
830 836 1003 867 attenditur

231 896 287 927 per
310 888 577 927 comparationem
605 888 739 919 istorum
764 890 933 920 habituum
964 890 1002 920 ad

231 952 288 972 sua
307 943 459 982 opposita.
478 943 610 974 Habitus
625 944 709 974 enim
727 945 854 975 virtutis
875 948 905 976 et
928 946 1002 976 doni

232 997 520 1036 opponunturipsis
531 997 617 1027 vitiis
630 999 660 1027 et
669 997 841 1028 defectibus
859 1008 914 1038 per
929 1009 1000 1039 pec—

231 1052 337 1079 catum
366 1050 565 1080 introductis,
598 1049 765 1081 Peccatum
796 1054 903 1082 autem
941 1053 1003 1083 duo

231 1102 315 1132 mala
331 1102 404 1132 facit
421 1113 427 1132 z
444 1103 583 1142 primum
599 1105 655 1141 est,
681 1104 767 1143 quod
777 1104 856 1134 tollit
875 1105 1003 1135 rectitu-

231 1156 337 1186 dinem
349 1156 498 1195 justitiae;
516 1157 693 1187 secundum
708 1159 765 1194 est,
790 1158 875 1197 qnod
890 1158 1001 1188 debili-

231 1210 275 1239 tat
290 1209 436 1248 vigorem
451 1212 585 1247 naturae,
613 1213 643 1240 et
663 1220 733 1240 eam
752 1211 865 1241 dicitur
887 1211 1001 1242 vnlne-

230 1269 312 1291 rare.
332 1261 418 1292 Unde
433 1262 512 1292 sicut
536 1263 568 1292 in
584 1264 695 1293 morbo
719 1263 782 1293 duo
808 1267 892 1301 sunt,
911 1264 999 1295 vide-

230 1313 302 1344 licet
324 1315 392 1354 ipsa
418 1315 591 1346 humorum
612 1316 819 1356 inaequalitas,
843 1320 873 1347 ct
892 1327 1002 1357 symp-

229 1372 347 1400 tomata
358 1371 516 1410 quaedam,
529 1372 595 1401 sive
609 1372 747 1411 sequelae
765 1373 863 1411 ipsius
880 1374 998 1410 1norhi;

229 1423 273 1453 sic
300 1424 540 1463 intelligendum
565 1428 610 1454 est
638 1425 671 1454 in
693 1425 805 1455 morbo
831 1426 999 1464 spirituali.

230 1476 307 1506 Cum
322 1486 401 1516 ergo
414 1477 477 1507 duo
491 1478 552 1508 sint
574 1478 605 1507 in
622 1478 689 1517 ipso
706 1479 816 1508 morbo
832 1478 998 1517 spirituali,

230 1529 372 1559 videlicet
386 1530 452 1569 ipse
469 1531 598 1560 morbus
622 1531 822 1569 deordinans,
841 1534 871 1561 et
891 1541 1001 1570 symp-

228 1584 317 1612 toma
340 1583 569 1621 concomitans3
595 1584 662 1623 ipsa
683 1584 786 1623 culpa,
811 1587 842 1614 et
863 1586 932 1624 eJus
950 1594 1001 1615 se-

229 1635 338 1674 quela;
358 1635 462 1674 ipsun]
479 1636 589 1674 telum,
614 1640 645 1666 ct
666 1638 782 1667 vulnus
802 1647 842 1668 ex
864 1638 923 1668 telo
946 1638 1001 1668 de-

228 1688 373 1718 relictum
384 1700 389 1719 :
402 1689 529 1719 habitus
540 1690 696 1720 virtutum
706 1694 779 1720 sunt
792 1693 900 1721 contra
916 1692 999 1730 ipsos

230 1743 357 1773 morbos
376 1747 595 1782 peccatoruuv,
621 1745 675 1775 sed
696 1745 777 1775 dona
799 1748 872 1775 sunt
889 1749 997 1776 contra

229 1796 372 1835 sequelas
382 1796 533 1835 ipsorum,
544 1797 587 1827 ita
597 1798 679 1836 quod
691 1807 747 1837 per
756 1799 889 1829 virtutes
898 1799 1000 1838 expel-

229 1849 338 1880 luntur
363 1849 437 1887 tela,
459 1853 489 1880 et
513 1860 567 1889 per
591 1851 673 1881 dona
696 1852 900 1891 expelluntur
927 1852 997 1883 vul-

229 1912 315 1941 nera,
333 1903 398 1933 sive
415 1906 627 1943 symptomata
641 1905 799 1935 derelicta.
812 1906 849 1936 Et
863 1906 914 1936 hic
929 1916 997 1937 1110-

228 1955 286 1985 (1115
312 1956 434 1986 dicendi
458 1958 664 1987 confirmatur
679 1967 735 1997 per
758 1958 949 1997 Gregorium
966 1960 998 1990 in

229 2009 413 2047 mnitibus,
433 2010 488 2039 ubi
503 2011 644 2049 assignat
663 2012 806 2050 opposita
828 2012 996 2051 donorum,

229 2062 335 2092 dicens
352 2064 373 2100 ¹,
390 2062 474 2101 quod
490 2066 599 2092 contra
621 2064 786 2094 stultitiam
815 2068 861 2095 est
876 2067 1000 2105 sapien-

229 2113 285 2151 tia;
301 2116 408 2143 contra
421 2114 657 2148 hebetudinem.
674 2115 871 2153 intellectus3
889 2119 998 2147 contra

229 2166 522 2205 praecipitationem,
543 2167 728 2205 consilium;
745 2171 852 2198 contra
869 2170 996 2208 pusilla-

229 2219 417 2255 nimitatem,
430 2219 582 2249 fortitudo
602 2231 607 2250 :
625 2223 655 2250 et
676 2221 719 2250 sic
742 2221 779 2251 de
801 2221 870 2251 aliis
894 2231 998 2252 conse-

229 2272 410 2311 quentibus.
432 2272 505 2302 Haec
518 2275 624 2303 autem
636 2282 700 2303 non
711 2276 786 2304 sunt
796 2277 932 2313 peccata,
943 2275 997 2306 sed

229 2325 333 2364 magis
346 2328 558 2365 symptomata
568 2327 716 2365 quaedam
732 2337 771 2357 ex
792 2329 925 2367 peccatis
941 2329 997 2359 de-

229 2378 346 2409 relicta.
364 2379 401 2410 Et
416 2380 579 2419 quoniam,
597 2380 676 2411 sicut
690 2381 763 2411 dicit
783 2382 995 2421 Augustinus,

229 2431 313 2462 aliud
326 2434 372 2461 est
387 2432 553 2462 extrahere
568 2433 678 2470 telum,
695 2434 779 2464 aliud
796 2444 907 2465 sanare
922 2435 997 2465 vul-

228 2493 306 2521 nus;
323 2485 397 2515 hinc
410 2488 455 2515 est
476 2486 560 2525 quod
574 2486 701 2516 habitus
717 2488 872 2517 virtutum
885 2490 916 2518 et
939 2488 995 2518 (10-

229 2546 344 2568 norum
359 2539 398 2568 ab
415 2539 550 2570 invicem
572 2539 721 2570 differunt
735 2540 853 2571 ratione
868 2549 993 2579 eorum,

260 2655 293 2684 (a)
309 2654 376 2677 Edit.
397 2654 451 2677 Ven.
468 2655 593 2679 effectum.
605 2668 633 2673 -—
646 2656 678 2686 (b)
694 2657 836 2681 secundo...
851 2657 932 2680 tertio.

1062 256 1169 283 contra
1185 262 1256 292 quae
1271 255 1355 285 sunt,
1375 253 1499 285 Tertius
1520 255 1625 284 autem
1653 255 1767 286 modus
1786 264 1834 286 as·

1063 306 1210 345 signandi
1233 306 1444 338 differentiam
1469 308 1641 338 attenditur
1670 317 1726 347 per
1745 317 1834 339 com-

1061 359 1256 398 parationem
1270 360 1308 390 ad
1319 360 1397 391 fines
1407 361 1583 399 proximos.
1606 360 1741 391 Habitus
1750 361 1836 392 enim

1061 412 1197 449 gratuiti
1225 413 1315 443 nobis
1352 413 1469 443 dantur
1484 438 1493 451 ,
1529 416 1564 444 ut
1596 414 1834 444 conformemur

1067 465 1200 496 Christo.
1232 465 1374 496 Christus
1398 468 1505 497 autem
1530 466 1747 497 omnimodam
1766 476 1836 506 per-

1061 518 1226 548 fectionem
1248 519 1379 556 habuit,
1402 521 1433 549 et
1453 519 1485 549 in
1509 519 1653 557 agendo,
1678 521 1709 549 et
1734 519 1767 549 in
1781 528 1836 559 pa-

1063 570 1167 601 tiendo
1193 582 1199 602 :
1225 574 1256 602 et
1278 571 1347 602 ideo
1371 575 1445 602 sunt
1469 572 1567 612 aliqui
1595 572 1722 602 habitus
1744 572 1836 602 nobis

1061 624 1151 662 dati,
1180 625 1297 664 quibus
1323 626 1561 656 conformamur
1590 626 1622 655 in
1651 625 1773 656 Christo
1802 625 1835 656 in

1061 677 1184 715 agendo
1205 687 1212 708 :
1237 678 1315 708 ethi
1340 680 1416 708 sunt
1432 678 1559 708 habitus
1580 679 1739 708 virtutum
1752 702 1760 716 ,
1775 678 1830 718 qui

1061 732 1134 760 sunt
1149 731 1188 761 ad
1199 733 1282 761 recte
1291 731 1486 770 operandum
1499 741 1506 768 ;
1522 733 1553 761 01
1567 731 1606 761 ad
1622 731 1682 762 hoc
1697 731 1834 762 finaliter

1061 784 1263 821 ordinantur,
1282 786 1315 814 ut
1332 793 1385 823 per
1402 784 1472 814 illos
1487 784 1614 814 habitus
1629 784 1673 814 sic
1689 785 1836 815 ordinan-

1060 839 1106 867 tes
1120 837 1159 867 ad
1179 840 1295 867 rectam
1311 837 1527 876 operationem
1547 837 1580 867 in
1602 837 1738 876 agendis
1759 847 1835 868 con-

1062 889 1236 919 formemur
1251 889 1388 920 Christo.
1407 889 1487 920 Sunt
1502 892 1655 929 praeterea
1671 893 1702 921 et
1716 890 1770 921 alii
1781 890 1836 921 ha-

1060 941 1145 972 bitus
1169 942 1232 972 dati
1256 942 1358 979 nobis,
1380 945 1414 973 ut
1430 943 1667 974 conformemur
1681 946 1712 974 et
1735 944 1768 974 in
1783 953 1836 983 pa-

1059 995 1165 1026 tiendo
1191 1007 1198 1026 :
1224 998 1254 1026 et
1274 996 1459 1035 hujusmodi
1492 997 1618 1026 habitus
1644 999 1719 1027 sunt
1742 997 1834 1036 dona,

1060 1057 1115 1087 per
1132 1058 1203 1087 quae
1226 1049 1367 1080 Christus
1389 1052 1456 1079 erat
1478 1049 1648 1089 dispositus
1672 1050 1710 1080 ad
1737 1050 1835 1080 susti-

1060 1102 1199 1132 nendam
1226 1103 1400 1133 rectissime
1430 1102 1608 1143 passionem
1629 1103 1668 1133 ad
1693 1103 1830 1142 gloriam

1060 1154 1123 1192 Dei,
1141 1158 1171 1185 et
1196 1157 1335 1186 nostram
1359 1156 1552 1186 utilitatem:
1577 1158 1607 1186 et
1630 1165 1687 1196 per
1707 1155 1835 1186 habitus

1059 1208 1241 1247 hujusmodi
1265 1208 1424 1239 donorum
1446 1209 1599 1239 debemus
1623 1208 1683 1238 sibi
1705 1208 1833 1240 confor-

1059 1261 1139 1291 mari
1155 1261 1186 1291 in
1198 1262 1355 1301 patiendo.
1373 1261 1508 1299 Quartus
1529 1264 1636 1292 autem
1655 1261 1770 1292 modus
1787 1270 1835 1291 as-

1059 1315 1205 1353 signandi
1219 1316 1430 1346 differentiam
1446 1316 1618 1346 attenditur
1633 1325 1728 1355 penes
1745 1325 1833 1346 com-

1059 1368 1253 1407 parationem
1279 1369 1317 1399 ad
1344 1372 1433 1400 actus
1456 1369 1609 1409 proprios.
1637 1368 1722 1399 Sunt
1747 1369 1833 1399 enim

1059 1422 1188 1461 quidam
1199 1425 1288 1453 actus
1299 1423 1406 1462 primi,
1420 1425 1450 1452 et
1461 1422 1590 1462 quidam
1604 1422 1709 1460 medii,
1723 1424 1754 1453 et
1766 1422 1833 1462 qui-

1058 1475 1130 1504 dam
1138 1475 1253 1512 ultimi,
1266 1476 1332 1506 sive
1347 1476 1486 1515 perfecti.
1503 1475 1601 1513 Sicut,
1615 1476 1704 1506 verbi
1716 1476 1831 1514 gratia,

1058 1536 1229 1566 possumus
1246 1529 1353 1559 videre
1369 1529 1401 1558 in
1424 1531 1495 1559 actu
1511 1529 1731 1567 cognoscendi,
1749 1528 1833 1569 quod

1058 1580 1146 1619 prius
1157 1583 1204 1611 est
1214 1581 1352 1619 credere,
1371 1582 1547 1612 secundum
1564 1582 1753 1621 intelligere,
1767 1585 1831 1612 ter-

1060 1635 1137 1664 tium
1156 1635 1191 1674 lb)
1212 1645 1288 1666 vcro
1303 1637 1422 1667 mundo
1431 1637 1523 1667 corde
1532 1637 1649 1667 videre.
1667 1636 1705 1667 Et
1719 1645 1831 1667 secun-

1058 1688 1136 1718 dum
1152 1688 1238 1719 illam
1250 1690 1367 1720 trinam
1382 1690 1592 1720 differentiam
1606 1692 1695 1720 actus
1710 1692 1785 1720 sunt
1799 1690 1833 1720 in

1058 1742 1148 1771 nobis
1159 1744 1222 1772 tres
1233 1742 1419 1773 differentiae
1427 1743 1595 1773 habituum
1603 1742 1830 1781 gratuitorum,

1057 1794 1201 1825 videlicet
1226 1795 1404 1832 virtutum,
1423 1796 1582 1826 donorum
1605 1798 1636 1825 et
1661 1796 1829 1826 beatitudi-

1057 1856 1135 1877 num
1154 1858 1159 1876 :
1180 1848 1221 1877 ita
1244 1848 1329 1887 quod
1352 1849 1487 1879 virtutes
1510 1850 1584 1878 sunt
1603 1848 1643 1878 ad
1663 1851 1752 1879 actus
1766 1849 1833 1889 pri-

1058 1909 1137 1938 mos,
1153 1903 1189 1930 ut
1202 1903 1296 1940 patet,
1311 1902 1386 1941 quia
1401 1901 1477 1931 fides
1492 1904 1538 1931 est
1559 1901 1597 1931 ad
1615 1901 1808 1933 credendum
1821 1914 1829 1940 ;

1058 1954 1140 1984 dona
1151 1955 1189 1985 ad
1201 1958 1289 1985 actus
1302 1956 1434 1993 mediOS,
1451 1956 1540 1996 quia,
1557 1957 1730 1987 secundum
1747 1957 1832 1997 quod

1057 2010 1155 2047 patet,
1175 2008 1296 2039 donum
1316 2009 1492 2040 intellectus
1513 2012 1560 2040 est
1583 2010 1621 2040 ad
1646 2009 1830 2048 intelligen-

1056 2062 1151 2098 dum;
1178 2062 1390 2092 beatitudines
1410 2072 1486 2093 vero
1511 2063 1549 2093 ad
1571 2065 1660 2092 actus
1684 2063 1825 2100 ultimos,

1057 2117 1089 2144 ut
1104 2117 1200 2153 patet,
1216 2115 1292 2153 quia
1310 2115 1466 2145 munditia
1488 2115 1590 2146 cordis
1605 2118 1652 2145 est
1672 2115 1711 2146 ad
1726 2115 1826 2146 Deum

1056 2167 1239 2198 videndum.
1266 2167 1303 2198 Et
1332 2168 1481 2207 quoniam
1508 2168 1541 2198 in
1568 2168 1679 2208 primis
1708 2169 1830 2200 actibus

1057 2221 1205 2260 potentiae
1216 2221 1442 2258 rectificantur,
1458 2221 1490 2251 in
1501 2222 1646 2252 secundis
1658 2223 1830 2262 expediun-

1058 2275 1121 2310 tur,
1147 2276 1178 2303 et
1200 2274 1233 2302 in
1255 2273 1367 2311 tertiis,
1387 2276 1417 2303 et
1440 2273 1572 2311 ultimis,
1602 2275 1826 2314 perficiuntur3

1055 2325 1129 2356 hinc
1156 2329 1203 2356 est
1231 2326 1315 2365 quod
1342 2326 1471 2356 habitus
1501 2327 1658 2357 virtutum
1688 2330 1762 2359 sunt
1787 2328 1827 2358 ad

1055 2379 1217 2417 agendum
1233 2381 1325 2415 recte,
1342 2379 1470 2409 habitus
1483 2379 1641 2410 donorum
1661 2381 1701 2411 ad
1724 2389 1825 2419 agen-

1054 2431 1131 2461 dum
1140 2432 1293 2470 expedite,
1302 2431 1429 2462 habitus
1439 2432 1671 2464 beatitudinum
1681 2433 1719 2464 ad
1729 2442 1826 2472 agen-

1055 2483 1131 2514 dum
1161 2485 1226 2514 sive
1259 2484 1443 2524 patiendum
1475 2486 1619 2524 perfecte.
1653 2485 1824 2525 Postquam

1055 2539 1161 2568 autem
1176 2537 1219 2567 illi
1236 2538 1365 2569 habitus
1379 2541 1452 2569 sunt
1466 2539 1499 2569 in
1514 2539 1632 2577 anima,
1649 2541 1695 2569 est
1714 2547 1822 2570 conse-

1086 2658 1092 2673 ¹
1109 2660 1194 2688 tireg„
1208 2658 1309 2685 Mol-al„
1325 2659 1368 2682 lib.
1384 2659 1414 2689 ll,
1428 2666 1451 2683 c.
1464 2665 1546 2682 nvn.
