2017 2948
728 145 916 177 DISTiNCT.

172 215 363 255 petrandum
377 215 484 255 ipsum
497 216 609 245 votum
627 224 635 244 z
653 215 684 244 et
704 212 760 244 ubi
782 213 867 244 adest
887 221 940 244 an-

172 270 300 307 tequam
324 268 488 308 perveniat
510 267 549 298 ad
571 275 665 306 opus,
687 268 810 305 reputat
831 275 941 296 conve-

173 320 264 351 niens
286 321 325 352 ad
348 321 551 352 obtinendam
575 320 711 359 gratiam
731 329 738 349 :
755 328 812 349 nec
834 321 940 350 tamen

173 373 289 404 frustra
301 374 482 411 confitetur3
499 373 526 403 si
543 373 629 403 enim
644 381 700 412 pro
716 372 784 402 loco
807 374 837 402 et
859 374 939 402 tem-

173 434 248 465 pore
264 435 327 456 non
342 427 556 463 confiteretur,
573 427 626 456 aut
645 427 756 455 votum
770 433 833 454 non
849 426 939 462 esset,

173 480 229 508 aut
243 487 309 509 esse
324 479 502 515 desisteret,
519 479 545 508 si
560 479 648 517 prius
664 479 754 508 esset.

495 572 562 593 DUB.
586 571 617 592 11.

253 628 333 652 Nemo
348 628 416 652 enim
431 630 514 659 potest
526 628 649 658 confiteri,
664 627 712 652 nisi
724 627 864 651 suscitatus.

215 690 346 722 Videtur
359 700 424 722 non
444 701 511 722 esse
527 699 641 722 verum
660 691 743 730 quod
759 690 853 728 dicit,
870 690 945 730 quia

155 783 156 786 Ἴ
176 743 350 774 secundum
364 744 424 774 hoc
434 753 507 774 cum
518 743 625 774 nullus
641 745 785 773 mortuus
800 745 945 773 teneatur

175 795 214 826 ad
229 796 277 826 sui
293 796 546 834 suscitationem,
563 796 637 835 quia
652 795 712 825 hoc
737 798 783 825 est
805 795 945 835 impossi-

177 848 259 886 hile,
275 850 378 880 nullus
402 852 545 890 peccator
567 851 693 880 tenetur
715 849 754 879 ad
776 849 945 879 confessio—

177 910 250 931 nem
263 912 270 932 t
287 902 372 941 quod
387 905 433 933 est
448 902 683 933 inconveniens.

219 954 311 994 Resp.
328 955 500 986 Dicendum
523 956 606 995 quod
628 964 717 994 posse
738 955 879 985 confiteri
900 957 947 985 est

178 1007 344 1047 dupliciter
364 1018 371 1038 ε
394 1011 449 1038 aut
464 1010 627 1047 peccatum
650 1008 842 1046 detegendo,
860 1010 895 1037 ut
909 1007 948 1037 sit

179 1061 332 1091 confessio
346 1061 524 1098 manifesta,
542 1063 571 1090 et
589 1061 633 1091 sic
653 1062 753 1099 potest
768 1061 836 1090 fieri
852 1060 946 1090 etiam

179 1123 198 1144 a
212 1116 373 1153 peccatore
386 1125 392 1151 ;
410 1116 466 1144 aut
480 1116 515 1143 ut
529 1113 570 1143 sit
585 1113 737 1143 confessio
754 1122 830 1143 vere
842 1121 948 1143 recon-

179 1166 331 1204 ciliativa,
348 1168 378 1197 et
398 1166 442 1196 sic
462 1175 527 1196 non
546 1168 646 1206 potest
660 1166 729 1196 fieri
751 1165 811 1195 nisi
832 1175 850 1195 a
861 1166 948 1204 justo

180 1221 210 1249 et
232 1219 391 1249 suscitato.
422 1218 454 1249 Si
476 1219 561 1249 enim
581 1219 657 1248 alias
678 1219 749 1255 fiat,
776 1218 950 1247 absolvitur

180 1272 330 1307 exterius,
340 1272 467 1302 sednon
478 1272 621 1302 interius.
631 1271 715 1301 Nihil
725 1271 809 1301 enim
820 1271 857 1301 ad
868 1271 950 1300 salu-

181 1326 244 1354 tem
256 1324 340 1356 valet
354 1324 447 1354 alicui
465 1333 591 1363 poenam
608 1324 813 1363 temporalem
830 1326 948 1361 taxare,

182 1386 349 1416 quousque
366 1377 516 1407 Dominus
530 1377 671 1407 absolvat
686 1377 724 1407 ab
739 1379 868 1408 aeterna.

500 1471 568 1492 DUB.
592 1471 635 1492 111.

352 1531 413 1558 Quze
429 1531 456 1553 ut
471 1531 507 1553 est
519 1529 570 1553 vita
586 1529 700 1559 eorporis
710 1547 717 1559 ,
733 1530 780 1552 etc.

224 1591 329 1621 lnnuit
354 1591 522 1629 Magister,
554 1591 638 1630 quod
666 1591 745 1621 sicut
772 1591 879 1620 anima
906 1592 953 1620 est

184 1644 248 1674 vita
263 1644 420 1683 corporis,
437 1645 479 1674 ita
493 1645 562 1683 ejus
577 1644 643 1673 vita
656 1643 738 1673 Deus
749 1646 804 1674 est.
822 1643 953 1674 Videtur

183 1696 242 1727 1100
271 1706 338 1728 esse
366 1697 499 1735 falsum,
527 1696 602 1736 quia
630 1697 736 1726 anima
763 1696 953 1726 vivificando

180 1750 330 1780 informat
353 1759 481 1789 corpus;
507 1750 560 1780 sed
588 1750 669 1779 Deus
696 1758 759 1779 non
781 1752 827 1778 est
852 1749 954 1779 forma

181 1803 308 1833 animae.
327 1802 403 1833 Item
417 1827 423 1840 ,
439 1811 553 1841 corpus
565 1802 727 1841 privatum
744 1801 860 1831 animae
877 1802 952 1839 vita,

182 1864 246 1886 non
261 1855 466 1885 resuscitatur
484 1855 544 1884 nisi
568 1863 624 1894 per
644 1854 835 1884 miraculum
853 1865 858 1884 ε
877 1863 954 1893 ergo

183 1908 308 1939 videtur
336 1908 422 1948 quod
454 1907 637 1946 justificatio
672 1907 710 1937 sit
744 1907 953 1937 miraculosa:

183 1961 268 2001 quod
297 1970 360 1991 non
387 1960 530 1997 videtur,
562 1968 632 1990 cum
661 1968 754 1990 nemo
781 1959 956 1990 admiretur

184 2014 244 2045 hoc
259 2038 267 2050 ‚
283 2022 339 2044 nec
354 2013 393 2043 sit
408 2013 580 2044 insolitum.

226 2066 317 2106 Resp.
343 2066 514 2097 Dicendum
539 2066 625 2106 quod
646 2066 690 2096 sic
714 2065 794 2096 Deus
822 2067 870 2096 est
891 2065 956 2096 vita

186 2121 314 2157 animae,
330 2120 412 2150 sicut
427 2119 534 2150 anima
549 2119 689 2158 corporis
700 2119 837 2158 quodam
850 2118 954 2156 modo,

187 2176 217 2204 et
233 2173 370 2213 quodam
390 2173 483 2204 modo
504 2181 568 2203 non
590 2172 643 2202 sic.
670 2172 703 2202 In
727 2172 788 2203 hoc
806 2172 892 2202 enim
910 2174 957 2203 cst

188 2226 375 2264 similitudo,
392 2225 476 2266 quod
490 2225 758 2265 quemadmodum
777 2235 891 2265 corpus
907 2226 956 2256 in-

189 2280 276 2318 diget
291 2279 413 2317 anima,
427 2281 457 2309 et
472 2278 511 2308 ab
526 2279 593 2318 ipsa
608 2279 798 2316 vivificatur,
816 2278 956 2318 quandiu

191 2332 234 2363 illi
256 2333 480 2372 conjungitur,
503 2334 533 2361 et
559 2340 615 2370 per
637 2332 706 2370 eJ'us
726 2331 958 2371 separationem

190 2386 330 2424 vilescit;
347 2386 390 2415 sic
410 2384 551 2425 quandiu
575 2384 681 2414 anima
702 2384 812 2414 unitur
828 2384 888 2414 Deo
904 2393 958 2423 pcr

191 2439 390 2475 charitatem,
405 2438 595 2475 vivificatur,
612 2439 643 2467 et
656 2437 781 2476 quando
796 2439 959 2476 separatur

192 2492 231 2523 ab
244 2501 300 2529 eo,
315 2492 450 2522 moritur
462 2494 493 2521 et
508 2491 639 2522 vilescit.
663 2490 698 2521 In
713 2490 773 2521 hoc
792 2494 898 2522 autem
914 2493 959 2521 est

191 2544 430 2582 dissimilitudo,
445 2545 521 2584 quia
543 2544 650 2575 anima
671 2544 880 2583 conjiingitur
900 2554 959 2575 na-

192 2598 351 2636 turaliter,
371 2600 403 2629 et
423 2597 611 2629 naturaliter
632 2607 672 2628 ex
685 2597 886 2637 corruptione
903 2607 959 2628 na-

312 2660 386 2683 ·rou.
409 2661 441 2683 v.

941 144 1031 177 XVII.
1057 145 1156 176 PARS
1181 147 1204 177 1.

1704 151 1771 187 615ῗὶ1

997 214 1079 243 turae
1093 214 1268 251 separatur,
1286 212 1331 243 ita
1347 213 1430 253 quod
1452 213 1609 253 appetitus
1623 215 1655 244 et
1677 214 1769 263 indi„l

999 265 1107 305 gentia
1133 268 1179 296 est
1211 266 1245 296 in
1276 268 1411 305 utroque
1427 290 1435 304 ‚
1463 266 1537 306 quia
1568 266 1769 305 constituunt

998 319 1151 354 tertium;
1177 328 1216 349 ex
1240 318 1302 349 Deo
1327 320 1434 349 autem
1458 321 1488 349 et
1509 319 1617 349 anima
1642 329 1706 350 non
1722 320 1770 357 sit.

998 380 1110 401 unum.
1127 370 1165 401 Et
1184 373 1336 411 praeterea
1360 371 1539 410 conjunctio
1561 372 1614 402 illa
1636 374 1683 402 est
1705 381 1769 408 vo-,

998 423 1129 454 luntatis
1163 433 1202 454 ex
1236 426 1370 463 utraque
1398 425 1486 463 parte
1519 434 1525 454 :
1560 426 1590 454 et
1616 424 1690 454 hinc
1718 427 1769 463 051,

999 477 1083 515 quod
1111 477 1186 516 quia
1207 476 1354 508 voluntas
1382 478 1490 507 nostra
1512 477 1699 507 naturaliter
1719 480 1771 515 est.

999 529 1168 567 vertibilis,
1192 532 1222 560 et
1244 530 1350 560 divina
1379 529 1594 561 misericordia
1620 533 1773 569 prompta¹

999 585 1046 613 est
1072 583 1232 620 misereri,
1248 583 1332 623 quod
1354 583 1550 614 resuscitatio
1572 584 1687 614 animae
1703 592 1774 621 non!

999 637 1046 666 est
1058 636 1263 673 miraculosa;
1280 636 1333 667 sed
1344 638 1379 667 111
1393 637 1519 676 proprie
1531 637 1569 676 (α)
1583 636 1775 676 loquamur),

1000 691 1047 719 est
1062 689 1227 719 mirabilis.

1320 783 1449 805 DUB.1v.
1738 765 1776 779 '¹⁴'

1002 847 1066 875 Quia
1078 853 1129 872 non
1143 851 1254 872 meretur
1266 849 1408 880 justificari,
1424 850 1466 881 qui
1485 851 1510 874 in
1529 851 1579 875 vita
1591 858 1637 876 sua
1651 857 1703 875 non
1717 851 1778 886 vult

1249 888 1381 915 peccatum
1397 886 1521 910 confiteri.

1043 954 1172 985 Videtur
1186 955 1357 995 improprie
1377 956 1481 995 loqui,
1498 957 1573 996 quia
1587 935 1780 996 justificatior

1003 1008 1158 1038 antecedit
1181 1017 1275 1038 omne
1298 1009 1447 1039 meritum
1463 1019 1470 1039 :
1487 1018 1565 1048 ergo
1587 1009 1694 1040 nullus
1708 1011 1780 1049 jusrf

1003 1060 1113 1090 tificari
1127 1062 1278 1091 meretur.
1295 1061 1374 1091 Item
1389 1063 1556 1101 quaeritur,
1573 1071 1645 1092 cum
1662 1071 1782 1097 omness

1004 1113 1138 1143 virtutes
1159 1113 1269 1144 dentur
1292 1114 1433 1152 homini,
1450 1114 1566 1145 scilicet
1588 1115 1683 1152 111105,
1700 1115 1780 1149 cha-1

1005 1166 1096 1203 ritas,
1113 1169 1183 1204 etc„
1201 1176 1299 1206 quare
1323 1167 1427 1205 magis
1444 1169 1576 1198 vocatur
1587 1168 1782 1207 justificatio¹

1005 1218 1116 1249 deletio
1132 1219 1248 1258 culpae,
1265 1229 1361 1259 quam
1382 1220 1478 1250 aliud.
1502 1220 1597 1259 Item,
1614 1230 1687 1252 cum
1703 1221 1772 1252 ani-

1007 1281 1059 1301 ma
1082 1271 1203 1302 dicatur
1229 1272 1398 1310 vivificari,
1423 1273 1528 1303 sanari
1551 1275 1582 1303 et
1604 1274 1771 1311 renovari,

1006 1325 1160 1363 quaeritur
1175 1334 1243 1363 quae
1258 1325 1298 1355 sit
1311 1326 1487 1356 differentia
1501 1326 1584 1356 inter
1598 1327 1678 1358 haec.

1047 1377 1137 1417 Resp.
1156 1378 1328 1409 Dicendum
1347 1379 1431 1418 quod
1447 1379 1629 1418 justificatio
1643 1389 1706 1411 nou
1723 1389 1774 1411 ca-

1007 1431 1053 1461 dit
1076 1431 1135 1461 sub
1160 1431 1272 1461 merito
1296 1432 1463 1471 condignI,
1480 1432 1561 1463 cadit
1584 1435 1691 1463 tamen
1715 1433 1781 1467 subl

1009 1484 1120 1514 merito
1147 1485 1281 1523 congrui
1308 1494 1315 1514 :
1344 1485 1458 1515 dicitur
1487 1488 1592 1518 autem
1620 1486 1775 1525 reparatio

1008 1537 1124 1567 animae
1143 1537 1332 1576 justificatio.
1358 1537 1525 1569 Peccatum
1547 1539 1632 1569 enim
1655 1539 1787 1574 actuale,

1009 1592 1055 1619 051
1079 1589 1272 1620 deordinatio
1289 1614 1298 1627 ,
1325 1591 1392 1621 sive
1418 1591 1591 1631 obliquatio
1615 1592 1698 1622 circa
1716 1592 1784 1627 ali-y

1009 1651 1104 1681 quem
1121 1645 1227 1673 actum
1240 1643 1356 1674 animae
1372 1654 1379 1673 ι
1395 1646 1426 1674 01
1440 1653 1496 1683 per
1510 1645 1593 1675 hanc
1614 1647 1786 1685 separatur„

1009 1696 1116 1725 anima
1131 1705 1149 1725 a
1164 1695 1225 1726 Deo
1238 1706 1245 1726 z
1260 1697 1290 1726 et
1304 1705 1343 1725 ex
1358 1696 1418 1726 hoc
1431 1696 1564 1727 incurrit
1579 1698 1696 1737 duplex
1715 1707 1787 1733 ma„

1010 1748 1077 1778 lum
1096 1772 1105 1786 ,
1132 1748 1248 1779 scilicet
1270 1748 1486 1780 difficultatem
1510 1750 1548 1780 ad
1574 1751 1695 1781 bonum
1716 1775 1723 1787 ‚
1749 1753 1787 1786 01

1010 1801 1078 1830 ideo
1092 1801 1208 1832 dicitur
1221 1804 1377 1840 vetustas,
1393 1812 1457 1842 qua
1476 1803 1582 1833 anima
1598 1804 1666 1842 jam
1688 1804 1777 1835 inve-

1010 1855 1109 1884 terata
1123 1856 1170 1884 est
1184 1865 1191 1891 3
1207 1857 1237 1884 et
1252 1855 1440 1894 pronitatem
1457 1856 1496 1886 ad
1512 1856 1647 1894 malum,
1665 1859 1696 1887 et
1709 1856 1787 1893 haec„

1010 1906 1125 1937 dicitur
1141 1907 1308 1937 infirmitas
1326 1919 1332 1938 ε
1351 1908 1433 1939 unde
1448 1917 1542 1940 omne
1556 1911 1720 1949 peccatum
1734 1910 1789 1945 dir„

1010 1959 1092 1989 citur
1106 1959 1261 1999 injustitia
1269 1983 1280 1999 ,
1293 1960 1408 1992 dicitur
1426 1970 1512 1992 mors
1524 1986 1534 2000 ‚
1548 1962 1662 1994 dicitur
1676 1965 1789 1998 vetus-s

1011 2014 1058 2042 tas
1070 2036 1077 2050 ‚
1094 2012 1209 2043 dicitur
1228 2013 1407 2044 infirmitas.
1433 2014 1493 2046 Per
1513 2016 1693 2056 oppositum
1717 2016 1787 2055 1317,-

1010 2067 1064 2095 tur
1078 2066 1185 2096 anima
1200 2066 1232 2096 in
1253 2067 1392 2098 adventu
1408 2068 1520 2106 gratiae
1533 2068 1712 2100 vivificatur
1722 2092 1733 2106 ‚
1749 2071 1779 2100 et

1011 2126 1051 2148 ex
1075 2119 1273 2158 susceptione
1294 2120 1450 2151 virtutum
1471 2121 1685 2153 ordinantium
1710 2121 1780 2152 uni-

1012 2180 1120 2201 versas
1135 2172 1287 2211 potentias
1298 2173 1492 2212 ,iustificatur
1508 2184 1516 2205 ε
1534 2176 1565 2205 01
1580 2175 1639 2206 hoc
1651 2175 1779 2215 quidem

1013 2225 1047 2254 fit
1070 2225 1102 2254 in
1126 2225 1255 2256 instanti
1279 2234 1287 2255 :
1311 2226 1394 2257 unde
1417 2227 1600 2266 justificatio
1625 2228 1739 2259 dicitur
1760 2238 1780 2260 a

1008 2278 1131 2316 justitia
1153 2278 1293 2316 generali
1312 2289 1319 2308 :
1338 2279 1391 2309 sed
1413 2282 1542 2310 sanatur
1569 2280 1702 2312 ulterius
1726 2289 1782 2321 per

1013 2332 1150 2369 gratiam
1171 2334 1440 2363 sacramentorum
1454 2357 1462 2371 ‚
1479 2335 1510 2363 et
1532 2336 1703 2365 renovatur
1727 2343 1785 2373 per,

1014 2385 1134 2415 bonum
1149 2384 1352 2423 exercitium,
1370 2387 1400 2415 01
1419 2386 1454 2416 fit
1470 2394 1595 2425 semper
1608 2386 1647 2416 ad
1662 2386 1788 2426 bonum,

1014 2437 1159 2468 habilioi.
1177 2436 1265 2468 Unde
1278 2438 1351 2467 dicit
1368 2438 1535 2478 Apostolus
1548 2440 1573 2477 ¹,
1590 2439 1675 2479 quod
1689 2447 1781 2473 ‘reno-

1015 2493 1108 2522 vatur
1124 2490 1162 2522 de
1177 2491 1229 2523 die
1242 2492 1278 2522 in
1292 2490 1396 2525 diem,
1411 2491 1493 2522 sicut
1514 2493 1656 2524 exterior
1676 2492 1714 2524 de
1733 2493 1784 2531 die

1015 2544 1048 2574 in
1062 2544 1145 2575 diem
1154 2544 1381 2583 coriumpz'tur.
1398 2542 1486 2575 Unde
1501 2545 1687 2583 notandum,
1699 2546 1786 2585 quod

1052 2607 1056 2621 ¹
1073 2607 1091 2629 ΙΙ
1107 2606 1175 2633 Cor..
1193 2612 1226 2636 ιν,
1243 2608 1278 2630 16.
1294 2619 1322 2622 -
1338 2606 1372 2635 (a)
1388 2606 1426 2629 Al.
1443 2606 1568 2636 proprius.

1625 2653 1662 2683 42
