2017 2948
105 998 180 1018 Sacra-

103 1031 183 1048 mento-

91 1066 137 1079 rum
155 1059 196 1078 in<-

90 1090 195 1110 titutionis

92 1121 145 1141 ratio
178 1123 194 1140 1.

99 2121 158 2141 natio
182 2123 202 2142 Ξ.

203 155 263 184 250

203 222 290 256 rent;
305 222 336 249 et
355 219 415 249 hoc
437 221 520 258 patet
543 217 749 249 discurrendo
769 217 802 246 in
824 214 972 254 singulis,

203 273 298 303 etiam
310 272 343 302 in
352 271 532 302 idololatris.
544 271 575 302 Si
584 280 662 309 ergo
674 269 807 300 Ecclesia
819 268 909 298 debet
918 267 973 297 ha-

204 326 277 355 bere
287 325 381 364 signa
392 334 489 355 sacrae
501 324 663 363 religionis
673 323 730 352 sibi
739 320 971 357 convenientia,

205 381 235 409 et
249 379 434 418 hujusmodi
455 380 530 408 sunt
545 378 637 415 signa
652 385 740 405 sacra
761 377 791 405 et
805 373 971 410 morantia,

205 437 308 467 decuit
325 437 423 467 Deum
436 435 598 465 instituere
614 434 820 463 sacramenta.

463 525 721 559 CONCLUSIO.

206 598 378 624 Sacramenta
393 597 536 623 debuerunt
550 595 657 621 institui
672 594 835 622 necessaria,
851 599 903 618 non
918 592 977 625 qui-

242 643 298 669 dem
314 642 466 668 necessitate
478 639 708 668 iacei'tabt'litatis1
724 637 769 663 secl
784 637 974 669 conqrumzci'oe,

242 694 299 712 cnm
315 687 382 712 Deus
395 685 543 719 potentiam
561 691 637 710 suam
651 682 827 709 sacramentis
843 688 895 706 non
911 680 976 706 alli-

242 731 354 763 gaverz't.

249 808 340 847 Resp.
366 807 404 837 ad
425 816 494 845 arg.
526 805 696 836 Dicendum
717 804 801 844 quod
824 802 979 833 institutio

209 862 479 891 sacramentorum
493 860 592 890 Deum
604 859 719 896 decuit,
736 860 766 887 et
780 857 872 887 nobis
887 865 979 895 expe-

210 915 299 945 diens
312 914 382 944 fuit.
398 913 505 943 Decuit
518 913 635 952 quippe
650 911 703 941 Dei
720 909 978 947 misericordiam,

211 970 242 998 et
254 967 421 1007 justitiam,
440 968 470 997 et
486 966 671 1006 sapientiam
683 989 690 1001 ,
710 965 743 994 in
767 964 883 1001 quibus
902 971 981 992 con-

211 1021 365 1052 sideratur
401 1020 504 1050 omnis
539 1019 664 1049 Domini
692 1018 754 1047 via.
784 1017 893 1046 Decuit
921 1016 983 1045 mi-

210 1073 432 1109 sericordiam,
450 1073 524 1111 quia
547 1072 643 1101 bomo
665 1071 747 1101 male
762 1069 899 1109 gratiam
917 1078 982 1098 ser-

209 1127 304 1158 vabat
314 1129 440 1166 propter
456 1125 627 1156 voluntatis
641 1124 875 1154 vertibilitatem
892 1133 898 1152 z
913 1122 982 1152 ideo

210 1180 347 1210 instituit
374 1179 456 1209 Deus
480 1179 688 1213 sacramenta,
715 1176 752 1205 ad
783 1184 856 1214 quae
886 1175 982 1204 homo

211 1241 378 1263 recurrens
393 1232 593 1270 recuperaret
605 1229 742 1268 gratiam
758 1239 765 1258 ·.
783 1230 813 1257 et
828 1228 871 1257 ita
885 1227 981 1257 mise-

210 1285 354 1316 ricordiae
375 1293 502 1323 magnae
525 1283 585 1313 fuit
608 1283 677 1312 baec
697 1282 860 1311 instituere
874 1304 881 1316 ,
915 1289 983 1309 ma-

210 1339 298 1368 xime
313 1338 387 1378 quia
402 1346 466 1367 nou
482 1337 585 1367 solum
597 1336 635 1365 ad
648 1334 866 1365 remissionem
880 1333 983 1372 culpae

210 1393 340 1429 faciunt,
357 1400 470 1421 verum
481 1390 576 1419 etiam
587 1389 626 1419 ad
639 1388 856 1419 remissionem
868 1395 981 1426 poenae.

214 1445 320 1475 Decuit
334 1444 430 1474 etiam
443 1443 611 1483 jiistitiam,
628 1442 701 1481 quia
719 1451 793 1471 cum
808 1441 846 1470 sit
864 1442 982 1479 Justus‚

212 1498 361 1536 exigebat
376 1497 514 1535 aliquam
530 1495 783 1526 humiliationem
793 1518 800 1531 ,
816 1503 872 1533 per
887 1502 983 1533 quam

213 1551 310 1581 homo
333 1559 365 1580 se
381 1549 419 1579 ad
444 1549 581 1587 gratiam
604 1548 799 1587 disponeret,
828 1548 858 1576 et
884 1555 985 1576 sacra-

214 1604 321 1632 menta
334 1600 532 1639 suscipiendo
543 1623 551 1636 ,
571 1599 660 1638 quasi
681 1608 720 1628 ex
741 1597 878 1637 quodam
894 1599 983 1636 pacto

213 1654 350 1694 gratiam
373 1653 541 1683 inveniret.
566 1651 674 1682 Decuit
697 1651 833 1690 denique
858 1650 985 1689 sapien-

212 1707 289 1737 tiam
308 1716 315 1736 z
330 1714 465 1736 summae
479 1705 564 1735 enini
579 1704 742 1743 sapientiae
758 1705 803 1733 cst
820 1704 854 1733 in
869 1703 918 1732 his
930 1703 982 1732 in-

212 1759 322 1790 venire
334 1759 529 1795 remedium,
547 1766 619 1797 quae
635 1757 763 1787 fuerunt
777 1756 898 1785 occasio
912 1755 981 1794 lap-

212 1822 287 1843 sus:
306 1814 342 1842 ut
362 1813 442 1842 sicut
463 1812 559 1842 homo
577 1820 633 1850 per
659 1811 785 1849 lignum
806 1809 927 1845 cecidit,
943 1809 986 1839 ita

213 1874 268 1905 per
283 1866 409 1904 lignum
430 1865 607 1895 remedium
627 1863 736 1893 salutis
749 1862 916 1892 inveniret.
935 1862 986 1892 Sic

213 1919 288 1957 quia
314 1919 410 1948 homo
435 1918 632 1948 occasionem
655 1917 761 1955 lapsus
775 1925 793 1946 a
808 1915 987 1945 visibilibus

213 1972 409 2010 sumpserat,
433 1970 537 2000 decuit
567 1970 709 2000 divinam
733 1968 921 2007 sapientiam
952 1968 986 1998 in

215 2023 332 2053 eisdem
353 2023 531 2053 remedium
555 2022 708 2051 invenire.
728 2021 905 2060 Expediens
927 2021 986 2050 fuit

216 2085 234 2105 a
249 2077 337 2115 parte
354 2075 478 2113 aegroti,
495 2074 571 2113 quia
585 2076 652 2103 erat
664 2083 765 2103 czecus
780 2073 883 2112 quoad
893 2073 988 2102 ratio-

217 2128 333 2164 nalem,
350 2128 419 2157 ideo
432 2127 503 2157 data
513 2129 588 2156 sunt
598 2126 626 2156 ei
640 2127 836 2155 sacramenta
851 2125 988 2155 visibilia

218 2179 257 2209 ad
271 2178 498 2214 eruditionem3
518 2179 584 2207 erat
601 2176 701 2207 elatus
724 2176 829 2215 quoad
844 2175 986 2205 irascibi-

218 2231 292 2268 lem,
310 2231 378 2261 ideo
391 2230 462 2260 data
475 2231 550 2259 sunt
561 2229 589 2259 ei
604 2231 799 2258 sacramenta
814 2228 988 2268 corporalia

219 2284 258 2314 ad
273 2283 322 2314 sui
338 2282 610 2319 humiliationem3
628 2284 693 2312 erat
710 2281 865 2311 fastiditus
884 2281 988 2320 quoad

220 2335 504 2376 concupiscibilem,
521 2337 629 2365 utnon
644 2336 787 2373 saperent
799 2334 825 2363 ei
839 2334 989 2373 spiritua-

220 2390 272 2427 lia,
289 2389 358 2419 ideo
372 2390 568 2418 sacramenta
590 2389 664 2417 sunt
680 2388 708 2417 ei
723 2387 795 2418 data
809 2387 847 2417 ad
863 2386 988 2417 exerci-

221 2442 390 2478 tationem,
412 2450 453 2471 ne
469 2441 547 2471 forte
568 2441 600 2470 in
616 2441 713 2471 unius
735 2440 832 2470 solius
860 2449 991 2480 percep-

222 2495 324 2531 tione,
347 2494 398 2524 vel
429 2493 618 2533 spiritalium
645 2495 770 2523 tantum
801 2493 992 2532 contempla-

255 2571 360 2599 ‘Arist„
373 2571 480 2601 Plzysic..
490 2570 532 2595 lib.
545 2571 563 2601 Ι,
574 2572 642 2594 cont.
656 2571 684 2601 5;
702 2571 768 2601 Tap„
780 2570 822 2593 lib.
840 2571 906 2600 rut,
920 2576 989 2595 c.1v.

225 2619 251 2624 -
270 2607 279 2622 Ξ
298 2607 374 2637 aug,
391 2606 434 2630 lib.
452 2606 469 2636 l,
487 2613 512 2637 p.
528 2613 563 2637 lx,
575 2613 597 2629 c.
613 2612 668 2630 v1u.

764 145 1074 181 SENTENTIARUM
1096 144 1168 176 LIB.
1193 143 1242 176 lv.

1032 212 1130 248 tione,
1155 211 1214 241 sibi
1237 214 1340 251 posset
1362 212 1523 242 fastidium
1536 212 1683 250 generari
1697 214 1727 243 et
1741 214 1799 243 tae-

1030 265 1129 295 dium.
1166 264 1238 295 Fuit
1271 274 1348 304 ergo
1387 265 1600 296 necessarium
1634 265 1799 296 instituere

1031 320 1226 348 sacramenta
1235 319 1418 349 necessitate
1429 318 1647 357 congruitatis,
1659 318 1799 349 [10111110-

1030 371 1240 409 vitabilitatis,
1256 371 1333 410 quia
1349 371 1431 402 Deus
1452 371 1624 411 potentiam
1643 379 1734 401 suam
1748 379 1800 401 sa-

1030 425 1199 455 cramentis
1213 433 1276 455 11011
1291 425 1445 464 alligavit,
1462 425 1545 455 sicut
1563 424 1636 454 dicit
1651 423 1802 464 Magister

1031 478 1063 508 in
1080 478 1194 508 littera.

1073 534 1101 561 1.
1119 530 1167 561 Ad
1182 530 1259 561 illud
1273 530 1358 569 quod
1371 530 1530 570 objicitur,
1547 530 1631 570 quod
1644 538 1710 560 non
1720 538 1804 560 com-

1032 584 1208 614 municavit
1229 584 1402 623 potentiam
1423 584 1607 620 creationis,
1633 583 1804 614 dicendum

1033 637 1118 676 quod
1140 637 1254 667 creatio
1276 638 1321 666 est
1341 646 1380 666 ex
1400 646 1465 666 non
1479 638 1551 667 ente
1569 648 1575 666 ;
1594 636 1664 667 ideo
1679 645 1745 666 non
1758 637 1805 666 est

1034 690 1077 720 ibi
1091 689 1268 720 necessaria
1279 689 1418 728 potentia
1432 690 1471 720 ad
1489 689 1731 729 disponendum,
1746 697 1806 719 nec

1034 745 1174 784 potentia
1186 744 1224 774 ad
1238 744 1489 780 informandum,
1505 743 1558 774 sed
1573 743 1677 774 solum
1692 744 1805 782 poten-

1034 798 1077 828 tia
1092 798 1130 828 ad
1145 797 1349 827 efficiendum
1365 806 1371 825 ι
1389 796 1475 833 ideo,
1492 799 1550 827 etc.
1572 795 1632 826 Sed
1649 795 1724 835 quia
1734 796 1806 834 jus-

1035 850 1162 881 tificatio
1183 852 1229 880 est
1249 849 1385 888 alicujus
1408 849 1488 879 entis
1501 849 1688 886 melioratio,
1706 849 1808 888 potest

1036 914 1101 934 esse
1121 904 1297 934 informans
1310 927 1318 941 ,
1345 905 1375 933 et
1399 902 1584 942 disponens,
1607 904 1638 932 et
1656 901 1805 932 efficiens.

1040 957 1213 987 lnformare
1228 956 1290 986 Deo
1304 965 1370 986 non
1382 956 1546 986 convenit:
1563 955 1633 985 ideo
1648 954 1708 985 hoc
1724 954 1810 985 dedit

1041 1011 1194 1039 creaturae
1204 1033 1211 1046 ‚
1226 1011 1261 1039 ut
1281 1009 1404 1047 gratiae.
1422 1008 1590 1048 Disponere
1605 1009 1749 1037 nostrum
1765 1008 1811 1038 est.

1038 1072 1111 1092 cum
1131 1062 1289 1101 adJutorio
1308 1061 1382 1098 Dei,
1399 1062 1451 1091 sed
1474 1062 1596 1091 efficere
1619 1060 1673 1091 Dei
1692 1059 1808 1090 solius:

1038 1115 1116 1144 nulli
1145 1123 1222 1152 ergo
1249 1114 1463 1144 communicat
1490 1113 1664 1153 potentiam
1693 1111 1811 1142 effecti-

1039 1176 1132 1203 vam;
1148 1167 1200 1197 sed
1223 1167 1274 1197 dat
1297 1166 1535 1198 insormativam
1550 1166 1662 1205 gratiae
1673 1189 1681 1203 ,
1700 1167 1730 1195 et
1744 1164 1811 1195 dis-

1039 1220 1206 1259 positivam
1225 1219 1439 1249 sacramentis.

1080 1275 1109 1303 2.
1126 1273 1170 1303 Ad
1190 1272 1267 1302 illud
1283 1272 1366 1311 quod
1387 1271 1549 1310 objicitur,
1565 1270 1649 1310 quod
1664 1270 1813 1300 nobilita-

1040 1327 1079 1356 tis
1090 1328 1135 1356 est
1146 1326 1269 1366 operari
1285 1334 1340 1365 per
1351 1324 1500 1364 pauciora
1511 1325 1531 1361 ¹,
1546 1323 1716 1354 dicendum
1727 1323 1811 1362 quod

1039 1389 1153 1410 verum
1176 1381 1232 1415 est,
1255 1378 1281 1408 si
1305 1387 1397 1417 aeque
1422 1378 1501 1407 bene
1518 1386 1574 1416 per
1595 1376 1745 1416 pauciora
1763 1385 1814 1406 res

1043 1433 1096 1462 fiat
1110 1442 1117 1462 ε
1130 1434 1160 1462 et
1176 1432 1252 1470 quia
1273 1432 1379 1461 nostra
1392 1429 1548 1469 reparatio
1559 1438 1623 1459 non
1638 1429 1674 1458 fit
1683 1428 1813 1459 omnino

1044 1485 1220 1515 secundum
1231 1483 1405 1523 potentiam
1419 1482 1555 1521 agentis,
1571 1481 1625 1512 sed
1635 1481 1811 1512 secundum

1040 1537 1287 1576 congruentiam
1311 1533 1490 1574 recipientis
1504 1558 1511 1570 ,
1528 1534 1604 1573 quia
1627 1536 1673 1564 est
1694 1533 1739 1563 ibi
1752 1533 1814 1563 mi-

1041 1589 1210 1620 sericordia
1224 1591 1255 1619 et
1266 1588 1381 1619 veritas
1392 1598 1398 1624 3
1412 1587 1482 1617 ideo
1495 1596 1561 1617 non
1569 1589 1695 1616 tantum
1705 1586 1814 1617 debuit

1040 1652 1107 1673 esse
1120 1641 1305 1681 justificatio
1319 1649 1373 1680 per
1396 1639 1664 1676 informationem,
1680 1647 1753 1678 quae
1768 1640 1814 1668 est

1041 1705 1096 1735 per
1109 1695 1253 1730 virtutes,
1269 1693 1321 1723 sed
1333 1695 1363 1723 et
1376 1702 1431 1732 per
1443 1692 1722 1732 praeparationem,
1738 1699 1812 1730 quae

1041 1752 1087 1778 est
1096 1757 1151 1788 per
1160 1749 1369 1777 sacramenta.
1380 1745 1436 1776 Vel
1446 1746 1547 1783 aliter,
1559 1747 1595 1775 ut
1603 1743 1781 1783 dicitHugo
1787 1745 1809 1781 ²,

1041 1802 1176 1832 virtutes
1197 1802 1271 1831 sunt
1291 1809 1380 1830 arma
1397 1799 1436 1829 ad
1459 1797 1672 1838 pugnandum
1683 1820 1691 1833 ‚
1707 1806 1812 1828 sacra-

1043 1856 1150 1884 menta
1171 1853 1209 1884 ad
1231 1852 1476 1884 defendendum.
1504 1850 1591 1881 Unde
1618 1851 1815 1881 sacramenta

1043 1908 1197 1946 adiuvant
1213 1906 1363 1945 gratiam,
1379 1907 1409 1935 et
1425 1905 1494 1935 ideo
1511 1913 1575 1934 non
1589 1903 1812 1943 superfluunt:

1043 1960 1128 2000 quod
1149 1962 1250 1999 patet,
1275 1959 1350 1998 quia
1369 1958 1472 1997 gratia
1495 1957 1576 1987 delet
1599 1956 1745 1995 culpam,
1761 1955 1815 1986 sed

1044 2022 1109 2044 non
1127 2012 1260 2043 absolvit
1274 2021 1292 2042 a
1307 2020 1412 2050 poena.
1441 2010 1682 2040 Sacramentum
1708 2010 1815 2038 tamen

1044 2065 1191 2105 baptismi
1202 2065 1388 2103 adjunctum
1403 2063 1514 2101 gratiae
1528 2062 1622 2092 solvit
1636 2071 1654 2092 a
1668 2070 1773 2101 poena.

1084 2122 1112 2148 3.
1127 2118 1173 2148 Ad
1189 2117 1267 2147 illud
1283 2117 1367 2156 quod
1383 2116 1543 2155 objicitur,
1565 2114 1650 2154 quod
1666 2116 1746 2144 esset
1765 2114 1815 2144 fa-

1045 2173 1134 2202 cilior
1146 2172 1209 2209 via,
1226 2170 1393 2201 dicendum
1405 2169 1488 2208 quod
1505 2169 1562 2199 etsi
1579 2169 1685 2208 plures
1699 2169 1814 2206 essent,

1045 2227 1152 2255 tamen
1168 2224 1256 2254 nulla
1272 2223 1315 2253 ita
1330 2223 1429 2258 bona,
1443 2222 1532 2252 nulla
1551 2222 1593 2252 ita
1615 2221 1712 2259 utilis,
1728 2220 1816 2251 nulla

1046 2278 1090 2308 ita
1105 2278 1228 2314 efficax,
1244 2278 1275 2306 et
1287 2275 1520 2315 compendiosa.
1535 2274 1702 2312 Praeterea,
1719 2273 1816 2304 homo

1046 2339 1116 2361 eam
1146 2329 1328 2364 nesciebat,
1354 2330 1385 2358 et
1408 2328 1445 2358 ad
1466 2326 1694 2367 inquirendum
1725 2326 1816 2366 piger

1047 2386 1132 2420 erat;
1157 2382 1226 2413 ideo
1259 2381 1419 2421 opportuit
1447 2383 1477 2411 et
1505 2379 1665 2420 expedivit
1695 2381 1732 2409 ut
1757 2378 1815 2409 sibi

1047 2436 1282 2471 ostenderetur,
1299 2437 1330 2465 et
1346 2434 1385 2464 ad
1400 2443 1469 2464 eam
1490 2442 1546 2473 per
1558 2433 1752 2472 praeceptum
1767 2431 1815 2461 in-

1046 2490 1212 2525 vitaretur,
1244 2487 1383 2517 1113Χίωο
1410 2485 1538 2526 quando
1566 2485 1663 2515 homo
1693 2483 1816 2523 indiget

1048 2541 1225 2573 necessario
1240 2540 1355 2570 effectu
1368 2537 1567 2570 sacramenti.

1090 2597 1119 2625 4.
1137 2594 1183 2624 Ad
1202 2593 1280 2624 illud
1303 2593 1388 2634 quod
1410 2591 1556 2632 objicitur
1585 2590 1623 2621 de
1648 2589 1814 2629 mandatis,
