2017 2948
81 973 114 993 Ad
134 979 183 1000 opp.

629 151 723 182 DIST.
748 150 798 181 IX.
823 150 937 182 PART.
963 150 985 181 I.
1011 151 1099 182 ART.
1121 151 1144 182 I.
1168 151 1316 188 QUAEST.
1341 152 1364 182 I.

203 218 321 257 patitur
342 219 467 259 eulpam
482 227 491 249 :
507 226 586 258 ergo
610 218 785 258 baptismus
798 218 880 249 delet
899 227 970 249 om-

203 280 277 301 nem
292 271 430 311 culpam.

244 324 336 361 Item,
353 325 643 364 quantulacumque
660 324 763 363 gratia
778 323 860 354 delet
874 333 968 354 omne

204 377 352 415 mortale,
369 379 399 407 et
413 377 508 407 etiam
523 376 646 406 veniale
659 400 667 414 ‚
685 376 722 406 de
744 386 808 416 quo
823 379 868 407 θεῖ
890 386 968 407 con-

202 430 286 460 tritio
298 441 303 460 :
319 438 396 469 ergo
407 430 433 459 si
443 432 677 459 sacramentum
686 429 833 468 baptismi
849 429 967 468 aliquid

201 484 305 520 addit,
329 483 454 514 videtur
470 483 553 523 quod
569 482 669 513 deleat
682 491 811 512 omnem
828 483 966 522 culpam.

242 536 318 567 Item
329 538 559 567 sacramentum
571 535 718 574 baptismi
730 536 777 566 est
790 535 967 566 remedium

201 590 384 629 perfectum,
403 598 475 620 cum
490 589 529 619 sit
544 588 787 619 fundamentum
801 588 885 627 IegiS
900 598 970 628 per—

199 642 358 673 fectionis:
373 651 453 681 ergo
467 651 539 673 cum
551 641 708 680 originale
723 643 887 681 peceatum
901 641 966 681 pri-

201 695 325 726 vaverit
338 695 502 726 hominem
517 693 697 725 innocentia
711 694 826 724 directe
838 696 870 725 et
884 694 968 734 prin-

200 748 357 787 cipaIIter‚
383 756 447 778 non
470 747 550 778 delet
568 746 703 786 perfecte
726 747 882 786 originale
907 747 968 778 nisi

199 801 393 831 restituendo
408 801 621 832 innocentiam
640 811 646 830 ε
665 800 719 831 sed
733 809 798 830 non
813 803 860 831 est
873 801 968 832 inno-

199 864 271 885 cens
286 854 480 894 simplicitcr,
496 854 555 884 nisi
571 854 626 894 qui
643 855 727 884 caret
747 854 833 884 omni
850 853 941 893 culpa
959 865 965 885 :

199 916 297 946 ergo,
314 909 372 937 etc.

239 960 352 991 Contra
369 971 375 990 :
400 959 602 990 Diversorum
623 960 809 990 morborum
831 960 964 992 diversae

200 1016 273 1045 sunt
294 1013 479 1051 medicinae,
502 1013 581 1043 sicut
605 1013 677 1043 dicit
701 1013 912 1053 Hieronymus
930 1015 935 1030 ¹
957 1023 964 1044 :

203 1080 217 1096 α
241 1067 328 1104 Quod
353 1076 417 1097 non
450 1068 539 1096 sanat
566 1066 714 1103 oculum,
746 1068 837 1097 sanat
864 1067 965 1097 calca-

199 1130 331 1151 neum.»
347 1120 432 1158 Ergo
448 1129 520 1149 cum
536 1119 636 1158 culpae
661 1119 724 1149 sint
739 1119 884 1157 diversae,
902 1130 966 1151 nou

198 1176 320 1204 tantum
336 1173 452 1213 specie,
471 1172 524 1203 sed
542 1181 673 1211 genere,
700 1174 808 1212 utpote
825 1174 964 1213 origum-

197 1228 255 1264 lis,
272 1230 302 1258 ct
323 1227 472 1264 actualis,
498 1229 529 1257 et
557 1227 717 1264 mortalis;
742 1236 821 1266 ergo
844 1229 882 1258 ad
906 1229 966 1260 boc

199 1281 282 1321 quod
307 1282 475 1318 curentur,
503 1289 629 1310 necesse
647 1282 693 1310 est
724 1281 807 1319 quod
831 1281 966 1313 diversae

198 1334 408 1364 adhibeantur
422 1333 599 1373 spirituales
614 1333 778 1363 medicinae
794 1343 801 1363 t
819 1334 871 1365 sed
888 1335 964 1375 bap-

198 1388 309 1418 tismus
324 1388 371 1430 est
385 1387 516 1417 unleum
532 1388 766 1416 sacramentum
781 1397 787 1417 z
805 1395 882 1426 ergo
901 1396 965 1418 non

197 1441 277 1472 delet
292 1449 421 1471 omnem
435 1439 575 1478 culpam.

238 1494 336 1531 Item,
353 1493 456 1532 gratia
477 1493 672 1532 baptismalis
695 1495 741 1522 est
766 1493 870 1531 gratia
890 1494 966 1524 inci-

198 1548 373 1588 pientium:
389 1546 441 1577 sed
453 1548 554 1576 status
570 1546 789 1586 incipientium
802 1547 906 1586 magis
921 1551 967 1578 est

198 1601 425 1642 compassibilis
455 1601 574 1640 culpae,
607 1609 704 1639 quam
735 1600 965 1639 proficientium

197 1660 227 1688 et
250 1656 476 1696 perfectorum3
502 1656 532 1684 et
558 1654 661 1693 gratia
686 1653 840 1693 incipiens
862 1655 966 1693 magis

200 1708 389 1749 compatitur
416 1707 543 1747 culpam
556 1730 563 1743 ‚
593 1715 690 1746 quam
721 1706 889 1745 proficiens
916 1707 966 1737 vel

198 1762 358 1802 perfecta:
388 1761 441 1791 sed
467 1760 570 1799 gratia
592 1759 625 1789 in
648 1759 906 1799 proficientibus,
936 1762 967 1789 et

198 1816 292 1846 etiam
308 1813 463 1855 perfectis,
476 1812 668 1852 compatItur
677 1812 815 1851 aliquam
828 1811 963 1851 culpam,

197 1868 313 1898 scilicet
329 1867 484 1898 venialem
498 1875 506 1896 2
523 1874 602 1904 ergo
620 1865 719 1895 multo
734 1865 845 1895 fortius
861 1865 966 1904 gratia

197 1919 400 1960 baptismalis.

238 1973 327 2010 Item,
342 1975 408 2003 esto
423 1971 506 2012 quod
521 1971 636 2010 ailquis
651 1970 775 2001 accedat
796 1971 834 2001 ad
854 1971 966 2010 baptis-

197 2037 285 2058 mum
302 2035 374 2057 cum
390 2027 479 2056 motu
500 2024 631 2055 venialis
649 2024 777 2063 peccati,
795 2026 851 2054 aut
871 2024 965 2054 datur

196 2081 223 2111 ei
246 2080 376 2111 effectus
402 2078 608 2115 sacramenti,
631 2078 685 2108 aut
710 2085 795 2107 non:
824 2077 850 2106 si
875 2086 939 2107 non
954 2101 962 2115 ‚

195 2143 273 2172 ergo
297 2135 342 2163 est
366 2133 478 2163 fietus:
502 2131 553 2162 sed
577 2131 770 2171 quicumque
794 2132 841 2160 est
859 2131 962 2169 fictus,

194 2188 300 2226 peccat
322 2184 495 2216 mortaliter
518 2194 524 2215 z
551 2193 630 2223 ergo
652 2183 776 2213 vcmale
798 2185 964 2222 peecatum

194 2239 238 2269 illi
261 2241 307 2269 est
327 2238 458 2268 mortale
475 2247 482 2268 :
506 2237 591 2277 quod
611 2236 741 2267 stultum
765 2236 913 2274 videtur,
938 2237 961 2266 si

195 2292 266 2332 quis
284 2292 343 2322 boc
366 2291 455 2329 dicit,
482 2291 557 2331 quia
580 2290 617 2321 ad
642 2289 721 2320 nihil
744 2298 866 2320 novum
888 2289 965 2320 obli-

194 2349 300 2385 gatur.
318 2346 349 2376 Si
365 2347 472 2375 autem
489 2354 551 2375 nou
571 2347 617 2375 est
630 2345 738 2382 fietus,
756 2353 835 2383 ergo
854 2345 964 2384 recipit

195 2400 327 2440 gratiam
342 2409 349 2429 :
366 2401 395 2429 et
407 2400 553 2429 constans
565 2400 623 2436 est,
635 2398 718 2438 quod
735 2398 787 2428 illa
803 2407 865 2428 non
881 2398 964 2429 delet

194 2453 330 2493 culpam,
352 2452 426 2493 quia
443 2454 518 2482 tunc
533 2451 626 2482 simul
645 2453 737 2489 esset,
754 2453 783 2481 et
803 2460 867 2481 non
883 2454 963 2481 esset

194 2507 264 2538 talis
279 2506 371 2546 culpa
385 2514 392 2535 :
410 2514 488 2544 ergo
505 2504 607 2543 gratia
621 2504 814 2543 baptismalis
834 2513 897 2535 non
912 2504 964 2535 ‹le-

195 2560 236 2591 let
247 2568 375 2591 omnem
391 2558 528 2597 culpam.

227 2624 233 2640 ¹
250 2624 364 2655 Hieron,
377 2631 401 2647 m
417 2623 505 2651 Mat-c„
517 2629 540 2646 c.
555 2627 590 2646 ιε.
602 2635 627 2639 —-
639 2621 647 2635 ²
659 2621 735 2652 Rom„
747 2627 770 2649 v,
785 2622 822 2644 ¹5.

1738 156 1795 184 329

1066 217 1161 256 Item,
1186 218 1212 248 si
1240 218 1414 258 baptismus
1436 219 1554 250 deleret
1578 229 1706 251 omnem
1732 221 1795 251 cul—

1025 280 1109 310 pam,
1127 280 1198 302 cum
1216 274 1411 302 sacramenta
1430 281 1494 303 non
1511 273 1572 303 sint
1586 273 1676 304 nobis
1690 282 1796 304 neces-

1024 324 1106 354 saria
1125 324 1185 354 nisi
1200 324 1239 354 ad
1253 325 1378 364 culpam
1399 325 1583 363 delendam,
1600 327 1674 366 qnia
1689 328 1714 357 si
1730 337 1793 358 non

1025 380 1105 408 esset
1114 380 1287 417 peccatum,
1297 387 1361 408 non
1372 380 1451 408 esset
1459 382 1704 417 sacramentum,
1714 391 1793 420 ergo

1024 434 1138 462 caetera
1153 432 1365 471 superfluunt.
1384 431 1421 462 Et
1435 432 1503 462 ideo
1519 432 1674 471 quaeritur
1684 435 1792 464 utrum

1023 485 1093 514 talis
1108 485 1237 515 effectus
1251 485 1396 516 debuerit
1410 484 1505 515 alicui
1526 487 1721 515 sacramento
1737 495 1791 525 ap-

1023 538 1179 577 propriari
1208 538 1246 578 (a)
1260 561 1269 576 ,
1293 539 1324 569 et
1347 547 1445 578 quare
1471 538 1574 577 magis
1598 541 1793 569 sacramento

1023 590 1170 629 baptismi
1184 614 1190 626 ,
1209 600 1305 630 quam
1318 591 1410 622 alicui
1425 591 1571 622 aliorum.

1296 706 1516 738 CONCLUSIO.

1022 791 1174 825 Baptismus
1190 790 1270 824 diane
1284 792 1453 825 suscipientis
1468 799 1566 819 omnem
1583 792 1650 819 delet
1670 792 1775 827 culpam
1787 812 1793 824 ,

1059 836 1082 860 et
1105 836 1262 861 restituitur
1285 835 1359 861 homo
1391 836 1420 862 in
1440 837 1590 870 pristinam
1616 837 1794 863 innocentiam

1058 880 1185 913 quantum
1199 879 1236 905 ad
1251 880 1378 905 αηίιηαηι.

1064 962 1211 1002 Resp..ad
1226 973 1297 1002 arg.
1315 963 1488 995 Dicendum
1507 965 1609 1004 quod,
1628 965 1708 995 sicut
1722 974 1794 995 auc-

1024 1016 1162 1046 toritates
1191 1016 1298 1047 dicunt
1310 1040 1318 1054 ,
1345 1019 1373 1047 et
1411 1018 1555 1056 magistri
1584 1019 1794 1048 communiter

1023 1071 1178 1106 asserunt,
1197 1069 1229 1099 in
1252 1072 1449 1101 sacramento
1470 1071 1634 1111 baptismi,
1658 1081 1682 1101 ει
1705 1071 1794 1111 plene

1023 1123 1196 1162 percipitur
1210 1124 1279 1161 ejus
1291 1123 1428 1153 efficacia
1441 1126 1470 1153 ct
1486 1124 1673 1162 remedium,
1690 1125 1794 1154 omnis

1023 1176 1113 1215 culpa
1133 1176 1255 1206 <cicietur
1266 1201 1273 1212 ,
1290 1179 1320 1206 et
1335 1178 1513 1207 restituitur
1528 1178 1624 1208 homo
1644 1178 1674 1208 in
1692 1178 1794 1217 pristi-

1022 1238 1097 1259 nam
1114 1230 1326 1260 innocentiam
1352 1234 1510 1270 quantum
1534 1232 1572 1261 ad
1593 1232 1744 1262 animam.
1761 1231 1792 1262 Si

1022 1285 1184 1322 qureratur
1208 1284 1287 1313 rati0
1310 1284 1409 1322 hujus
1432 1286 1560 1323 propter
1574 1285 1666 1324 qiud,
1690 1285 1793 1315 dlcen-

1022 1337 1099 1366 dum
1122 1337 1205 1375 quod
1228 1337 1326 1375 hujus
1350 1336 1430 1367 ratio
1450 1337 1585 1367 causalis
1605 1338 1663 1367 fuit
1687 1338 1794 1369 divina

1022 1389 1207 1423 liberalitas,
1244 1399 1316 1429 quae
1343 1392 1462 1420 tantam
1494 1390 1568 1421 huic
1598 1394 1793 1422 sacramento

1022 1442 1153 1473 contulit
1170 1443 1351 1473 efficaciam.
1367 1443 1398 1473 Si
1412 1446 1519 1474 autem
1533 1447 1696 1483 quaeratur
1715 1445 1793 1475 ratio

1022 1495 1137 1534 hujus,
1164 1498 1262 1535 potest
1287 1497 1473 1535 congruitas
1492 1497 1604 1536 triplex
1624 1497 1791 1536 assignari.

1024 1547 1129 1578 Prima
1145 1552 1244 1588 praest
1258 1559 1325 1580 esse
1338 1560 1378 1579 ex
1392 1552 1479 1589 purte
1493 1551 1570 1589 ejus,
1587 1554 1696 1581 contra
1710 1552 1792 1591 quod

1023 1603 1197 1642 baptismus
1213 1607 1259 1633 est
1278 1614 1284 1633 ς
1308 1603 1484 1642 baptismus
1503 1605 1587 1634 cuim
1611 1605 1735 1644 proprie
1750 1607 1795 1635 est

1022 1658 1132 1686 contra
1147 1656 1322 1695 originale,
1341 1657 1426 1696 quod
1440 1657 1521 1687 iuter
1542 1657 1650 1687 omnia
1670 1660 1795 1697 peccata

1022 1712 1146 1750 pejores
1163 1710 1195 1739 iu
1211 1710 1318 1740 anima
1334 1710 1462 1749 reliquit
1483 1711 1638 1750 serpwlas,
1655 1713 1685 1741 et
1702 1713 1750 1751 cuj
1758 1721 1793 1742 us

1023 1763 1182 1802 corruptio
1201 1765 1247 1793 est
1261 1763 1450 1793 universalis
1471 1766 1501 1793 et.
1522 1773 1659 1803 magna:
1678 1766 1709 1795 et
1725 1764 1794 1795 ideo

1023 1826 1202 1856 congruum
1228 1817 1304 1854 suit,
1332 1818 1369 1847 ut
1396 1816 1476 1847 Deus
1494 1826 1622 1856 nvagnae
1646 1818 1792 1848 efficaciae

1023 1870 1199 1900 remedium
1218 1869 1395 1899 institueret
1418 1869 1449 1899 in
1468 1870 1677 1907 contrarium,
1698 1872 1734 1900 ut
1756 1871 1795 1900 si-

1022 1925 1076 1954 cut
1091 1924 1122 1953 iu
1139 1923 1340 1962 corruptione
1357 1923 1440 1953 illius
1455 1923 1558 1953 morbi
1576 1923 1793 1954 manifestatur

1022 1976 1112 2015 rigor
1126 1976 1407 2015 dlvincejuslilize,
1428 1976 1470 2005 sic
1486 1977 1580 2006 etiam
1598 1976 1631 2013 in
1655 1977 1794 2007 remedio

1022 2030 1273 2060 manifestaretur
1304 2030 1434 2059 dulcedo
1468 2030 1587 2060 divinae
1619 2031 1795 2061 misericor-

1021 2083 1097 2119 diae,
1116 2086 1150 2112 ut
1172 2091 1234 2111 non
1251 2082 1354 2112 solum
1372 2083 1415 2112 illi
1432 2083 1578 2113 morbum
1591 2108 1599 2121 ,
1617 2084 1670 2114 sed
1685 2085 1793 2115 omnia

1021 2145 1093 2176 quae
1117 2139 1356 2175 consequuntur
1371 2146 1515 2173 annexa,
1540 2137 1637 2176 hujus
1662 2137 1791 2168 remedii

1022 2189 1138 2219 virtute
1154 2189 1328 2219 deleantur.
1348 2189 1382 2219 Et
1400 2190 1458 2219 hoc
1474 2193 1519 2220 cst
1535 2191 1619 2230 quod
1634 2191 1766 2221 (lleitur¹
1784 2203 1788 2221 :

1021 2243 1091 2274 Non
1111 2243 1194 2274 sicut
1215 2242 1383 2279 (telletum,
1404 2244 1452 2274 ita
1471 2246 1499 2274 ec
1518 2243 1651 2282 dommi,
1668 2247 1725 2275 etc,
1744 2244 1794 2274 Sp-

1021 2295 1122 2325 cunda
1141 2296 1323 2334 congruitas
1348 2298 1396 2326 est
1416 2297 1537 2327 ratione
1562 2299 1632 2336 eius
1654 2297 1691 2327 ad
1710 2298 1791 2336 quod

1021 2350 1085 2385 est,
1103 2348 1218 2378 seilicet
1234 2349 1272 2378 ad
1296 2350 1564 2388 regenerandum.
1582 2350 1670 2380 Unde
1684 2351 1717 2380 in
1734 2350 1793 2381 hoc

1020 2404 1216 2432 sacramento
1247 2404 1437 2433 transfertur
1467 2403 1563 2434 honio
1593 2414 1611 2433 a
1640 2405 1791 2442 potestate

1020 2455 1223 2486 tenebrarum
1239 2456 1271 2486 in
1285 2456 1487 2495 adoptionem
1511 2457 1650 2487 tiliorum
1665 2456 1736 2495 Dei,
1761 2460 1793 2488 θῖ

1020 2508 1158 2538 maxime
1174 2509 1314 2547 aperitur
1329 2509 1461 2547 largitas
1483 2509 1600 2539 (livinae
1625 2518 1739 2540 manus
1757 2510 1790 2540 in

1052 2591 1082 2617 (a)
1108 2588 1178 2612 Edit.
1205 2588 1260 2611 Vct-:l
1286 2588 1450 2618 appropiari:
1476 2588 1543 2611 Edu.
1575 2589 1649 2613 Vulzc.
1675 2590 1789 2615 debuerit

1019 2623 1072 2647 dari
1088 2623 1160 2647 alicui
1173 2625 1342 2647 sacramento.

1810 2203 1874 2228 (long.
1893 2202 1913 2222 Ξ.
