2017 2948
703 173 890 204 DlSTlNCT.
913 173 976 204 XV.
1001 172 1113 203 PARS.
1140 173 1162 204 1.

175 244 268 283 Resp.
298 242 470 273 Dicendum
502 240 587 280 quod
613 240 774 270 tribulatio
800 242 902 279 potest

134 296 381 338 quadrupliciter
405 293 564 333 intelligi:
598 295 653 324 aut
680 296 836 333 quantum
863 294 902 324 ad

133 351 311 390 subjectum
330 348 479 388 punitum
487 356 496 385 3
518 349 571 377 aut
593 347 750 386 quantum
774 346 813 376 ad
833 355 903 377 mo·-

133 404 210 434 dum
232 401 397 442 puniendi3
418 403 471 430 aut
495 399 667 430 secundum
687 399 901 429 diversitatem

132 458 251 493 status;
267 457 322 486 aut
336 453 510 484 secundum
526 452 761 492 proportionem
776 452 815 482 ad
835 461 902 482 me—

131 509 241 539 ritum.
254 508 325 538 Dico
340 507 450 546 igitur,
468 505 551 545 quod
566 505 667 535 tribus
682 505 783 535 modis
796 505 899 544 dupli-

132 564 219 592 catur
232 572 239 592 :
257 562 310 591 aut
325 559 502 599 duplicatur
516 560 672 598 quantum
689 557 728 588 ad
741 558 899 595 effectum,

132 615 206 655 quia
219 613 337 653 duplex
353 614 399 643 est
409 611 548 642 hominis
561 620 643 651 parS,
659 610 775 640 scilicet
788 620 901 650 corpus

131 670 161 698 et
182 667 304 704 anima,
329 667 359 696 et
386 665 502 704 duplex
527 664 575 695 vis
596 664 629 694 in
648 663 746 694 libero
770 663 901 693 arbitrio

130 724 298 762 peccante:
322 721 390 751 ideo
411 719 544 759 punitur
567 719 664 749 homo
686 718 719 747 in
741 718 850 748 anima
872 720 901 747 et

130 784 278 814 corpore,
293 776 326 805 in
341 775 461 805 ratione
475 775 505 803 et
520 772 702 802 voluntate:
724 773 754 801 et
777 771 834 801 iste
855 773 901 801 est

130 839 215 861 unus
238 830 350 860 modus
373 828 564 868 duplicandi.
586 826 656 857 Alio
678 826 772 856 modo
794 826 898 865 dupli-

130 885 219 914 catur
240 885 396 922 quantum
415 881 454 911 ad
476 880 606 910 modum
629 879 801 919 puniendi,
825 879 901 918 quia

129 944 185 975 per
208 935 396 971 carentiam,
421 936 452 964 et
469 933 622 969 calorem;
640 941 695 972 per
716 932 846 971 ignem,
870 933 901 962 et

129 988 247 1027 frigus:
265 988 345 1018 sicut
365 986 505 1027 peccavit
524 995 580 1026 per
594 985 752 1023 timoren]⁷
770 987 800 1015 et
815 994 899 1014 anio-

128 1050 208 1072 rem‚
235 1040 340 1071 Tertio
362 1040 455 1070 modo
476 1039 654 1079 duplicatur
682 1040 838 1077 quantum
860 1037 898 1067 ad

129 1097 266 1132 statum,
281 1094 358 1133 quia
372 1092 502 1132 punitur
526 1092 596 1131 quis
610 1092 642 1121 in
662 1091 828 1131 praesenti,
845 1093 876 1120 et
887 1114 896 1128 ,

129 1147 153 1177 si
178 1149 226 1178 est
244 1146 462 1186 impoenitens,
484 1145 618 1184 punitur
638 1145 673 1175 in
694 1144 813 1175 futuro.
838 1143 900 1174 Sed

128 1202 283 1240 quantum
298 1199 336 1230 ad
351 1199 589 1239 proportionem
611 1198 650 1228 ad
667 1197 816 1228 meritum
834 1206 898 1228 non

128 1255 299 1291 consurget
324 1252 443 1291 duplex
466 1251 644 1287 tribulatio,
677 1251 752 1290 quia
776 1259 900 1290 semper

129 1307 212 1336 Deus
230 1305 323 1345 punit
343 1305 421 1335 citra
437 1303 634 1343 condignum
651 1312 659 1334 t
681 1305 710 1334 et
731 1303 791 1333 hoc
805 1303 899 1334 modo

128 1358 317 1397 intelligitur
331 1358 500 1388 auctoritas
521 1357 694 1397 prophetae.
715 1356 897 1388 Secundum

128 1412 204 1443 alias
225 1412 293 1442 vias
314 1411 424 1442 multae
441 1411 649 1442 inveniuntur
673 1410 896 1441 auctoritates:

128 1467 172 1497 sic
194 1468 241 1496 est
261 1465 356 1496 etiam
377 1464 622 1503 intelligendum
646 1464 766 1495 dictum
792 1463 900 1494 Hiero-

128 1519 217 1560 nymi
233 1527 378 1559 sequens.

451 1602 519 1623 DUB.
544 1602 576 1622 11.

221 1666 336 1697 Quinque
353 1666 421 1689 enim
434 1665 515 1689 modis
530 1664 629 1696 flagella
647 1664 805 1695 contingunt.

169 1733 298 1764 Videtur
332 1731 560 1763 insufficienter
593 1733 727 1770 tangere
762 1731 872 1761 modos
887 1754 896 1768 ,

129 1795 202 1817 cum
230 1786 331 1816 multo
354 1786 461 1824 plures
486 1784 644 1823 assignari
668 1784 799 1823 possint.
829 1784 900 1814 Fla-

129 1840 212 1878 gella
226 1839 312 1869 enim
328 1840 401 1868 sunt
416 1837 454 1867 ad
470 1837 568 1867 vitam
587 1839 740 1867 aeternam
755 1837 899 1867 ordinata

129 1892 167 1921 ad
183 1891 401 1931 probationem
414 1913 421 1927 ‚
438 1892 468 1920 et
483 1889 521 1919 ad
542 1890 643 1919 multa
664 1889 740 1926 alia,
758 1898 830 1929 quae
848 1889 899 1919 hic

130 1953 194 1975 non
209 1945 403 1982 tanguntur:
420 1951 499 1982 ergo
515 1942 639 1974 videtur
652 1943 735 1982 quod
749 1943 788 1973 sit
804 1943 900 1973 insus—

130 1998 248 2028 ficiens.

169 2050 261 2090 Resp.
284 2050 455 2081 Dicendum
477 2050 562 2090 quod
584 2050 734 2081 utilitates
756 2050 899 2089 flagello·

129 2113 203 2135 rum
226 2105 358 2143 possunt
380 2103 476 2142 accipi
495 2111 536 2133 ex
559 2102 729 2142 Scriptnris
744 2103 776 2133 in
799 2113 896 2142 gene-

130 2157 197 2194 rali,
214 2156 265 2187 vel
280 2156 313 2186 in
328 2156 466 2195 speciali.
481 2156 515 2186 In
531 2156 671 2195 generali
686 2166 797 2187 omnes
812 2157 896 2188 modi

128 2209 309 2249 flagellandi
325 2210 361 2240 ad
381 2209 439 2240 hos
454 2209 667 2247 reducuntur3
682 2213 711 2239 et
725 2209 785 2240 hoc
801 2213 896 2249 patet,

129 2263 154 2293 si
169 2262 382 2293 consideretur
403 2262 601 2293 sufficientia.
619 2264 718 2293 Omne
735 2263 820 2293 enim
838 2264 896 2295 ssa-

130 2315 251 2355 gellum
266 2315 424 2354 contingit
436 2338 444 2352 ,
460 2317 491 2345 et
510 2317 556 2345 est
570 2315 751 2346 ordinatum
763 2340 770 2354 ⁷
787 2319 841 2347 aut
856 2317 895 2347 ad

128 2368 295 2399 utilitatem
310 2367 474 2407 flagellati,
498 2370 553 2398 aut
568 2368 606 2398 ad
628 2369 764 2407 gloriam
780 2369 896 2409 flagel-

128 2422 232 2453 lantis.
248 2420 280 2451 Si
295 2421 333 2452 ad
347 2421 513 2452 utilitatem
528 2421 689 2460 flagellati,
705 2425 760 2453 aut
776 2426 811 2454 ut
826 2433 896 2464 pro-

129 2476 296 2507 moveatur
312 2474 346 2505 in
360 2474 463 2513 bono,
481 2477 512 2504 et
526 2475 570 2505 sic
584 2475 705 2514 primus
720 2477 833 2507 modus
843 2501 852 2515 ,
867 2480 898 2508 et

161 2574 282 2603 ¹Jerem.,
300 2580 334 2602 Vl,
349 2574 372 2597 8,
387 2586 417 2591 —-
432 2573 440 2587 ²
458 2573 521 2596 Psnl.
540 2579 583 2603 xv,
602 2574 623 2596 l.
637 2587 667 2591 -
684 2574 692 2587 ³
711 2574 798 2604 ΕςσΙιζ,
815 2581 898 2606 xxvn,

130 2610 152 2633 G.
163 2622 190 2626 —-
205 2610 215 2626 δ
228 2609 289 2639 dac„
306 2615 324 2640 1,
339 2610 362 2632 2.
375 2621 404 2626 -
418 2609 427 2626 ⁵
442 2609 501 2638 lm„
517 2610 700 2639 xxv111,19.—
713 2610 721 2623 ὃ
739 2609 843 2640 Jobl.v1‚
860 2612 896 2635 10.

129 2644 178 2664 —-⁷
193 2644 284 2675 [ι’-ταώ,
297 2650 315 2676 1,
330 2646 402 2670 12—
415 2644 426 2662 ⁸
437 2644 540 2675 Matth..
553 2646 663 2675 ν,10.-
674 2645 845 2676 ⁹11001·.‚1v,
860 2649 895 2672 17.

1672 178 1728 207 587

959 243 1004 270 est
1024 241 1205 279 exemplum
1221 241 1257 271 de
1277 241 1357 278 Joh3
1380 245 1435 272 aut
1455 245 1490 272 ut
1503 246 1726 282 conservetur,

959 293 1046 323 etsie
1065 294 1240 331 secundus,
1259 298 1289 324 et
1309 296 1355 324 est
1379 296 1560 335 exemplum
1584 296 1616 326 in
1637 297 1729 328 beato

960 346 1072 383 Paulo;
1089 350 1143 377 aut
1166 349 1201 377 ut
1221 347 1390 377 reducatur
1412 348 1450 377 ad
1473 349 1592 378 bonum
1605 373 1612 387 ,
1631 352 1661 379 et
1686 350 1730 380 sic

959 400 1088 438 tertius,
1109 403 1139 431 et
1159 402 1206 431 est
1229 400 1412 440 exemplum
1433 401 1466 430 in
1494 401 1592 432 Maria
1623 412 1729 434 sorore

959 452 1075 492 Moysi3
1094 456 1150 483 aut
1169 454 1207 484 ad
1228 453 1365 492 gloriam
1385 454 1575 492 flagellantis
1589 478 1596 492 ‚
1620 458 1650 486 et
1670 456 1729 486 hoc

958 505 1143 545 dupliciter:
1162 509 1216 537 aut
1238 509 1273 536 ut
1298 507 1515 537 manifestetur
1540 509 1679 546 potentia
1698 510 1730 539 in

958 559 1136 590 miserendo
1147 583 1156 597 ,
1178 563 1209 590 et
1223 560 1267 590 sic
1283 562 1328 590 est
1344 561 1479 599 quartus
1490 585 1498 598 ,
1516 562 1545 590 et
1560 562 1606 591 est
1621 570 1728 591 exem-

958 613 1044 652 plum
1059 613 1091 642 in
1114 622 1196 643 caeco
1216 615 1307 650 nato,
1325 622 1420 652 quem
1440 612 1591 643 Dominus
1610 613 1728 644 illumi-

958 666 1065 702 navit3
1083 668 1138 695 aut
1159 669 1194 696 ut
1218 666 1432 696 manifestetur
1447 666 1585 705 potentia
1602 666 1635 696 in
1647 667 1729 706 judi-

957 718 1056 749 cando
1068 742 1075 756 ,
1093 721 1123 748 et
1147 719 1190 748 sic
1206 720 1253 749 est.
1271 719 1400 758 quintus
1413 742 1420 756 ,
1439 721 1469 749 et
1483 721 1530 749 est,
1544 720 1730 760 exemplum

957 773 990 802 in
1004 772 1170 802 Antiocho.
1194 772 1293 802 Aliter
1307 775 1439 811 possunt
1461 772 1638 811 distingui,
1655 774 1729 813 quia

957 834 1051 855 omne
1073 825 1239 864 flagellum
1258 827 1313 855 aut
1337 827 1384 855 est
1406 825 1589 856 ordinatum
1611 826 1650 856 ad
1673 827 1727 857 bo-

957 885 1054 914 num,
1072 879 1125 906 aut
1141 878 1249 906 contra
1266 876 1401 906 malum:
1420 877 1445 906 si
1466 877 1506 907 ad
1521 877 1658 916 honum,
1676 880 1730 908 aut

956 930 1230 969 promovendum,
1267 932 1321 960 aut
1352 930 1631 961 demonstrandum
1655 942 1660 961 :
1703 932 1729 961 si

955 984 1064 1011 contra
1088 982 1224 1018 malum,
1250 984 1304 1012 aut
1326 982 1528 1020 evitandum,
1549 986 1605 1013 aut
1628 983 1726 1014 corri-

957 1034 1117 1072 gendum,
1143 1037 1199 1065 aut
1222 1035 1468 1065 vindicandum:
1497 1038 1527 1066 et
1553 1036 1729 1067 secundum

956 1088 1015 1118 hoc
1032 1088 1232 1128 accipiuntur
1255 1088 1398 1128 quinque
1420 1089 1514 1119 modi.
1543 1089 1630 1120 Unde
1655 1098 1728 1120 ver-

956 1151 1029 1171 sus:

987 1230 1035 1254 Job
1050 1230 1150 1261 probat,
1164 1231 1266 1255 inclinat
1281 1232 1396 1260 Paulum,
1414 1233 1555 1263 purgatque
1572 1233 1677 1256 Mariam
1690 1240 1696 1256 2

988 1266 1115 1290 Herodem
1130 1267 1220 1297 punit,
1236 1266 1261 1290 in
1277 1273 1385 1302 crecose
1400 1267 1553 1292 manifestat.

997 1354 1077 1385 Sunt
1091 1357 1121 1385 et
1144 1355 1198 1385 alii
1221 1355 1305 1386 modi
1325 1356 1488 1395 speciales.
1506 1359 1536 1387 et
1556 1356 1726 1396 utilitates,

957 1417 1030 1449 quae
1046 1409 1096 1438 his
1109 1408 1252 1439 versibus
1267 1409 1468 1440 continentur
1487 1421 1493 1440 z

988 1498 1084 1528 Erudit,
1098 1498 1180 1526 vertit,
1192 1497 1292 1528 probat,
1309 1499 1333 1521 et
1347 1498 1432 1522 laetum
1442 1499 1510 1528 facit,
1526 1501 1623 1529 arctat3

988 1533 1130 1564 Consortat,
1146 1533 1235 1562 satiat,
1249 1536 1422 1564 consummat,
1443 1534 1533 1558 deiude
1551 1536 1664 1559 coronat.

996 1622 1125 1653 Erudit¹
1143 1623 1220 1654 :Per
1234 1631 1323 1654 omne
1331 1624 1662 1663 slaqellzmzerudieris
1676 1625 1727 1665 (a),

956 1676 1167 1707 Hierusalem.
1196 1675 1314 1713 Vertit,
1346 1677 1378 1707 id
1403 1679 1468 1713 est,
1495 1678 1648 1708 convertit
1677 1682 1688 1697 ²
1719 1689 1725 1708 :

956 1729 1183 1768 Mulcz'pttcatce
1197 1733 1273 1762 sunt
1284 1730 1490 1769 infirmitates
1508 1739 1627 1770 eorum,
1640 1736 1726 1770 post-

957 1787 993 1810 ea
1025 1781 1285 1812 acceleraverunt.
1317 1780 1431 1812 Probat.
1457 1783 1495 1812 ³:
1528 1782 1612 1813 Vasa
1635 1783 1730 1822 siguli

954 1833 1065 1871 probat
1089 1834 1219 1871 formtoe.
1245 1834 1367 1865 Laetum
1387 1834 1478 1864 facitu
1497 1846 1503 1864 z
1533 1835 1627 1866 Omne
1645 1844 1729 1875 qau-

956 1886 1048 1917 tlt'um
1062 1888 1258 1925 existimate,
1277 1888 1403 1926 fratres.
1419 1887 1525 1918 Arctat
1538 1891 1547 1906 ³
1565 1899 1571 1918 :
1595 1889 1729 1921 Veoeatt'o

956 1939 1044 1972 <tabet
1060 1939 1247 1972 intellectum
1269 1940 1412 1972 auditui.
1435 1940 1594 1971 Consortat
1608 1941 1636 1972 ⁸:
1654 1943 1728 1974 Hoec

956 1994 1038 2026 milti
1048 1995 1234 2031 consolatio,
1250 1997 1285 2026 ut
1301 1995 1464 2035 afslz'qens,
1488 1997 1546 2025 etc.
1569 1995 1678 2034 stimat,
1696 1997 1728 2027 id

955 2050 1010 2086 est,
1029 2048 1186 2078 foecundat
1198 2048 1207 2064 ⁷
1224 2059 1229 2078 :
1246 2048 1367 2083 Quanto
1378 2049 1481 2088 magis
1496 2049 1728 2088 opprimebant,

956 2104 1043 2133 tanto
1085 2102 1188 2141 ottaqz's
1227 2101 1534 2141 multiplicabantur,
1573 2102 1727 2134 Consum-

956 2157 1021 2185 mat
1038 2155 1048 2169 ἢ
1068 2164 1075 2185 z
1098 2156 1189 2186 Beati
1215 2156 1272 2194 qui
1292 2156 1537 2194 persecutionem
1555 2157 1728 2194 patiuntur

953 2211 1080 2248 propter
1097 2208 1276 2247 justitiam.
1299 2209 1432 2250 Coronat
1455 2209 1465 2225 ⁴³
1485 2220 1491 2238 ι
1516 2209 1557 2240 ld
1583 2209 1667 2248 quod
1691 2210 1726 2241 in

952 2263 1106 2302 prcesenti
1126 2265 1170 2293 est
1186 2265 1439 2294 momentaneum
1458 2265 1486 2294 et
1506 2263 1567 2294 leve
1589 2262 1726 2294 tribula-

956 2317 1065 2353 tionis,
1082 2318 1140 2346 etc.
1158 2316 1273 2347 Omnes
1294 2318 1401 2346 autem
1419 2316 1457 2346 ad
1478 2316 1643 2355 praedictos
1659 2325 1725 2346 mo-

954 2369 1009 2399 dos
1024 2369 1230 2400 reducuntur.
1252 2369 1308 2399 Hic
1328 2371 1507 2408 tanguntur
1522 2369 1724 2408 flagellorum

954 2422 1118 2460 utilitates„
1140 2431 1212 2462 quae
1235 2423 1294 2453 sub
1313 2422 1413 2452 trihus
1432 2422 1532 2452 modis
1556 2422 1724 2461 assignatis

954 2476 1174 2513 continentur3
1191 2478 1222 2506 et
1236 2475 1373 2515 amplius
1388 2477 1461 2505 sunt
1477 2475 1539 2506 duo
1554 2475 1651 2506 modi.

984 2576 1016 2604 tn)
1033 2574 1107 2605 Vulg.
1120 2576 1142 2599 7.
1158 2575 1258 2605 Semper
1275 2575 1412 2605 infirmitas·
1424 2579 1446 2597 e!
1459 2574 1543 2605 playa.
1563 2576 1586 2598 S.
1605 2574 1723 2598 Emdt're.

955 2618 1004 2636 Lxx
1022 2611 1126 2641 interpr.
1144 2618 1149 2634 :
1167 2612 1189 2634 7.
1208 2611 1342 2638 διαπαντός.
1364 2612 1386 2634 8.
1407 2611 1477 2642 Πόνῳ
1494 2612 1533 2634 καὶ
1549 2610 1645 2641 μάστιγι
1671 2619 1724 2634 παι-

953 2647 1068 2677 δευῦἡσῃ,
1090 2645 1257 2678 Ἰερουσαλὴμ-
