2017 2948
767 187 954 219 DISTINCT.
979 187 1003 219 Ι.
1026 187 1128 220 PARS
1150 188 1189 219 11.

506 284 574 307 DUB.
599 284 621 305 1.

233 357 289 382 Fuit
304 358 390 381 tamen
405 356 471 380 inter
486 354 528 379 illa
544 356 701 379 sacramenta
716 356 902 380 sacramentum

464 390 602 422 quoddam,
618 393 665 414 010,

221 471 392 509 Quaeritur,
408 479 506 510 quare
520 470 626 509 magis
640 470 758 510 excipit
771 478 949 501 sacramen-

180 527 249 556 tum
258 523 515 562 circumcisionis,
527 532 624 564 quam
635 523 698 554 alia
707 534 714 561 ;
726 523 853 554 videtur
862 523 948 553 enim

179 577 262 618 quod
272 577 377 617 potius
391 577 518 608 deberet
531 576 676 616 excipere
687 576 759 613 alia,
770 576 846 615 quia
858 575 885 606 si
900 585 948 606 sa-

178 631 339 661 cramenta
352 629 509 670 posterius
517 629 661 660 instituta
670 631 745 660 sunt
756 629 946 666 efficaciora,

178 683 304 714 videtur
317 682 400 723 quod
417 683 521 723 potius
540 682 667 713 deberet
681 682 824 722 excipere
840 691 948 713 sacra-

178 737 284 767 menta
298 743 371 775 quae
382 735 524 766 instituta
537 737 610 765 sunt
627 734 660 765 in
674 735 755 774 lege,
772 743 869 774 quam
884 735 945 765 cir-

178 788 416 825 cumcisionem,
432 797 505 828 quae
520 789 567 818 051
581 788 725 818 instituta
740 789 825 818 ante.

217 841 310 881 Resp.
338 841 529 879 Dicendum,
559 841 643 880 quod
666 841 865 871 circumcisio
893 841 946 872 in-

176 897 224 926 ter
246 895 354 925 omnia
378 896 574 925 sacramenta
598 893 678 933 legis
706 894 765 924 fuit
788 894 946 925 efficaciils

177 950 420 978 sacramentum.
451 946 484 978 Si
509 956 634 987 quaeras
645 970 654 984 ,
683 956 755 986 quae
780 947 820 977 sit
847 948 945 985 ratio,

177 1000 244 1031 sive
257 1009 352 1031 causa
365 1000 516 1037 efficiens,
527 1000 596 1030 dico
606 1000 690 1039 quod
706 1000 808 1039 pactio
823 999 945 1038 divina,

177 1062 250 1093 quae
262 1053 295 1083 in
306 1053 367 1084 hae
380 1052 554 1092 specialiter
573 1052 632 1083 suit
649 1061 657 1083 ε
674 1052 744 1083 ideo
765 1052 826 1083 1100
841 1061 944 1083 sacra-

177 1109 321 1137 mentum
335 1106 493 1137 efficacem
509 1105 643 1136 habebat
663 1105 893 1136 ordinationem
907 1105 946 1136 ad

176 1159 371 1190 curationem
392 1158 568 1198 originalis
593 1158 627 1189 Si
647 1160 755 1189 autem
778 1159 943 1199 quaeritur,

175 1222 274 1254 quare
294 1212 400 1251 magis
420 1212 455 1242 in
474 1211 535 1242 hoc
556 1211 616 1242 fuit
638 1212 760 1251 pactio,
776 1212 945 1243 dicendum

176 1265 261 1305 quod
281 1265 361 1296 ratio
382 1265 483 1305 hujus
505 1266 551 1295 est
572 1264 689 1304 duplex
714 1276 721 1295 ε
745 1266 848 1304 primo
870 1266 946 1305 quia

176 1318 257 1348 sicut
270 1318 446 1357 baptismus
465 1320 511 1348 est
529 1319 627 1357 J'anua
649 1320 679 1348 et
702 1318 945 1349 fundamentum

177 1373 450 1402 sacramentorum
472 1380 566 1402 novae
583 1371 679 1410 legis,
694 1371 737 1401 ita
760 1371 793 1401 in
808 1372 944 1402 circum-

176 1424 292 1454 cisione
306 1420 398 1455 vetus
415 1424 468 1455 lex
490 1424 625 1463 sumpsit
642 1424 899 1463 fundamentum,
916 1427 947 1456 et

175 1477 361 1514 exordium;
377 1476 439 1507 alia
454 1477 535 1507 ratio
551 1479 635 1515 erat,
651 1477 727 1516 quia
747 1477 946 1509 circumcisio

175 1529 283 1560 eratin
293 1530 470 1560 remedium
481 1529 647 1568 originalis
659 1531 777 1570 peccati
788 1533 944 1570 quantum

175 1584 215 1615 ad
227 1584 260 1615 id
274 1584 358 1624 quod
373 1593 446 1615 reus
456 1584 587 1615 minime
599 1587 646 1615 est
659 1585 834 1625 culpabilis,
851 1587 882 1616 et
895 1587 944 1617 ta-

175 1645 250 1668 men
264 1637 402 1668 multum
416 1637 571 1677 impotens
583 1647 616 1668 se
627 1639 753 1677 juvare,
765 1640 801 1669 ut
815 1641 900 1679 patet
910 1639 944 1670 in

174 1690 317 1730 parvulis
343 1701 351 1721 ε
376 1693 407 1721 01
428 1691 498 1721 11100
524 1691 628 1722 decuit
651 1691 793 1723 divinam
815 1692 941 1723 miseri-

174 1743 313 1774 cordiam
323 1766 332 1781 ,
360 1745 397 1774 ut
423 1744 582 1775 efficacius
610 1744 788 1776 remedium
818 1754 943 1785 praepa-

174 1797 272 1826 raret.

495 1867 563 1889 DUB.
583 1867 616 1888 11.

186 1937 255 1965 idem
270 1939 406 1964 salutirerae
420 1939 557 1964 curationis
571 1940 692 1964 auxilium
706 1941 892 1966 circumcisioni
905 1942 932 1966 in

296 1974 351 2005 lege
366 1976 455 1999 contra
469 1975 596 2006 originalis
612 1976 708 2006 peccati
721 1977 820 2001 vulnus.

213 2060 366 2100 Objicitur
379 2063 488 2092 contra
505 2061 575 2092 haec
591 2062 688 2093 verba
706 2061 810 2101 Bedae,
825 2063 899 2103 quia
913 2063 941 2094 si

172 2112 232 2143 1100
256 2122 368 2143 verum
391 2116 457 2152 est,
479 2123 557 2153 ergo
578 2114 612 2144 in
632 2114 867 2146 circumcisione
896 2116 941 2147 ita

172 2164 265 2195 datur
279 2166 382 2203 gratia
391 2166 548 2197 virtutum
558 2167 607 2206 adj
614 2167 709 2206 utrix,
727 2168 807 2199 sieut
822 2169 855 2199 in
867 2169 940 2210 bap-

172 2217 276 2247 tismo.
289 2216 321 2248 Si
337 2220 372 2248 tu
385 2218 487 2257 dicas,
504 2220 589 2259 quod
603 2229 667 2250 non
682 2221 826 2260 sequitur
841 2222 937 2261 idem,

172 2278 249 2309 ergo
264 2270 335 2308 hoc,
351 2271 414 2301 imo
433 2274 478 2303 est
499 2273 542 2303 ibi
561 2282 775 2313 consequens;
792 2274 852 2305 1100
875 2284 939 2306 11011

173 2321 278 2358 501ν11,
291 2321 366 2361 quia
380 2321 447 2361 ipse
457 2323 573 2362 excipit
586 2334 593 2353 z
606 2324 660 2354 sed
669 2325 810 2364 exceptio
824 2335 888 2356 non
903 2327 939 2356 fit

173 2373 213 2403 ab
227 2373 332 2413 aliquo
347 2374 408 2404 nisi
423 2375 578 2406 intellecto
597 2377 816 2408 universaliter
832 2389 840 2408 ε
857 2379 938 2410 nihil

171 2426 257 2457 enim
269 2428 317 2457 est
329 2427 449 2458 dictum
466 2438 472 2459 :
494 2439 508 2456 (1
524 2428 626 2460 Homo
641 2431 741 2461 currit
753 2433 868 2470 praeter
879 2431 936 2463 So-

171 2480 289 2510 cratem
306 2489 313 2509 :
335 2489 350 2507 1)
374 2488 455 2519 ergo
475 2480 666 2521 intelligitur
687 2484 876 2522 generaliter
899 2485 938 2516 de

170 2532 258 2563 omni
273 2532 422 2564 remedio.
439 2533 517 2564 Item
533 2534 708 2574 baptismus
721 2538 793 2568 ante
813 2537 937 2577 passio-

171 2592 244 2616 nem
254 2594 319 2617 non
330 2586 490 2625 aperiebat
499 2587 635 2626 Januam
647 2596 656 2619 :
667 2596 745 2628 ergo
756 2597 821 2621 non
833 2590 935 2623 habe·

170 2636 224 2669 bat
238 2639 392 2678 majorem
405 2638 587 2671 efficaciam.

1716 191 1775 222 267

1047 254 1139 294 Resp.
1170 254 1344 286 Dicendum
1373 256 1458 295 quod
1487 257 1628 288 facienda
1651 259 1698 288 est
1725 257 1775 289 vis

1005 307 1038 338 in
1053 308 1150 338 verbo
1165 307 1270 346 Bedae,
1285 309 1317 338 et
1330 310 1485 347 quantum
1499 310 1539 340 ad
1553 310 1613 340 hoc
1625 311 1707 350 quod
1723 311 1773 342 di-

1005 360 1045 390 cit
1061 360 1156 398 idem,
1173 363 1203 391 et
1217 362 1374 400 quantum
1389 361 1427 391 ad
1442 361 1502 392 1100
1515 362 1599 401 quod
1614 365 1660 393 est
1678 372 1774 396 cura-

1005 414 1104 445 tiom's
1127 422 1138 444 .·
1157 416 1313 453 quantum
1337 414 1375 444 ad
1400 414 1477 451 hoc,
1502 415 1584 454 quod
1611 418 1657 445 051
1675 416 1772 455 idem,

1005 466 1081 506 quia
1103 466 1177 496 dicit
1199 466 1454 497 convenientiam
1479 467 1512 497 in
1530 468 1645 505 forma,
1662 477 1724 499 non
1740 469 1773 500 in

1004 519 1198 560 quantitate;
1215 521 1372 559 quantum
1386 520 1425 550 ad
1442 520 1502 551 1100
1517 521 1601 561 quod
1622 524 1668 552 est
1683 530 1773 554 cura-

1004 574 1114 610 tionis,
1131 573 1207 613 quia
1225 572 1299 603 dicit
1311 573 1564 604 convenientiam
1582 574 1615 604 in
1633 575 1773 606 remedio

1004 628 1114 656 contra
1122 625 1254 664 malum,
1261 635 1326 656 non
1337 628 1429 666 prout
1436 627 1580 658 habilitat
1588 627 1625 657 ad
1635 628 1770 665 bonum;

1003 682 1034 710 et
1048 688 1103 720 per
1128 679 1189 710 hoc
1211 679 1379 710 solvuntur
1394 679 1447 710 illa
1465 680 1528 711 duo
1549 681 1680 721 objecta.
1699 681 1774 712 Vult

1003 733 1089 764 enim
1099 732 1201 764 dicere
1210 732 1303 771 Beda,
1313 733 1399 772 quod
1408 733 1488 764 sicut
1494 733 1668 773 baptismus
1677 735 1772 774 (ligne

1003 787 1225 826 suscipientem
1238 787 1371 817 mundat
1385 787 1426 817 ab
1440 788 1587 827 originali
1600 790 1630 819 et
1644 789 1771 826 actuali,

1004 840 1048 870 510
1062 841 1271 871 circumcisio.
1289 840 1376 871 Unde
1397 844 1517 880 quantu
1524 850 1553 871 111
1568 842 1608 872 ad
1623 842 1773 872 remotio-

1002 901 1076 923 nem
1088 893 1190 933 culpae
1198 896 1245 923 est
1255 894 1484 931 convenientia,
1496 894 1549 923 sed
1561 903 1625 924 non
1637 895 1675 925 ad
1686 903 1774 934 aper·

1002 946 1121 977 tionem
1132 947 1253 986 januae,
1269 955 1327 976 nec
1346 946 1379 976 in
1393 948 1551 985 quantum
1565 946 1605 976 ad
1627 946 1771 977 habilita-

1002 1001 1082 1037 tem,
1106 1000 1229 1030 ratione
1249 1000 1343 1039 cujus
1368 999 1544 1039 baptismus
1567 1008 1691 1039 semper
1713 1009 1773 1030 ex-

1001 1053 1103 1083 cessit.

1317 1121 1386 1143 DUB.
1406 1121 1451 1142 111.

1087 1189 1181 1212 Tamen
1196 1188 1222 1212 in
1236 1188 1293 1213 sinu
1307 1188 1415 1212 Abrahae
1429 1190 1487 1219 post
1502 1192 1621 1220 mortem,
1634 1192 1681 1213 etc.

1041 1267 1218 1304 Quaeritur,
1244 1266 1321 1306 quid
1342 1267 1383 1297 sit
1404 1267 1460 1297 iste
1484 1267 1572 1297 sinus
1595 1267 1731 1298 Abrahae
1747 1272 1767 1299 ¹.

1002 1319 1039 1350 Et
1054 1319 1160 1350 Glossa
1177 1320 1249 1350 dicit
1265 1331 1270 1350 :
1293 1331 1305 1348 «
1323 1319 1417 1350 Sinus
1433 1320 1571 1350 Ahrahae
1584 1323 1629 1351 est
1645 1321 1770 1361 requies

1001 1374 1167 1403 beatorum
1182 1375 1319 1412 patrum.
1332 1383 1345 1400 1)
1361 1372 1419 1403 Sed
1434 1373 1487 1403 illa
1503 1376 1548 1403 est
1562 1382 1702 1412 regnum
1713 1383 1771 1405 010-

1001 1427 1118 1464 lorum⁷
1140 1428 1171 1457 et
1193 1426 1262 1456 haec
1284 1428 1331 1456 est
1347 1426 1428 1456 visio
1443 1426 1495 1456 Dei
1514 1437 1520 1456 :
1537 1435 1617 1465 ergo
1631 1427 1767 1457 circum-

1001 1478 1074 1516 cisi,
1099 1479 1154 1518 qui
1178 1479 1407 1515 moriebantur,
1432 1479 1592 1509 habebant
1614 1480 1768 1510 visionem

1002 1531 1053 1561 Dei
1068 1531 1193 1562 beatam
1205 1555 1212 1568 ,
1231 1531 1283 1561 cui
1304 1531 1488 1561 contradicit
1501 1540 1638 1571 sequens
1652 1532 1766 1563 littera.

1040 1582 1132 1623 Resp.
1172 1583 1346 1614 Dicendum
1383 1584 1469 1623 quod
1508 1585 1597 1615 sinus
1632 1585 1769 1617 Abrahae

999 1638 1099 1677 potest
1113 1637 1173 1667 dici
1188 1638 1313 1677 requies
1332 1638 1365 1668 in
1384 1647 1447 1677 qua
1462 1638 1522 1669 fuit
1536 1639 1698 1670 Abraham
1715 1650 1723 1670 ε
1738 1642 1769 1671 et

998 1690 1058 1721 hoc
1072 1690 1256 1721 attrIbuitur
1270 1691 1407 1721 Abrahae
1425 1693 1552 1731 propter
1571 1693 1769 1732 perfectionis

998 1745 1028 1774 et
1042 1743 1114 1774 fidei
1131 1744 1313 1783 exemplum
1334 1744 1426 1783 quasi
1441 1745 1640 1784 primarium.
1657 1745 1713 1777 Vel
1728 1746 1768 1776 si-

997 1805 1058 1827 nus
1078 1796 1216 1827 Abrahae
1230 1796 1346 1828 dicitur
1366 1798 1492 1838 requies
1510 1798 1565 1829 Dei
1581 1798 1694 1837 Patris,
1710 1800 1766 1839 qui

997 1849 1111 1880 dicitur
1133 1849 1313 1887 Abraham,
1337 1850 1416 1889 quia
1440 1859 1588 1881 summus
1606 1853 1696 1891 pater
1720 1854 1766 1883 est

997 1902 1155 1940 omnium,
1175 1902 1314 1932 maxime
1329 1902 1482 1933 fidelium.
1510 1903 1648 1944 Utroque
1671 1905 1766 1936 modo

997 1954 1110 1993 dictus,
1127 1954 1201 1985 dicit
1209 1954 1292 1985 idem
1302 1964 1343 1985 ex
1355 1955 1481 1986 diversa
1492 1956 1615 1987 ratione
1627 1957 1761 1988 dicendi.

997 2007 1116 2038 Tamen
1130 2008 1250 2048 duplex
1267 2010 1368 2048 potest
1388 2009 1450 2039 dici
1468 2010 1617 2050 requies—z
1639 2012 1695 2041 aut
1709 2020 1765 2050 per

996 2060 1186 2091 ablationem
1207 2061 1311 2091 omnis
1326 2062 1416 2100 mali,
1434 2065 1465 2093 et
1488 2063 1532 2093 sic
1550 2063 1609 2093 fuit
1629 2063 1716 2094 locus
1731 2064 1764 2094 in

994 2121 1057 2152 quo
1073 2113 1171 2144 sancti
1193 2116 1297 2153 patres
1315 2116 1522 2154 expectabant
1545 2116 1715 2155 Christum,
1733 2118 1763 2148 et

995 2165 1039 2196 ita
1055 2165 1204 2205 intelligit
1215 2167 1285 2205 hie;
1304 2169 1360 2198 aut
1372 2177 1428 2207 per
1443 2168 1642 2200 collationem
1658 2169 1762 2200 omnis

995 2219 1081 2257 boni,
1097 2219 1186 2250 etsie
1210 2221 1258 2250 est
1276 2219 1363 2251 100115
1386 2221 1516 2260 gloriae,
1534 2224 1564 2253 et
1586 2223 1760 2262 paradisus,

994 2272 1033 2303 ad
1048 2281 1144 2312 quem
1160 2272 1266 2303 locum
1283 2282 1369 2304 nunc
1384 2276 1548 2314 optamus,
1567 2277 1599 2306 01
1618 2284 1758 2314 oramuS,

994 2329 1194 2358 mortuorum
1209 2327 1330 2358 animas
1344 2328 1520 2368 pervenire.

1307 2428 1376 2450 DUB.
1400 2428 1443 2451 IV.

1008 2491 1060 2514 Nec
1073 2490 1096 2514 ei
1111 2489 1158 2514 soli
1171 2492 1299 2522 proecepta
1312 2491 1359 2515 fuit
1375 2491 1542 2522 circumcisio,
1557 2492 1602 2517 sed
1616 2493 1641 2517 et
1654 2493 1744 2518 semini

1311 2526 1375 2558 ejus,
1390 2529 1439 2552 ete.

1032 2590 1162 2623 Videtur
1176 2591 1259 2623 male
1279 2592 1400 2631 dicere,
1417 2592 1493 2633 quia
1509 2594 1684 2626 secundum
1698 2595 1758 2628 hoc

1023 2653 1031 2669 ¹
1048 2651 1113 2683 Luc„
1129 2657 1183 2684 xvi,
1198 2652 1235 2676 22.
