2017 2948
84 703 188 723 Fundam.

611 156 708 188 DIST.
732 155 812 187 Vlll.
836 155 951 186 PART.
975 155 998 185 Ι.
1023 155 1112 185 ART.
1138 155 1175 185 ΙΙ.
1200 154 1350 191 QUAEST.
1372 156 1424 186 Ill.

212 234 308 264 quam
323 226 457 256 verbum
473 225 642 264 proterret:
663 223 716 253 sed
735 222 909 253 benedictio
924 222 982 252 fuit

211 279 404 309 consecratio
420 289 426 308 ε
447 287 525 315 ergo
542 277 631 316 prius
650 276 810 306 benedixit
826 278 856 305 et
870 284 981 305 conse-

210 333 324 369 cravit,
341 341 437 370 quam
452 330 586 360 verbum
602 329 766 368 proferret.

249 387 278 414 ⁶2.
297 384 373 414 Item
388 383 535 422 arguitur
548 391 587 412 ex
601 382 662 411 alio
678 382 787 418 verbo,
805 381 877 420 quin
892 380 980 419 prins

207 438 319 476 fressz't,
336 446 431 475 quam
447 436 583 465 verbum
603 435 772 474 proferret:
797 433 851 464 sed
870 434 979 463 fractio

207 490 411 529 consequitur
420 488 646 519 confectionem
658 487 691 517 in
701 487 760 517 hoc
769 488 976 523 sacramento,

206 542 285 572 sicut
297 544 398 581 patet:
417 551 496 580 ergo
518 541 605 580 prius
627 540 772 577 confecit,
790 549 884 578 quam
901 548 978 578 pro-

205 595 299 625 ferret
313 595 410 625 verba
426 605 432 624 :
448 603 528 633 ergo
543 603 607 624 non
621 593 756 623 instituit
771 592 869 623 verba
883 592 977 622 conti-

208 648 328 678 ciendo.

245 700 305 731 Sed
324 702 431 730 contra
448 711 454 730 z
475 700 506 730 Si
530 700 627 730 verba
651 709 714 730 non
737 699 867 738 protulit
884 699 978 729 conti-

203 753 328 790 ciendo,
352 756 407 783 aut
433 754 565 783 confecit
589 753 657 783 aliis
681 753 805 790 verbis,
832 754 886 782 aut
908 752 976 782 sine

203 806 300 836 verbo
317 817 323 836 :
344 806 369 835 si
384 806 515 836 confecit
528 806 596 836 aliis
612 806 729 843 verbis,
747 815 824 844 ergo
840 805 893 835 illa
907 814 974 835 ma-

203 860 288 890 xime
299 859 413 890 debent
427 859 543 889 habere
554 859 722 896 virtutem3
742 859 767 888 si
783 859 850 889 sine
863 859 973 895 verbo,

202 922 280 952 ergo
307 913 433 943 videtur
461 913 544 952 quod
575 912 710 943 Ecclesia
742 922 807 943 non
835 912 976 942 imitetur

202 975 367 997 summum
388 966 577 1004 Magistrum
601 966 634 996 in
657 965 849 996 conficiendo
866 975 873 995 :
891 965 975 1004 quod

202 1020 329 1050 videtur
338 1020 574 1055 inconveniens,
586 1028 659 1049 cum
670 1019 703 1049 in
713 1020 770 1048 isto
779 1020 974 1048 sacramento

201 1073 359 1112 praecipue
369 1082 516 1102 summus
524 1072 673 1102 Sacerdos
684 1072 820 1102 formam
828 1074 859 1102 et
867 1080 974 1102 exem-

202 1126 269 1164 plar
286 1126 405 1156 dederit
420 1125 633 1156 consecrandi.

242 1178 331 1214 Item,
345 1180 371 1209 si
382 1188 447 1209 non
457 1179 588 1208 confecit
599 1178 648 1208 liis
658 1177 774 1215 verbis,
787 1186 865 1216 ergo
878 1178 974 1208 verba

200 1233 232 1262 in
248 1241 302 1262 ore
316 1232 429 1262 Christi
445 1232 576 1261 fuerunt
596 1233 720 1261 tantum
735 1230 948 1269 significativa
964 1241 970 1261 :

200 1294 277 1324 ergo
291 1293 354 1316 non
374 1285 557 1314 habueruut
575 1285 726 1314 virtutem
747 1292 849 1322 neque
865 1284 974 1314 effica—

200 1339 292 1369 ciam.
315 1338 347 1368 Si
366 1340 442 1368 tunc
456 1347 519 1368 non
534 1337 731 1374 habuerunt,
750 1337 876 1367 videtur
894 1346 972 1376 ergo

199 1391 283 1431 quod
301 1392 473 1430 'nunquam
493 1391 644 1428 habeant,
671 1390 746 1429 quia
769 1398 833 1420 non
855 1390 973 1421 habent

199 1453 300 1480 nunc,
327 1443 389 1474 nisi
417 1446 545 1483 propter
572 1443 649 1473 illud
674 1443 758 1482 quod
786 1442 903 1473 factum
926 1444 972 1474 est

199 1499 285 1527 tunc.

469 1592 695 1625 CONCLUSIO.

198 1688 376 1715 Euchartscioe
390 1689 581 1714 sacramentnm
600 1688 728 1714 Dominus
749 1688 828 1714 simul
849 1689 968 1720 confecit,

232 1735 255 1758 et
270 1733 411 1763 innituit,-
428 1733 451 1758 εἰ
466 1733 533 1758 sicut
554 1734 659 1757 cantum
679 1731 756 1758 semel
778 1732 910 1765 confecit,
929 1733 971 1758 ita

232 1779 338 1804 tantum
353 1777 430 1803 semel
444 1775 523 1802 verba
539 1776 662 1810 protulit.

238 1868 328 1908 Resp.
349 1867 388 1898 ad
404 1876 476 1906 arg.
498 1867 672 1897 Dicendum
695 1866 780 1906 quod
804 1867 887 1897 circa
910 1867 970 1898 hoc

197 1923 272 1952 sunt
286 1924 348 1952 tres
365 1921 530 1960 opiniones
547 1920 621 1950 satis
638 1919 824 1959 probabiles,
841 1919 948 1950 Prima
960 1921 968 1936 ¹

196 1977 241 2005 est
255 1974 339 2014 quod
356 1973 508 2004 Dominus
525 1973 614 2012 prius
634 1973 776 2010 confecit,
790 1982 888 2012 quam
902 1982 971 2004 ver-

196 2028 273 2058 bum
296 2026 479 2063 instituerit,
503 2026 584 2056 sicut
604 2026 692 2065 prius
717 2026 891 2065 baptizatus
912 2029 968 2064 est,

196 2090 292 2120 quam
307 2080 441 2110 formam
458 2078 604 2118 baptismi
624 2078 813 2110 institueret.
837 2079 876 2110 Et
890 2081 969 2111 ratio

195 2142 307 2163 eorum
322 2135 382 2169 est,
403 2132 479 2171 quia
492 2132 584 2171 ipse,
605 2131 661 2170 qui
680 2134 727 2162 est
746 2131 887 2163 Verbum
909 2132 967 2164 Pa-

196 2186 263 2222 tris,
281 2185 412 2215 confecit
423 2185 524 2223 seipso
535 2184 601 2214 sine
617 2185 730 2222 verbo;
744 2185 836 2215 nobis
848 2188 966 2224 autem,

196 2240 250 2278 qui
272 2239 452 2277 indigemus
474 2239 591 2269 virtute
606 2238 711 2276 Verbi,
733 2239 816 2270 dedit
834 2240 968 2271 formam

196 2294 265 2333 post
288 2292 565 2322 consecrationem.
587 2292 657 2322 Alia
675 2292 782 2332 opinio
802 2295 863 2331 est,
884 2294 967 2333 quod

196 2345 349 2377 Dominus
364 2345 493 2375 confecit
516 2345 626 2383 simul,
651 2347 682 2376 et
703 2345 800 2376 verba
821 2347 965 2385 protulit;

229 2427 233 2437 ¹
247 2424 330 2447 l‘rima
343 2423 428 2453 opinio
440 2426 477 2447 est.
489 2424 637 2454 innocentii,
649 2425 681 2447 Dr:
691 2425 770 2455 officio
783 2426 872 2456 Missa»,
884 2433 908 2456 p.
924 2427 965 2455 ΙΙΙ,

197 2467 251 2491 cap.
269 2466 292 2483 Vl
310 2461 335 2482 ct.
350 2465 403 2482 xlv.

1747 158 1805 186 423

1036 221 1088 252 sed
1103 221 1151 251 bis
1167 221 1314 260 protulit:
1333 223 1436 261 primo
1456 223 1487 252 in
1507 223 1628 253 occulto
1648 223 1687 253 ad
1707 223 1805 253 confi-

1035 275 1198 312 ciendu1n;
1217 275 1354 306 secundo
1366 276 1398 305 in
1414 278 1521 315 aperto
1537 277 1575 306 ad
1588 277 1722 307 formam
1738 277 1802 306 ins-

1034 328 1161 357 titutam
1193 328 1464 358 manifestandam.
1496 329 1640 359 Primum
1675 330 1803 369 quidem

1033 380 1221 419 intelligitur
1236 381 1359 418 fecisse,
1375 391 1447 411 cum
1462 382 1577 412 dicitur
1591 393 1597 412 z
1615 383 1801 417 Beneclioez't,

1034 440 1070 462 ac
1086 432 1198 471 fream
1213 434 1243 462 ct
1257 435 1436 472 exponunt:
1457 445 1470 461 α
1486 433 1671 469 Romamn,
1688 433 1804 464 scilicet

1033 485 1152 515 occulte
1171 486 1303 516 dicendo
1320 497 1326 516 :
1346 487 1412 517 Hoc
1434 491 1479 517 est
1496 494 1609 525 corpus
1630 495 1752 517 meum:
1774 490 1804 517 et

1032 539 1102 576 post
1118 539 1215 577 freqit
1225 538 1450 576 distribuendo,
1464 541 1494 569 et
1508 539 1586 569 dixit
1602 541 1708 578 aperte
1725 540 1802 570 illud

1032 590 1182 621 verbum:
1201 591 1264 623 Hoc
1277 595 1321 622 est
1334 600 1446 631 corpus
1463 600 1575 623 meum.
1588 604 1602 620 n
1617 591 1723 622 Tertia
1738 593 1802 632 opi-

1031 643 1084 673 nio
1107 646 1171 681 est,
1197 645 1281 684 quod
1307 645 1458 675 Dominus
1480 645 1574 675 simul
1600 645 1743 682 confecit,
1772 648 1803 676 et

1031 696 1165 726 verbum
1181 697 1329 728 instituit:
1343 701 1373 728 et
1388 698 1469 729 sicut
1480 698 1576 729 semel
1594 700 1716 728 tantum
1730 708 1802 729 con-

1031 750 1117 786 fecit,
1142 750 1184 780 ila
1206 751 1302 781 semel
1331 753 1454 781 tantum
1479 752 1577 781 verba
1600 752 1753 791 protulit:
1772 754 1802 782 et

1030 802 1108 832 illud
1132 803 1257 833 videtur
1274 804 1524 835 convenientius.
1550 805 1596 835 Ad
1618 805 1694 844 quid
1716 805 1800 835 enim

1030 857 1120 887 toties
1136 858 1233 888 verba
1258 860 1420 897 proferret,
1441 869 1514 889 cnm
1534 859 1613 889 bene
1632 861 1735 898 posset
1755 860 1801 890 fa-

1030 920 1098 941 cere
1123 912 1219 942 semel
1243 913 1451 951 proterendo?
1476 913 1627 950 Ulterius,
1653 913 1800 952 quamvis

1029 966 1133 1004 posset
1156 966 1310 995 conficere
1331 966 1399 995 sine
1422 966 1536 1003 verbo,
1562 966 1670 996 debuit
1697 968 1801 996 tamen

1030 1019 1182 1048 conficere
1200 1018 1334 1048 verbum
1356 1019 1502 1056 dicendo,
1523 1020 1557 1048 ut
1573 1018 1722 1057 apostolis
1737 1019 1799 1049 for-

1030 1080 1115 1101 mam
1131 1071 1278 1108 traderet,
1291 1071 1364 1110 quia
1377 1071 1529 1101 Dominus
1538 1080 1604 1101 non
1618 1073 1743 1101 tantum
1758 1071 1801 1101 ihi

1030 1134 1121 1155 suam
1137 1124 1310 1164 potentiam
1327 1125 1520 1161 ostendebat,
1533 1124 1586 1154 sed
1601 1124 1696 1154 etiam
1712 1124 1802 1154 disci-

1029 1178 1120 1218 pulos
1147 1179 1347 1209 informabat.
1369 1178 1407 1209 Et
1427 1179 1496 1209 haec
1515 1179 1627 1218 positio
1651 1180 1697 1208 est
1717 1187 1801 1208 com-

1029 1232 1157 1261 munior
1172 1234 1202 1261 et
1222 1231 1422 1270 probabilior.
1442 1231 1528 1261 Hanc
1543 1232 1741 1267 sustinendo,
1758 1231 1802 1261 di-

1029 1284 1162 1314 cendum
1175 1285 1317 1324 estquod
1330 1285 1479 1315 Dominus
1493 1285 1687 1315 conficiendo
1704 1285 1801 1316 verba

1028 1337 1176 1375 instituit,
1195 1338 1271 1377 quia
1286 1338 1382 1368 verba
1396 1338 1581 1377 proferendo
1597 1338 1736 1368 confecit.

1069 1392 1096 1420 1.
1111 1391 1159 1421 Ad
1174 1390 1250 1421 illud
1266 1391 1349 1429 quod
1366 1391 1524 1430 objicitur,
1538 1391 1620 1430 quod
1639 1391 1728 1430 prius
1745 1391 1797 1422 be-

1028 1444 1165 1481 nedixit,
1188 1444 1355 1474 dicendum
1374 1443 1456 1483 quod
1472 1443 1646 1474 benedictio
1666 1444 1718 1474 illa
1735 1453 1798 1475 non

1027 1497 1086 1528 fuit
1101 1497 1306 1534 consecratio;
1324 1497 1378 1527 sed
1393 1497 1452 1527 fuit
1473 1497 1619 1537 quaedam
1640 1506 1799 1537 praepara-

1027 1550 1085 1588 tio,
1103 1551 1152 1582 vel
1168 1551 1273 1589 magis
1294 1550 1441 1590 quaedam
1456 1550 1623 1588 orationis,
1647 1551 1713 1581 sive
1727 1560 1800 1589 gra-

1026 1603 1143 1634 tiarum
1166 1604 1297 1634 actionis
1319 1603 1511 1643 praemissio,
1535 1603 1570 1633 in
1586 1612 1650 1643 qua
1664 1603 1799 1634 ostendit

1027 1656 1117 1687 nobis
1130 1656 1254 1687 nullum
1268 1656 1374 1686 cibum
1388 1656 1630 1693 attrectandum,
1646 1656 1706 1686 nisi
1720 1666 1800 1696 prae-

1027 1710 1079 1741 via
1094 1709 1326 1739 benedictione:
1346 1709 1431 1739 unde
1446 1709 1562 1748 mos(a)
1580 1711 1626 1739 est
1640 1710 1799 1740 ecclesias-

1027 1763 1163 1793 ticorum
1178 1763 1321 1793 virorum
1336 1762 1375 1793 ad
1388 1771 1518 1792 omnem
1534 1762 1641 1792 cibum
1659 1763 1798 1802 praemit-

1027 1818 1093 1846 tere
1107 1815 1369 1846 benedictionem.

1066 1872 1095 1899 2.
1108 1869 1156 1899 Ad
1171 1868 1247 1899 illud
1261 1868 1345 1908 quod
1360 1867 1509 1906 objicitur
1525 1868 1563 1898 de
1578 1868 1737 1907 fractione,
1753 1869 1798 1900 di-

1027 1923 1162 1953 cendum
1179 1922 1263 1961 quod
1287 1921 1406 1961 duplici
1428 1921 1465 1951 de
1487 1930 1582 1951 causa
1605 1924 1705 1961 potest
1728 1932 1795 1954 esse

1026 1976 1159 2006 fractio:
1185 1975 1234 2006 vel
1259 1975 1298 2006 ad
1320 1975 1543 2013 figurandum,
1567 1975 1618 2005 vel
1637 1976 1676 2006 ad
1691 1975 1796 2006 distri-

1027 2028 1205 2059 buendum:
1235 2027 1275 2058 ad
1300 2027 1524 2067 figurandum,
1551 2028 1631 2058 sicut
1654 2028 1798 2059 sacerdos

1025 2081 1145 2120 frangit
1164 2081 1197 2112 in
1212 2081 1319 2119 altari,
1337 2083 1366 2112 et
1381 2081 1450 2112 haee
1469 2082 1612 2121 sequitur
1627 2082 1797 2112 confectio-

1025 2144 1117 2172 nem3
1135 2134 1196 2165 alia
1211 2143 1287 2164 vero
1301 2136 1349 2164 est
1370 2135 1408 2164 ad
1424 2135 1690 2172 distribuendum,
1708 2137 1738 2166 et
1753 2135 1797 2166 sic

1025 2188 1052 2218 si
1066 2187 1180 2227 aliquis
1193 2188 1359 2218 conficeret
1375 2197 1431 2227 pro
1447 2188 1567 2226 multis,
1580 2188 1624 2219 ila
1639 2188 1723 2228 quod
1738 2189 1793 2219 ha-

1025 2242 1113 2272 beret
1127 2250 1227 2271 unum
1251 2251 1382 2281 panem,
1406 2251 1471 2272 non
1485 2242 1602 2272 hostias
1623 2242 1793 2279 distinctas,

1025 2303 1166 2332 congrue
1187 2296 1290 2333 posset
1315 2295 1402 2334 prius
1422 2295 1587 2334 frangere:
1609 2296 1639 2325 et
1661 2294 1705 2324 sic
1724 2294 1796 2324 fecit

1024 2347 1188 2378 Dominus.
1213 2346 1300 2379 Unde
1324 2348 1435 2388 fregit,
1460 2350 1497 2379 ut
1521 2348 1604 2379 inter
1625 2347 1796 2387 discipulos

1024 2400 1233 2431 distribueret.

1057 2464 1087 2492 (a)
1106 2462 1174 2485 Edit.
1193 2463 1247 2486 l'en.
1264 2470 1340 2486 mors.

1820 225 1898 253 Opinio
1905 230 1911 249 Ι
1918 243 1924 249 .

1818 602 1895 629 Opinio
1901 605 1923 625 Ξ,
