2017 2948
219 179 278 208 114

218 252 279 273 nus
292 242 397 272 innuit
418 242 450 272 in
465 242 546 272 libro
561 241 599 273 de
616 242 769 273 Doctrina
786 240 984 274 Christiana,

218 295 271 325 ubi
286 294 480 325 ostenditur¹
497 295 581 335 quod
597 304 654 335 per
669 294 815 334 pietatem
831 295 861 323 et
876 292 988 322 mitita-

215 351 278 379 tem
292 350 476 389 pervenitur
488 350 526 380 ad
541 349 781 387 intelligentiam
794 356 890 378 sacrae
902 346 987 377 Scri-

215 406 328 442 pturae.
347 404 378 434 Si
395 412 470 442 ergo
492 403 677 443 hujusmodi
694 401 900 440 intelligentia
922 409 986 430 non

214 457 354 487 consistit
370 457 402 487 in
418 458 550 495 actione,
575 458 627 487 sed
647 457 679 486 in
695 456 919 495 speculatione,
938 454 985 483 vi-

213 509 304 540 detur
327 510 411 549 quod
439 513 527 541 actus
556 511 624 549 ejus
648 509 753 545 magis
781 508 929 538 consistat
952 507 985 536 in

213 563 488 602 contemplatione,
505 572 602 602 quam
620 563 653 592 in
669 562 802 592 actione.

252 617 280 646 5.
303 615 380 646 item
399 617 495 655 juxta
519 616 578 646 hoc
595 615 768 655 quaeritur,
794 623 867 644 cum
890 613 985 643 unius

213 668 337 699 habitus
353 678 436 699 unus
448 669 487 698 sit
501 671 600 707 actus,
617 668 777 708 quomodo
793 667 866 697 doni
884 666 985 696 scien-

211 721 263 752 tiae
277 721 395 752 habent
410 723 475 751 tam
496 721 610 752 diversi
633 723 722 751 actus
737 719 904 758 assignari.
930 718 984 748 ln-

210 774 279 804 nuit
302 774 387 804 enim
409 773 559 812 Magister
586 774 619 804 in
643 774 765 810 littera,
789 772 873 812 quod
897 774 985 801 actus

211 827 284 856 doni
300 826 439 857 scientiae
453 829 500 857 est
514 827 610 857 fidem
622 826 746 857 nutrire
761 827 791 856 et
805 825 982 862 defendere,

210 882 240 910 et
254 879 402 918 ulterius,
420 880 505 920 quod
521 880 666 919 ejusdem
682 881 769 910 actus
789 881 834 909 est
849 886 981 908 conver-

208 933 271 963 sari
287 933 320 963 in
336 932 440 963 medio
462 933 600 964 nationis
622 941 731 973 pravae
754 934 785 962 et
807 939 981 971 perversae3

208 987 238 1016 et
259 988 418 1025 postremo
443 986 528 1026 quod
551 988 640 1017 actus
664 987 733 1026 ejus
754 987 800 1016 est
821 984 983 1015 Christum

207 1047 410 1078 cognoscere.

467 1113 728 1145 CONCLUSIO.

207 1190 277 1216 Doni
299 1190 417 1216 scientioe
433 1191 585 1224 proecz'puus
606 1191 682 1215 actus
705 1191 741 1215 est
771 1189 887 1221 dirigere
911 1189 983 1214 circa

243 1235 385 1267 actionem,
401 1241 453 1260 non
470 1236 557 1260 tamen
571 1235 626 1260 sine
636 1234 735 1260 notitia
751 1240 837 1259 corum
852 1240 908 1266 quae
922 1234 984 1259 sunt

242 1279 313 1312 fidei,
329 1287 386 1313 quo:
401 1281 435 1305 est
449 1279 651 1311 fundamentum
666 1286 719 1305 saw
733 1278 896 1305 directionis.

249 1355 341 1395 Resp.
358 1356 396 1386 ad
412 1364 482 1394 arg.
504 1355 550 1385 Ad
566 1355 790 1395 praedictorum
806 1354 985 1393 intelligen-

209 1409 285 1439 tiam
301 1410 348 1439 est
370 1409 557 1446 notandum,
582 1408 665 1448 quod
682 1408 820 1438 seientiae
842 1407 983 1447 quadru—

210 1462 282 1502 plex
297 1464 344 1492 est
357 1462 547 1493 differentia.
566 1462 718 1498 Quaedam
734 1465 780 1492 est
794 1470 867 1501 quae
883 1461 984 1491 consi-

210 1514 266 1544 stit
280 1515 313 1544 in
337 1515 497 1545 intellectu
520 1524 600 1554 pure
623 1514 841 1554 speculativo:
867 1516 897 1544 et
916 1513 985 1543 haec

211 1570 258 1598 est
270 1568 402 1598 fundata
416 1577 513 1607 supra
527 1568 681 1607 principia
696 1567 829 1597 rationis
847 1576 854 1595 ε
872 1569 902 1596 θῖ
916 1566 985 1596 haec

211 1623 258 1651 est
276 1621 405 1651 scientia
428 1621 580 1660 acquisita
606 1621 643 1650 de
669 1628 872 1659 quacumque
896 1628 986 1649 crea-

212 1675 300 1711 tura,
329 1674 410 1704 sicut
432 1674 562 1704 scientia
585 1673 737 1703 humanae
762 1672 984 1711 philosophiae.

212 1726 363 1763 Quaedam
378 1730 485 1757 autem
500 1729 557 1764 est,
585 1736 658 1766 quae
673 1726 815 1757 consistit
838 1726 871 1755 in
895 1725 987 1756 intel—

211 1778 294 1810 lectu
304 1779 453 1810 inclinato
468 1781 507 1810 ab
518 1780 633 1810 aflectu
647 1789 653 1809 :
668 1782 699 1810 et
713 1780 782 1810 haec
795 1782 842 1809 est
856 1779 988 1810 tundata

212 1841 308 1872 supra
323 1833 478 1873 principia
493 1833 577 1871 fidei,
593 1842 665 1872 quae
681 1833 810 1872 quidem
823 1836 898 1864 sunt
917 1833 989 1863 arti-

213 1885 289 1923 culi,
305 1888 455 1916 ettamen
471 1887 623 1926 acquisita
643 1897 649 1917 z
667 1889 697 1917 et
712 1887 781 1916 haec
797 1888 843 1916 est
859 1885 989 1915 scientia

214 1947 312 1969 sacrae
327 1938 510 1978 Scripturae,
523 1948 620 1978 quam
633 1939 742 1970 nullus
756 1939 874 1970 habere
888 1940 989 1978 potest

216 1991 275 2021 nisi
297 1992 408 2022 saltem
432 1992 546 2022 haheat
569 1992 664 2022 fidem
685 1992 866 2022 informem.
895 1991 987 2028 Quae-

216 2043 289 2073 dam
304 2046 410 2074 autem
426 2047 482 2081 est,
506 2053 579 2084 quae
601 2045 740 2074 consistit
760 2045 793 2074 in
818 2044 988 2082 intellectu,

217 2097 283 2128 sive
307 2097 438 2136 ratione,
461 2098 493 2127 in
517 2101 673 2136 quantum
696 2097 826 2128 inclinat
842 2098 989 2128 affectum

217 2150 257 2180 ad
278 2150 493 2189 operationem
510 2160 516 2180 z
535 2152 566 2179 et
588 2150 656 2180 haec
679 2150 808 2180 fundata
832 2153 878 2180 est
894 2159 990 2189 supra

220 2203 374 2244 principia
384 2203 468 2242 juris
484 2203 655 2241 naturalis,
679 2212 751 2243 quae
772 2204 988 2234 ordi11aturad

222 2256 441 2287 rectitudinem
456 2259 486 2286 et
506 2257 702 2288 honestatem
717 2258 792 2288 vitae
809 2268 816 2287 ι
833 2261 863 2288 θῖ
877 2259 992 2298 hujiis-

222 2311 308 2342 modi
332 2313 377 2341 est
401 2310 530 2341 scientia
550 2310 676 2340 virtutis
688 2312 874 2350 prudentiae.
896 2312 992 2348 Quae-

222 2365 295 2396 dam
319 2367 425 2395 autem
454 2364 584 2394 scientia
606 2366 669 2402 est,
701 2374 774 2404 quae
797 2365 938 2395 consistit
959 2366 992 2395 in

222 2418 383 2449 intellectu
404 2418 578 2448 secundum
604 2418 690 2457 quod
705 2420 751 2448 est
774 2418 942 2448 inclinatus
962 2420 993 2448 et

222 2472 377 2502 inclinans
394 2480 401 2501 z
418 2470 600 2508 inclinatus,
616 2470 759 2510 inquam,
777 2481 795 2501 a
810 2471 885 2509 tide3
902 2474 932 2501 et
947 2471 991 2501 in-

223 2525 343 2556 clinans
357 2525 397 2556 ad
412 2525 527 2555 honam
543 2523 760 2563 operationem
775 2534 781 2553 :
797 2526 828 2554 et
840 2524 907 2554 hzec
924 2524 993 2554 sun-

223 2578 315 2608 datur
327 2586 423 2617 super
435 2577 589 2617 principia
602 2576 686 2614 fidei,
701 2578 731 2607 et
745 2575 839 2607 habet
852 2579 959 2607 ortum
974 2586 992 2607 a

276 2641 329 2670 Aug
342 2656 349 2667 ,
363 2639 392 2662 cle
410 2640 477 2664 [sior-t.
493 2639 591 2665 christ„
607 2639 649 2662 lib.
666 2639 696 2668 ll,
713 2646 734 2662 c.
751 2644 795 2669 vxi,
812 2646 837 2663 u.
853 2641 875 2662 9.

783 171 1092 205 SENTENTIAHUM
1112 171 1184 202 LlB.
1208 172 1260 204 111.

1043 238 1126 268 dono
1142 240 1254 277 gratiae
1272 250 1278 269 :
1306 242 1334 269 et
1350 239 1420 269 talis
1443 241 1488 269 est
1513 239 1654 277 scientia,
1680 249 1753 280 quae
1768 241 1814 271 est

1042 290 1163 321 donum
1177 291 1312 331 Spiritus
1327 293 1436 322 sancti.
1453 292 1488 322 Et
1503 301 1542 322 ex
1559 292 1619 323 hoc
1634 295 1728 332 patet,
1743 293 1814 333 quis

1043 345 1081 374 sit
1095 347 1183 375 actus
1198 346 1345 385 proprius
1356 346 1452 385 huius
1463 346 1548 376 doni.
1567 345 1619 376 nst
1628 347 1714 376 enim
1727 349 1815 377 actus

1042 398 1110 436 ejus
1127 398 1265 437 dirigere
1281 398 1318 428 ad
1335 399 1460 437 agenda
1485 399 1660 429 secundum
1676 398 1812 438 praeexi—

1041 451 1182 489 gentiam
1201 452 1320 491 regulae
1341 452 1440 491 ipsius
1462 452 1546 490 tidei,
1561 454 1653 491 quus
1677 455 1721 482 est
1737 451 1815 483 diri-

1041 512 1117 542 gere
1132 505 1170 535 ad
1187 515 1283 545 opera
1295 506 1536 543 misericordiae,
1560 508 1595 535 ut
1610 514 1674 536 non
1689 507 1813 535 tantum

1041 557 1123 587 bona
1138 567 1195 597 pro
1210 559 1301 589 bonis
1317 559 1438 596 reddat,
1456 559 1632 589 secundum
1649 558 1732 598 quod
1749 558 1812 588 dic-

1041 612 1084 640 tat
1099 611 1150 641 lex
1171 614 1312 649 naturae,
1339 612 1393 642 sed
1410 612 1504 642 etiam
1529 612 1610 642 bona
1631 620 1688 651 pro
1709 612 1812 650 malis,

1040 664 1215 693 secundum
1230 664 1315 704 quod
1329 665 1425 695 dictat
1441 664 1493 694 lex
1510 664 1634 702 gratiae,
1651 664 1690 694 ad
1705 673 1814 695 exem-

1040 716 1108 756 plar
1132 717 1231 756 ipsius
1245 716 1319 747 Jesu
1334 717 1461 753 Christi,
1485 717 1518 747 in
1533 726 1597 757 quo
1619 718 1678 748 fuit
1703 719 1815 756 gratiae

1040 769 1244 799 abundantia.
1263 769 1300 799 Et
1314 770 1384 801 ideo
1400 770 1438 800 ad
1455 770 1555 810 ipsam
1572 770 1736 800 scientiam
1751 779 1815 801 non

1039 822 1238 853 solummodo
1251 823 1387 862 pertinet
1401 823 1539 862 dirigere
1554 823 1585 853 in
1599 823 1745 861 agendis;
1761 823 1814 854 sed

1039 876 1135 905 etiam
1151 885 1189 906 ex
1207 877 1411 916 consequenti
1426 877 1562 916 pertinet
1585 885 1676 906 nosse
1692 885 1729 906 ea
1743 885 1815 916 quae

1039 932 1114 960 sunt
1134 930 1218 967 fidei,
1243 932 1395 970 tanquam
1414 930 1658 960 fundamentum
1684 938 1751 960 snae
1767 930 1814 960 di-

1039 985 1186 1014 rectionis
1193 995 1200 1022 ;
1236 987 1266 1015 et
1297 985 1429 1015 ulterius
1459 994 1551 1015 nosse
1584 985 1815 1016 humanitatem

1039 1038 1163 1075 Christi,
1186 1040 1349 1077 tamquam
1370 1038 1533 1077 exemplar
1547 1038 1596 1068 sui
1621 1038 1812 1077 regiminis:

1039 1092 1082 1122 ita
1097 1091 1182 1131 quod
1205 1091 1256 1121 liic
1279 1091 1393 1130 triplex
1418 1094 1507 1121 actus
1529 1092 1696 1122 conveniat
1718 1092 1747 1122 ei
1763 1101 1815 1122 se-

1039 1145 1179 1175 cundum
1206 1144 1359 1184 triplicem
1385 1146 1564 1183 respectum
1581 1155 1588 1175 :
1617 1154 1702 1175 unus
1726 1145 1814 1175 vide-

1038 1198 1109 1227 licet
1139 1200 1283 1237 respectu
1310 1198 1423 1237 objecti
1450 1197 1580 1235 motivi;
1616 1198 1695 1228 alter
1719 1207 1812 1236 vero,

1039 1253 1182 1289 respectu
1195 1251 1245 1281 sui
1261 1251 1469 1287 fundamenti,
1484 1253 1515 1281 et
1530 1251 1639 1281 tertius
1650 1253 1697 1281 est
1709 1260 1815 1282 exem-

1039 1303 1135 1342 plaris
1157 1303 1330 1334 excitativi.
1364 1303 1401 1334 Et
1423 1303 1499 1343 quia
1522 1303 1703 1344 principalis
1726 1306 1814 1334 actus

1039 1357 1192 1396 accipitur
1221 1366 1261 1387 ex
1287 1358 1375 1396 parte
1398 1356 1530 1395 obJecti,
1557 1356 1631 1386 hinc
1659 1359 1706 1387 est
1728 1356 1814 1396 quod

1040 1409 1219 1449 praecipnus
1241 1412 1329 1440 actus
1345 1409 1420 1439 doni
1443 1409 1582 1439 scientiae
1607 1412 1653 1440 est
1674 1399 1814 1448 dirigere

1040 1463 1122 1492 circa
1138 1462 1303 1500 actionem,
1321 1462 1494 1492 secundum
1510 1463 1593 1501 quod
1609 1463 1683 1493 dicit
1698 1463 1812 1501 Augu-

1041 1515 1158 1553 stinus,
1168 1518 1198 1545 et
1210 1515 1381 1545 ostendunt
1391 1516 1530 1546 rationes
1541 1515 1579 1546 ad
1592 1515 1652 1547 hoc
1663 1515 1811 1546 inductae:

1041 1570 1071 1599 et
1086 1568 1156 1598 ideo
1172 1570 1245 1598 sunt
1259 1568 1476 1599 concedendae.

1082 1625 1110 1652 1.
1133 1622 1180 1652 Ad
1200 1622 1279 1652 illud
1296 1631 1375 1661 ergo
1391 1622 1474 1662 quod
1494 1622 1596 1662 primo
1617 1622 1766 1661 objicitur
1780 1621 1814 1652 in

1041 1675 1248 1711 contrarium,
1264 1675 1349 1714 quod
1371 1675 1471 1714 ipsius
1493 1675 1632 1706 scientiae
1652 1678 1699 1706 est
1717 1675 1813 1706 fidem

1042 1728 1176 1766 gignere
1187 1731 1217 1758 et
1229 1728 1389 1766 roborare,
1402 1729 1570 1759 dicendum
1582 1729 1667 1769 quod
1679 1729 1735 1759 iste
1749 1737 1814 1759 non

1043 1783 1090 1811 est
1104 1783 1192 1811 actus
1207 1782 1279 1820 ejus
1290 1781 1482 1821 principalis,
1495 1782 1548 1812 sed
1559 1782 1597 1812 ad
1609 1781 1813 1821 principalem

1042 1834 1206 1865 ordinatus
1221 1844 1256 1864 ea
1267 1834 1399 1872 ratione,
1414 1844 1478 1873 qua
1491 1835 1620 1865 directio
1630 1835 1704 1865 doni
1715 1835 1816 1865 scien-

1043 1887 1095 1918 tiae
1119 1887 1151 1917 in
1170 1887 1303 1926 agendis
1326 1887 1470 1926 sequitur
1493 1890 1523 1918 et
1544 1888 1696 1918 fundatur
1720 1896 1816 1927 supra

1044 1940 1199 1980 principia
1214 1940 1313 1980 ipsius
1328 1941 1411 1971 fidei.

1084 1993 1113 2022 2.
1137 1992 1182 2022 Ad
1210 1991 1288 2021 illud
1313 1992 1398 2031 quod
1420 1991 1584 2031 objicitur,
1608 1992 1693 2031 quod
1716 1992 1816 2032 ipsius

1044 2045 1118 2075 doni
1139 2045 1279 2075 scientIae
1303 2046 1350 2074 est
1367 2044 1599 2075 humanitatem
1621 2047 1652 2075 et
1677 2045 1815 2083 gratiam

1045 2097 1159 2129 Christi
1174 2106 1277 2135 nosse,
1288 2098 1357 2136 jam
1372 2100 1457 2137 patet
1471 2098 1652 2137 responsio:
1668 2097 1743 2137 quia
1757 2106 1816 2128 nec

1046 2150 1097 2180 hic
1111 2152 1156 2181 est
1171 2153 1259 2181 actus
1273 2151 1373 2190 ipsius
1387 2151 1526 2181 scientiae
1543 2150 1726 2190 principalis
1736 2174 1745 2188 ‚
1762 2150 1816 2181 sed

1045 2204 1100 2244 qui
1125 2204 1163 2234 ad
1192 2204 1398 2244 principalem
1426 2204 1521 2235 hahet
1547 2204 1706 2242 ordinari,
1736 2205 1818 2235 sicut

1046 2258 1187 2296 cognitio
1202 2257 1338 2297 exempli
1359 2258 1445 2288 utilis
1469 2261 1515 2288 est
1533 2259 1572 2289 ad
1588 2259 1816 2290 evidentiorem

1046 2310 1261 2349 cognitionem
1283 2310 1344 2347 rei,
1362 2319 1435 2350 quae
1457 2311 1631 2342 secundum
1654 2310 1817 2351 exemplar

1047 2363 1125 2394 illud
1141 2363 1251 2394 debeat
1266 2364 1346 2394 fieri.

1088 2419 1116 2446 3.
1140 2417 1188 2447 Ad
1204 2416 1281 2447 illud
1296 2416 1379 2456 quod
1393 2417 1552 2456 objicitur,
1568 2417 1653 2457 quod
1666 2426 1722 2458 per
1737 2425 1814 2457 pru-

1047 2470 1185 2502 dentiam
1200 2470 1394 2500 sufficienter
1406 2470 1556 2510 dirigitur
1566 2471 1662 2501 homo
1674 2471 1707 2501 in
1720 2479 1816 2510 agen-

1047 2524 1111 2561 dis,
1136 2524 1204 2562 J'am
1230 2525 1313 2562 patet
1339 2524 1500 2563 responsio
1516 2534 1524 2554 z
1549 2523 1624 2563 quia
1649 2522 1815 2563 prudentia

1048 2576 1157 2615 dirigit
1180 2576 1356 2607 secundum
1379 2576 1532 2617 principia
1550 2576 1634 2616 juris
1661 2576 1816 2608 naturalis

1049 2630 1087 2660 ad
1098 2638 1134 2660 ea
1148 2639 1220 2669 quae
1231 2631 1362 2660 honesta
1372 2632 1445 2660 sunt
1456 2641 1463 2667 ;
1478 2630 1531 2659 sed
1544 2629 1684 2660 scientiae
1695 2629 1816 2661 donum
