2017 2948
70 238 77 250 Δ
88 233 172 253 undam.

681 161 776 192 DIST.
801 161 850 192 lx.
875 160 954 192 ART
980 161 1017 191 11.
1041 158 1192 197 QUAEsT.
1218 158 1267 189 lv.

228 229 341 259 Contra
353 241 359 259 z
372 229 523 259 Dominus
531 228 614 259 dedit
620 236 735 266 corpus
745 236 839 257 snum
850 227 865 257 J
870 227 952 263 udae,

188 291 228 312 ne
244 282 387 321 proderet
403 285 565 321 peccatum
586 280 676 311 Judae
694 291 700 310 :
718 289 797 318 ergo
811 280 954 310 similiter

187 339 217 366 et
233 336 375 366 sacerdos
391 336 430 372 ei,
448 344 542 374 quem
558 334 615 364 scit
628 343 695 364 esse
706 333 738 363 in
754 335 889 372 peccato,
904 333 953 363 de-

191 388 241 418 bet
254 388 338 418 dare.

228 440 301 471 item
311 441 508 479 Augustinus
520 440 556 471 de
566 439 803 471 Consecratz‘one
816 442 823 457 ¹
837 449 848 468 .·
861 450 874 466 «
885 437 954 468 Non

187 494 350 533 prohibeat
375 494 571 534 dispeusator
598 495 791 532 peccatorem
813 500 953 521 mensam

186 547 309 577 Domini
332 546 532 582 manducare,
551 546 601 576 sed
626 548 804 576 exactorem
829 546 953 574 moneat

186 599 307 629 timere.
325 611 338 626 n

225 651 302 682 Item
317 652 436 682 ratione
454 653 587 689 videtur,
603 653 678 691 quia
690 652 756 691 ipse
770 653 816 681 est
829 650 954 689 dispen—

186 707 270 735 sator
296 716 301 734 :
328 714 405 743 ergo
425 714 487 735 non
511 707 557 734 est
577 714 672 734 suum
695 704 779 743 quod
801 703 852 733 dat
866 727 873 740 ‚
900 703 953 733 sed

184 757 284 787 reddit
300 758 439 787 alienum
457 768 463 787 ε
480 766 559 795 ergo
574 758 607 787 in
622 757 699 787 facie
714 756 857 786 Ecclesiae
872 758 955 785 tene-

184 812 237 839 tur
256 811 329 841 dare
347 822 353 840 :
373 811 427 841 sed
444 820 506 841 non
527 813 630 849 peccat
646 810 785 841 faciendo
803 809 885 849 quod
907 811 952 839 te-

184 865 278 893 netur
293 874 300 893 ·.
318 873 407 902 ergo,
425 866 482 894 etc.

224 914 302 946 Item
316 925 381 946 non
397 916 488 946 debet
502 916 623 947 salvare
638 917 681 946 ita
695 916 835 946 animam
846 915 952 952 unius,

184 968 268 1007 quod
287 969 395 1008 perdat
416 969 538 999 animas
559 968 756 999 multorum:
784 968 837 998 sed
861 967 954 998 multi

184 1024 310 1060 possent
339 1023 377 1061 (a)
410 1022 613 1052 scandalizari
626 1045 634 1059 ‚
663 1021 687 1050 si
723 1030 787 1051 non
825 1020 911 1049 daret
946 1031 951 1049 ;

184 1078 275 1108 ergo,
292 1073 350 1100 etc.

225 1123 302 1153 Item
313 1148 320 1161 ‚
338 1124 362 1152 si
377 1132 440 1153 non
456 1124 522 1161 dat,
540 1123 643 1163 prodit
661 1123 779 1152 crimen
792 1124 823 1151 et
836 1121 955 1152 revelat

184 1176 411 1206 confessionem
425 1187 432 1213 3
450 1176 533 1215 quod
549 1178 675 1206 tenetur
691 1184 753 1205 nou
771 1176 880 1205 facere.

225 1229 301 1260 Item
312 1254 320 1267 ,
337 1230 362 1259 si
378 1239 442 1260 non
457 1230 507 1260 dat
520 1254 527 1267 ‚
549 1229 599 1259 ille
619 1229 826 1259 nihilominus
849 1231 954 1258 tamen

185 1285 301 1321 peccat,
318 1283 393 1322 quia
408 1283 480 1313 facit
495 1285 596 1312 totum
612 1282 695 1321 quod
711 1282 742 1311 in
756 1291 788 1311 se
803 1284 859 1310 est..

226 1335 314 1373 Item,
331 1336 356 1365 si
371 1336 423 1365 dat
438 1335 613 1375 simplicem
630 1335 778 1372 hostiam⁷
798 1334 850 1363 ille
870 1334 955 1363 nihi-

185 1388 323 1429 lominus
339 1391 464 1427 pecc-at,
486 1392 513 1418 et
538 1391 581 1418 cst
612 1388 654 1417 ibi
678 1387 836 1418 simulatio
847 1387 889 1431 ‚in
905 1396 954 1416 sa-

185 1443 346 1471 cramento
364 1441 504 1471 veritatis
522 1451 528 1471 :
545 1450 623 1480 ergo
644 1441 668 1470 si
684 1440 743 1470 hoc
758 1440 845 1470 nullo
861 1439 954 1470 modo

184 1496 230 1523 est
245 1494 435 1532 faciendum,
452 1496 546 1534 patet,
562 1497 620 1524 etc.

456 1609 681 1640 CONCLUSIO.

184 1699 310 1726 Sacerdos
326 1699 400 1725 debet
422 1699 484 1725 dare
498 1701 691 1726 sacramentum
710 1698 888 1725 Eucharistiae
906 1704 953 1731 pe-

221 1745 289 1770 tenti
300 1744 415 1778 publice,
431 1745 599 1778 quantumvis
614 1745 684 1769 sciat
699 1744 785 1778 ipsum
800 1749 850 1768 csse
863 1749 955 1776 pecca-

221 1791 316 1820 torem,
336 1790 361 1814 si
380 1791 416 1814 est
435 1791 558 1822 peccator
572 1788 704 1819 occulcus;
720 1789 744 1814 sz'
763 1789 847 1813 autem
868 1788 955 1812 mani-

219 1833 312 1865 festus,
329 1833 394 1859 dare
407 1840 458 1859 non
474 1832 556 1859 debet.

224 1919 315 1959 Resp.
342 1920 380 1950 ad
406 1929 476 1958 arg.
504 1920 675 1951 Dicendum
703 1920 787 1959 quod
811 1919 955 1950 sacerdos

184 1973 276 2003 debet
291 1973 365 2003 dare
386 1972 445 2010 illi,
469 1981 563 2012 quem
583 1972 641 2002 scit
658 1981 725 2002 esse
746 1974 951 2011 peccatorem,

183 2025 210 2056 si
223 2028 308 2066 petat
323 2026 355 2056 in
370 2027 488 2065 aperto,
506 2025 531 2055 si
548 2025 587 2055 sit
602 2025 743 2055 occultus
754 2027 909 2064 peccator,
925 2027 954 2054 et

183 2077 249 2117 ipse
273 2078 358 2109 solus
379 2079 447 2108 scit.
473 2078 506 2108 Si
530 2078 726 2116 manifestus,
752 2077 838 2106 nullo
861 2076 954 2107 modo

183 2131 274 2162 dehet
294 2132 385 2170 dure,
400 2132 468 2162 sive
480 2133 581 2171 petat,
601 2131 666 2162 sive
683 2140 765 2167 non,
787 2131 867 2161 sicut
881 2130 954 2160 dicit

216 2212 222 2225 ¹
238 2211 312 2241 Corp.
327 2211 380 2241 jur.
395 2218 494 2240 cauom,
510 2211 539 2234 de
557 2210 681 2240 Consecr.,
695 2217 717 2234 c.
736 2215 753 2234 11
772 2217 778 2232 :
799 2210 853 2233 Non
869 2209 953 2240 prohi-

186 2246 254 2276 beat,
269 2252 299 2269 ex
313 2247 460 2277 Augustino.

304 2671 376 2693 10³1.
403 2672 431 2692 Υ.

1713 161 1771 189 449

1012 226 1174 263 DomInus,
1187 226 1218 255 et
1228 224 1404 264 Cyprianus
1413 224 1450 255 de
1461 224 1678 255 histrionibus.
1689 224 1779 255 Ratio

1011 280 1117 308 autem
1131 286 1229 317 quare
1244 277 1334 307 debet
1349 276 1434 314 dare,
1454 279 1500 306 est
1515 276 1693 316 multiplex.
1710 276 1777 308 Pri-

1011 340 1063 361 ma
1077 333 1134 369 est,
1150 331 1225 370 quia
1240 331 1338 361 nescit
1352 332 1461 360 utrum
1476 329 1557 359 Deus
1572 329 1690 360 occulte
1703 339 1778 369 ope-

1011 386 1114 422 retur;
1132 383 1269 414 secunda
1293 385 1349 419 est,
1369 392 1408 412 ne
1430 382 1540 421 prodat
1559 382 1679 412 crimen
1695 383 1778 422 ejus3

1011 437 1102 466 tertia
1118 439 1174 472 est,
1192 446 1230 466 ne
1246 436 1324 466 alios
1344 434 1546 471 scandalizet;
1567 436 1690 473 quarta,
1706 435 1780 474 quia

1011 489 1127 529 illejils
1149 490 1243 520 habet
1264 489 1297 519 in
1317 488 1395 518 facie
1414 487 1561 518 Ecclesiae
1573 512 1581 525 ,
1599 489 1630 518 et
1644 489 1720 518 tunc
1734 490 1779 518 te-

1011 546 1105 573 netur
1119 543 1163 572 illi
1176 544 1232 581 jus
1246 551 1340 572 suum
1356 541 1472 582 petenti
1486 540 1626 571 reddere.

1053 600 1064 626 1
1083 598 1112 626 et
1127 599 1156 626 2.
1174 596 1219 626 Ad
1243 596 1320 626 illud
1340 604 1418 634 ergo
1439 594 1524 634 quod
1546 594 1651 633 primo
1667 594 1780 634 objici-

1011 652 1073 686 tur,
1095 649 1262 679 dicendum
1283 648 1366 688 quod
1386 647 1539 678 Dominus
1560 647 1721 686 prohibet,
1745 651 1782 679 ut

1012 710 1074 731 non
1088 701 1173 738 dent,
1188 701 1220 731 id
1235 704 1281 731 est.
1295 709 1358 731 non
1374 700 1524 737 offerant,
1541 708 1605 730 non
1621 699 1699 739 quin
1714 700 1782 731 red—

1011 754 1096 784 dant.

1052 809 1081 837 3.
1096 807 1143 837 Ad
1161 807 1236 837 illud
1252 807 1335 846 quod
1351 807 1497 846 objicitur
1511 807 1549 838 de
1564 807 1734 845 medicina,
1752 810 1782 837 et

1011 861 1049 891 de
1070 860 1123 890 illo
1146 861 1201 900 qui
1221 860 1362 899 projicit,
1387 862 1470 899 patet
1495 860 1673 900 responsio,
1705 861 1781 899 quia

1011 914 1076 954 ipse
1091 923 1156 944 non
1171 914 1233 951 dat⁷
1250 913 1303 943 sed
1317 913 1419 944 reddit
1433 915 1469 944 ut
1483 913 1635 944 alienum.

1050 968 1080 996 4.
1097 966 1143 997 Ad
1159 966 1236 995 illud
1259 965 1344 1005 quod
1366 965 1531 1005 objicitur,
1554 965 1641 1005 quod
1657 974 1722 996 non
1734 968 1781 997 est

1011 1019 1188 1049 reddendus
1212 1018 1338 1057 gladius
1360 1018 1491 1056 furioso,
1512 1018 1683 1049 dicendum
1697 1019 1782 1058 quod

1012 1072 1044 1101 in
1056 1071 1177 1110 judicio
1190 1073 1352 1102 teneretur
1367 1071 1513 1109 reddere,
1532 1072 1558 1101 si
1579 1080 1645 1102 non
1658 1074 1780 1102 consta-

1011 1126 1058 1154 ret
1075 1133 1149 1154 euin
1166 1133 1231 1154 esse
1248 1124 1421 1155 furiosum:
1439 1126 1470 1154 et
1484 1125 1558 1164 quia
1572 1125 1624 1155 hic
1639 1127 1783 1164 peccator

1010 1177 1043 1207 in
1054 1177 1184 1216 ‘iudicim
1203 1180 1232 1206 et
1246 1177 1323 1207 facie
1338 1177 1483 1208 Ecclesiae
1497 1177 1584 1216 petit,
1600 1180 1631 1208 et
1645 1186 1709 1208 non
1725 1186 1781 1216 ap-

1011 1232 1099 1268 paret
1115 1239 1211 1259 suum
1227 1232 1400 1268 peccatum,
1415 1229 1485 1260 ideo
1500 1230 1591 1260 debet
1604 1231 1631 1260 ei
1645 1230 1730 1261 dare.

1051 1285 1069 1312 5
1085 1284 1115 1312 et
1129 1285 1159 1312 o'.
1176 1282 1222 1312 Ad
1238 1282 1314 1313 illud
1329 1283 1412 1322 quod
1428 1283 1577 1322 objicitur
1593 1283 1631 1314 de
1647 1283 1779 1321 occulto,

1010 1336 1178 1366 dicendum
1193 1337 1277 1376 quod
1295 1340 1439 1376 peccator
1454 1337 1608 1376 indignus
1623 1340 1686 1376 est,
1704 1338 1780 1368 etin

1012 1390 1141 1420 veritate
1156 1399 1221 1420 non
1236 1390 1331 1420 hebet
1342 1392 1414 1429 jus:
1431 1390 1527 1421 habet
1541 1393 1646 1421 tamen
1658 1391 1713 1430 jus
1732 1400 1780 1421 se-

1010 1443 1149 1473 cundum
1165 1443 1325 1482 judicium
1341 1443 1498 1481 Ecclesiae‚
1522 1444 1597 1483 quia
1611 1453 1675 1474 non
1690 1453 1780 1474 cons-

1010 1498 1055 1526 tat
1070 1496 1108 1526 de
1126 1498 1264 1535 peccato,
1281 1505 1339 1526 nec
1362 1498 1504 1526 constare
1520 1499 1638 1536 potest:
1661 1498 1692 1527 et
1712 1496 1782 1528 ideo

1009 1549 1136 1588 quando
1151 1551 1300 1587 operatur
1313 1548 1489 1578 secundum
1505 1549 1671 1580 veritatem
1685 1551 1716 1580 et
1726 1550 1782 1589 ju-

1010 1601 1126 1631 dicium
1142 1610 1248 1639 suum,
1266 1610 1329 1631 non
1347 1603 1473 1631 tenetur
1487 1601 1572 1639 dare,
1590 1602 1718 1641 quando
1731 1611 1781 1633 se-

1010 1654 1150 1684 cundum
1173 1654 1330 1693 judicium
1353 1654 1499 1686 Ecclesiae
1518 1656 1644 1686 tenetur
1663 1666 1670 1686 ι
1694 1657 1725 1686 et
1741 1664 1781 1686 ex

1009 1707 1069 1737 hoc
1087 1709 1173 1746 patet
1194 1708 1278 1746 quod
1301 1716 1365 1738 non
1384 1707 1457 1738 facit
1477 1709 1586 1738 contra
1602 1707 1778 1747 veritatem,

1010 1760 1062 1790 sed
1074 1760 1249 1790 secundum
1261 1760 1439 1790 veritatem.
1453 1760 1469 1791 J
1473 1760 1557 1791 udex
1567 1761 1651 1791 enim
1666 1761 1699 1791 in
1713 1761 1780 1793 soro

1010 1812 1154 1843 Ecclesiae
1172 1812 1294 1852 judicat
1314 1813 1489 1844 secundum
1509 1822 1546 1844 ea
1568 1822 1641 1853 quae
1655 1816 1777 1854 patent,

1009 1874 1073 1896 non
1088 1865 1262 1896 secundum
1277 1875 1314 1896 ea
1328 1875 1401 1905 quae
1417 1865 1535 1896 latent:
1552 1866 1637 1897 unde
1648 1867 1778 1897 seanda-

1009 1918 1076 1948 lum
1092 1927 1156 1949 non
1170 1920 1217 1948 est
1231 1920 1295 1949 tota
1309 1928 1416 1949 causa.
1427 1919 1584 1950 Ultimum
1594 1922 1688 1959 patet,
1706 1920 1781 1960 quia

1010 1980 1073 2001 non
1089 1971 1216 2001 deberet
1231 1971 1305 2001 dare
1319 1972 1456 2002 hostiam
1471 1980 1536 2002 non
1549 1974 1777 2003 consecratam:

1009 2025 1092 2062 nam¹
1102 2023 1127 2053 si
1150 2023 1252 2061 daret,
1279 2027 1420 2064 peccaret
1442 2024 1511 2062 ille,
1536 2026 1567 2055 et
1589 2025 1655 2064 ipse
1677 2025 1777 2056 simu-

1008 2077 1122 2107 lando:
1140 2077 1209 2115 *nisi
1231 2077 1370 2107 fortassis
1392 2077 1458 2117 ipse
1478 2079 1622 2117 peccator
1644 2077 1780 2109 hostiam

1008 2132 1127 2169 peteret
1146 2130 1185 2161 ob
1201 2130 1362 2161 vitandam
1377 2130 1556 2168 infamiam,
1576 2132 1608 2161 et
1622 2130 1655 2161 in
1671 2130 1779 2161 Domi—

1008 2182 1070 2213 nici
1086 2183 1227 2223 corporis
1244 2183 1466 2214 reverentiam.

1039 2245 1071 2273 (α)
1089 2244 1150 2268 Coet.
1165 2244 1224 2268 edit.
1240 2247 1356 2275 possunt.

1632 2669 1668 2693 ,o
