2017 2948
105 1688 137 1708 Ad
157 1694 206 1713 supp.

215 117 274 147 536

213 192 280 212 rem
296 182 466 212 ct'ticaciam
480 183 572 213 credo
587 184 672 222 quod
689 184 818 223 recipiat
839 184 935 214 homo
951 183 983 213 in

212 244 278 265 una
298 235 409 272 missa,
436 235 487 266 vel
516 236 774 271 manducatione,
804 245 878 266 cum
903 236 986 266 bona

213 287 461 328 praeparatione,
485 297 582 328 quam
605 289 637 319 in
663 289 789 325 multis,
814 290 838 318 si
862 298 926 319 non
953 298 985 319 se

215 342 370 380 praeparet
384 340 566 380 diligenter.

253 396 283 424 2.
308 393 354 424 Ad
377 393 462 424 aliud
491 394 575 434 quod
597 394 671 424 dicit
695 394 912 433 Augustinus,
936 395 985 425 di-

213 446 349 478 cendum
377 447 461 487 quod
484 447 542 477 hoc
567 446 640 476 (licit
672 446 893 486 Augustinus,
922 457 985 478 non

213 503 288 542 quia
302 502 504 533 manducatio
519 502 756 532 sacramentalis
772 512 835 533 non
853 503 893 533 sit
907 503 983 533 fruc-

214 557 318 592 tuosa;
336 555 389 585 sed
405 556 514 585 contra
536 553 620 592 illos,
637 555 691 594 qui
711 555 879 586 carnaliter
901 555 987 586 hunc

215 608 322 638 cibum
330 607 527 647 spIritualem
538 607 753 646 comedebant,
771 609 844 648 quia
861 608 985 639 nullum

217 661 353 690 fructum
369 659 583 699 reportabant.

257 715 285 743 3.
309 712 357 743 Ad
372 712 448 742 illud
463 712 547 752 quod
563 712 729 752 objicitur,
746 714 831 753 quod
845 715 988 745 securius

217 769 277 803 est;
295 765 478 803 dicendum,
490 766 574 805 quod
586 767 733 806 quamvis
749 767 831 798 istud
846 768 885 798 sit
901 777 988 799 secu-

216 820 298 857 rius,
315 822 422 850 tamen
437 819 517 850 istud
535 822 582 850 est
596 820 717 857 utilius,
734 821 808 861 quia
823 821 904 852 sicut
920 822 989 861 plus

217 873 343 913 prodest
369 873 544 913 baptismus
572 874 739 912 sanguinis
771 877 802 905 et
829 874 985 912 fluminis,

217 936 315 967 quam
331 926 496 965 sanguinis
510 928 651 964 tantum;
669 928 711 957 sic
732 928 801 967 plus
816 929 988 959 manduca-

217 979 262 1010 tio
280 979 468 1018 spiritualis,
488 980 615 1019 quando
631 982 799 1019 conjuncta
815 984 862 1011 est
884 990 986 1012 sacra-

219 1032 364 1069 mentali,
382 1041 477 1072 quam
493 1033 619 1072 quando
636 1036 682 1063 est
697 1043 797 1073 perse
813 1034 927 1065 solum.

258 1088 287 1116 4.
311 1085 359 1115 Ad
374 1085 475 1123 aliud,
492 1085 660 1116 dicendum
682 1086 767 1126 quod
789 1090 923 1126 uterque
938 1088 991 1118 dat

219 1138 354 1176 gloriam
368 1137 448 1175 Deo,
466 1140 496 1167 et
510 1138 565 1177 qui
581 1138 750 1168 manducat
761 1148 833 1169 cum
848 1148 991 1170 reveren-

218 1192 279 1229 tia,
297 1194 327 1222 et
342 1192 397 1231 qui
410 1200 450 1222 ex
462 1192 640 1222 reverentia
650 1192 787 1224 dimittit.
803 1193 891 1224 Sicut
905 1196 990 1224 enim

219 1245 293 1275 dicit
321 1244 536 1283 Augustinus,
568 1247 598 1275 et
627 1245 774 1276 Centurio
790 1250 798 1266 ¹
820 1247 991 1277 Dominum

219 1297 403 1335 honoravit,
415 1306 487 1328 cum
501 1298 602 1328 noluit
617 1299 701 1338 quod
716 1299 847 1329 domum
863 1302 931 1339 eJus
946 1301 992 1330 in-

221 1352 333 1388 traret,
354 1353 384 1381 et
397 1350 567 1382 Zacchaeus
578 1356 599 1389 2,
623 1353 677 1391 qui
694 1353 727 1382 in
744 1353 876 1384 domum
893 1354 990 1385 intro-

220 1403 321 1434 duxlt.

480 1471 657 1509 QUAESTlo
677 1473 728 1503 Ill.

221 1549 266 1575 Au
280 1549 353 1576 homo
371 1552 483 1584 propter
498 1552 698 1578 immunditiam
714 1553 806 1579 debeat
821 1562 845 1580 sc
859 1556 993 1582 retrahere

457 1595 489 1620 ab
504 1595 550 1621 hoc
564 1599 727 1623 sacramento
742 1596 760 1623 ³.

263 1670 376 1701 L'trum
390 1671 487 1702 homo
510 1672 621 1703 debeat
644 1682 677 1703 se
700 1674 859 1705 retrahere
880 1676 919 1706 ab
934 1676 993 1706 hoc

223 1726 420 1754 sacramento
444 1727 571 1764 propter
587 1726 823 1758 immunditiam
846 1737 994 1768 corpora-

223 1777 300 1815 lem;
318 1780 347 1808 et
362 1778 446 1817 quod
461 1778 520 1816 sic,
539 1778 682 1816 videtur,
699 1781 774 1819 qnia
786 1781 818 1811 in
835 1781 905 1819 lege
918 1791 994 1812 mu-

222 1830 290 1868 lier,
312 1839 384 1870 quae
399 1832 563 1861 menstrua
584 1833 771 1871 patiebatur,
789 1835 994 1874 reputabatur

223 1883 401 1921 immunda3
421 1884 565 1915 similiter
582 1885 645 1923 vir,
661 1887 715 1925 qui
741 1887 919 1926 patiebatur
941 1898 993 1919 se-

225 1937 319 1967 minis
329 1936 452 1967 fluxum
463 1948 469 1975 ;
483 1938 626 1968 similiter
642 1939 756 1970 mulier
767 1943 836 1980 post
847 1943 991 1980 partum:

224 1993 253 2020 et
269 1992 397 2030 propter
412 1990 485 2020 istas
507 1991 725 2022 immunditias
746 1994 935 2024 arcebantur
954 1996 994 2025 ab

226 2043 373 2081 ingressu
387 2043 420 2073 in
443 2043 614 2083 templum,
632 2047 662 2075 et
680 2054 736 2076 esu
757 2047 835 2085 agni
856 2047 995 2078 abstine-

224 2096 322 2125 bant:
342 2104 422 2134 ergo
443 2096 569 2127 videtur
591 2098 675 2137 quod
698 2099 797 2129 multo
819 2100 930 2130 fortius
954 2101 994 2131 ab

224 2158 281 2179 esu
296 2149 373 2188 agni
387 2149 454 2179 veri
470 2150 616 2180 homines
629 2152 727 2182 arceri
743 2152 856 2183 debent
870 2157 995 2193 propter

225 2202 460 2232 immunditiam
475 2203 681 2242 corporalem.

264 2258 294 2286 2.
319 2255 397 2285 Item
421 2265 461 2286 ex
484 2255 619 2286 Concilio
652 2256 831 2289 Elibertano
863 2259 993 2297 dicitur,

224 2309 268 2341 De
286 2309 475 2347 Consecrat„
490 2308 560 2339 dist.
578 2318 611 2338 XI
630 2318 637 2338 ι
655 2321 668 2337 α
684 2309 793 2340 Omnis
807 2311 904 2342 homo
922 2315 996 2343 ante

226 2371 348 2392 sacram
376 2362 634 2393 communionem
663 2362 818 2395 abstinere
842 2365 932 2396 debet
956 2367 995 2396 ab

227 2424 327 2445 uxore
342 2415 471 2455 propria
485 2415 600 2453 tribus,
622 2418 678 2446 aut
692 2418 839 2455 quatuor,
855 2420 912 2448 aut
927 2421 996 2449 octo

259 2514 263 2525 ¹
281 2512 384 2540 Mami..
404 2519 464 2541 vui,
480 2514 502 2537 8.
521 2527 546 2530 -
570 2513 577 2527 ²
597 2513 665 2543 Luam,
682 2519 735 2543 xix,
756 2516 777 2537 (ἱ.
798 2528 820 2530 a
843 2516 850 2527 ³
869 2516 908 2544 Cf.
925 2515 995 2540 Alex.

229 2548 431 2579 Ateus.‚p.1v,q.
442 2549 592 2579 xmuembr.
606 2551 628 2580 2,
638 2550 767 2581 art-2533
780 2550 909 2580 §.Thonffi
919 2558 943 2580 p.
955 2552 996 2580 ΙΙΙ,

229 2589 252 2612 q.
268 2588 344 2612 Lxxx,
357 2586 404 2607 art.
420 2585 448 2613 2}
464 2586 489 2608 et
505 2585 534 2607 tv
552 2584 630 2615 Seue„
644 2585 702 2614 dist,
717 2591 751 2615 ix,
767 2592 792 2616 q.
810 2592 848 2615 ni,
863 2588 911 2610 art.
926 2588 954 2615 ⁴¹⁶}
972 2588 998 2610 et.

772 114 1082 147 SENTENTIARUM
1106 114 1178 145 LIB.
1203 114 1252 145 tv.

1041 182 1162 213 diebus.
1178 194 1193 210 »
1212 182 1272 212 Sed
1294 182 1426 222 quilibet
1441 183 1542 221 potest
1562 182 1714 221 conjungi
1737 192 1809 214 cum

1040 245 1140 267 uxore
1153 237 1279 276 propria
1289 236 1357 266 sine
1368 235 1571 266 immunditia
1583 237 1697 266 mentis
1711 247 1717 267 :
1733 245 1811 276 ergo

1041 288 1118 319 illud
1134 289 1251 319 dictum
1272 291 1317 319 est
1337 291 1409 319 ante
1427 290 1554 328 propter
1576 288 1811 320 immunditiam

1041 341 1180 381 corporis
1197 353 1203 372 z
1223 344 1253 372 et
1268 342 1322 378 sic,
1339 344 1397 372 etc.

1081 396 1109 424 3.
1133 394 1211 425 Item
1225 394 1399 433 Gregorius
1412 394 1503 431 dicit,
1522 393 1607 433 quod
1621 393 1760 433 pollutus
1773 403 1814 425 ex

1041 449 1231 488 cogitatione
1248 449 1436 489 praecedenti
1450 458 1514 479 non
1530 449 1622 479 debet
1641 448 1787 480 accedere
1805 460 1812 480 z

1042 505 1095 533 aut
1109 512 1187 541 ergo
1204 503 1262 533 boc
1277 505 1323 533 est
1339 504 1466 542 propter
1489 502 1727 533 immunditiam
1741 511 1814 533 cor-

1043 555 1195 595 poralem,
1212 558 1267 586 aut
1282 555 1478 595 spiritualem
1496 566 1503 586 z
1521 564 1585 586 non
1599 555 1813 595 spiritualem,

1042 609 1115 647 quia
1125 608 1347 648 propterillam
1358 608 1601 646 cogitationem,
1617 608 1718 639 sinon
1734 610 1814 640 esset

1042 664 1148 692 secuta
1166 661 1311 701 pollutio,
1326 670 1388 692 non
1405 661 1612 700 impediretur
1628 671 1635 692 :
1652 670 1730 700 ergo
1744 671 1815 702 pro-

1043 717 1111 754 pter
1127 714 1363 744 immunditiam
1379 714 1585 753 corporalem.

1083 770 1112 798 4.
1138 767 1236 797 Item⁶
1262 778 1268 797 ε
1292 766 1427 798 Habebis
1447 767 1564 805 locum,
1588 769 1647 798 etc.
1674 767 1782 799 Glossa
1807 779 1813 799 :

1047 832 1062 849 <z
1075 820 1261 851 Munditiam
1282 821 1477 860 corporalem
1493 820 1597 859 diligit
1613 821 1696 851 Deus
1715 832 1726 851 :
1746 822 1814 853 ideo

1044 875 1202 915 praecipit⁷
1223 874 1305 905 nibil
1324 874 1442 905 foedum
1465 883 1593 905 manere
1612 874 1644 905 in
1658 875 1780 906 castris.
1796 886 1811 903 ι»

1044 927 1146 966 Ergo,
1163 930 1220 958 etc.

1085 984 1113 1012 5.
1146 980 1223 1011 Item
1246 981 1367 1011 ratione
1392 981 1527 1018 videtur,
1552 981 1630 1021 quia
1651 981 1677 1011 si
1703 981 1818 1021 aliquis

1045 1034 1220 1064 immundis
1254 1035 1402 1065 manibus
1429 1037 1645 1072 consecraret,
1676 1036 1819 1074 peccaret

1045 1088 1154 1127 utique
1169 1090 1465 1126 quantumcumque
1480 1090 1607 1117 sanctus
1627 1096 1634 1117 :
1651 1096 1744 1126 ergo,
1757 1089 1815 1118 etc.

1085 1143 1115 1170 6.
1141 1140 1233 1177 Item,
1253 1140 1285 1170 in
1308 1140 1366 1169 hoc
1386 1142 1582 1170 sacramento
1605 1149 1669 1170 non
1694 1142 1817 1171 tantum

1046 1197 1090 1223 est
1116 1193 1191 1232 quid
1216 1193 1395 1233 spirituale,
1423 1193 1476 1223 sed
1509 1193 1604 1223 etiam
1633 1194 1793 1233 corporale
1808 1203 1814 1222 :

1046 1255 1126 1285 ergo
1140 1246 1231 1276 debet
1246 1255 1314 1276 esse
1330 1246 1486 1276 munditia
1502 1246 1683 1285 corporalis,

1087 1299 1147 1330 Sed
1165 1302 1273 1329 contra
1290 1310 1297 1329 ε
1318 1299 1375 1329 Iste
1391 1299 1480 1330 cibus
1495 1308 1561 1329 non
1576 1302 1622 1329 est
1640 1299 1731 1329 cibus
1744 1308 1819 1330 ven-

1047 1352 1113 1389 triS,
1127 1352 1180 1382 sed
1201 1352 1315 1382 mentis
1332 1362 1338 1381 :
1356 1360 1435 1390 ergo
1456 1352 1574 1382 retrahi
1595 1352 1686 1383 debet
1705 1352 1819 1392 aliquis

1048 1405 1114 1436 sola
1127 1405 1329 1436 immunditia
1345 1405 1470 1441 mentis,
1484 1415 1548 1436 non
1564 1406 1678 1436 carnis.

1089 1458 1167 1489 Item
1182 1458 1287 1497 magis
1301 1458 1442 1497 displicet
1457 1458 1519 1489 Deo
1534 1458 1735 1490 immunditia
1751 1468 1819 1500 pec·

1048 1512 1108 1542 cati
1137 1512 1270 1542 venialis
1282 1535 1289 1548 ,
1318 1521 1413 1551 quam
1441 1512 1591 1551 quaelibet
1618 1512 1820 1543 immunditia

1049 1565 1219 1604 corporalis
1241 1576 1248 1595 :
1271 1565 1323 1595 sed
1350 1567 1478 1604 propter
1509 1567 1671 1604 peccatum
1696 1566 1820 1597 veniale

1048 1619 1254 1648 commissum
1277 1627 1341 1648 non
1361 1618 1452 1648 debet
1479 1618 1550 1657 quis
1577 1627 1609 1648 se
1634 1618 1816 1650 retrahere:

1049 1681 1128 1710 ergo
1143 1681 1201 1702 nec
1212 1674 1339 1711 propter
1349 1671 1488 1710 aliquam
1501 1671 1738 1702 immunditiam
1753 1681 1820 1703 cor-

1050 1725 1200 1765 poralem.

1091 1778 1168 1808 Item
1183 1776 1386 1807 immunditia
1408 1776 1599 1816 corporatis,
1615 1779 1652 1807 ut
1676 1777 1817 1816 pollutio,

1050 1840 1114 1861 non
1146 1830 1276 1870 impedit
1306 1830 1581 1860 manducationem
1609 1830 1817 1869 spiritualem,

1050 1893 1122 1924 quae
1133 1886 1180 1914 est
1196 1882 1332 1913 nobilior
1348 1893 1354 1912 ε
1371 1891 1450 1921 ergo
1465 1882 1566 1913 multo
1579 1882 1687 1913 minus
1701 1892 1759 1914 uec
1773 1892 1821 1914 sa-

1050 1935 1285 1967 cramentalem.

1323 2022 1547 2055 CONCLUSIO.

1051 2102 1204 2136 corporalis
1232 2099 1405 2126 immunditia
1415 2119 1421 2129 .
1449 2099 1569 2133 sejuncta
1595 2100 1626 2126 ab
1649 2107 1680 2126 ea
1704 2107 1761 2134 quoe
1784 2102 1821 2127 est

1085 2147 1178 2172 mentis
1192 2145 1359 2179 impuritate,
1375 2151 1426 2170 non
1442 2144 1553 2178 impedit
1566 2145 1741 2178 sumptionem
1757 2145 1820 2178 diq-

1086 2198 1146 2216 mzm
1160 2189 1354 2220 Eztchan'stioe3
1370 2195 1455 2218 secuS,
1471 2189 1494 2214 st
1508 2189 1603 2214 mentis
1624 2187 1821 2215 immunditiam

1087 2234 1164 2260 habet
1180 2241 1322 2259 anneoeam.

1092 2309 1183 2349 Resp.
1199 2309 1237 2340 ad
1249 2317 1322 2347 arg.
1340 2308 1512 2338 Dicendum
1527 2307 1611 2348 quod
1621 2308 1822 2339 immunditia

1052 2363 1222 2403 corporalis
1237 2362 1436 2402 quadruplex
1451 2364 1516 2391 est:
1529 2361 1678 2401 quaedam
1693 2364 1739 2392 est
1750 2370 1821 2392 con-

1048 2418 1159 2456 juncta
1173 2414 1513 2455 spiritualisecundum
1525 2414 1700 2452 veritatem,
1709 2415 1744 2444 ut
1757 2412 1822 2452 pol-

1052 2514 1081 2537 [le
1101 2514 1186 2536 Vei-it..
1202 2520 1226 2544 q.
1240 2519 1331 2542 xxviii,
1347 2514 1393 2536 art.
1411 2514 1434 2535 53.
1446 2512 1475 2535 ad
1489 2513 1502 2535 6
1515 2518 1521 2539 ;
1535 2511 1681 2540 Richardus,
1699 2510 1729 2534 IV
1742 2510 1819 2539 Sene„

1053 2550 1109 2573 dist.
1124 2555 1158 2579 lx,
1169 2552 1215 2572 art.
1227 2552 1250 2579 23,
1261 2556 1285 2579 *l-
1302 2554 1343 2578 iii;
1356 2548 1443 2579 Steph.
1458 2548 1558 2577 ΒιῚικείἼ
1571 2547 1599 2571 iv
1612 2547 1690 2575 Sene„
1701 2546 1758 2570 dist.
1772 2551 1819 2574 111,

1056 2592 1080 2616 q.
1094 2590 1136 2609 xv.
1150 2597 1180 2602 —
1194 2584 1203 2600 ⁴
1214 2585 1324 2613 Denter„
1341 2589 1418 2613 xxui.
1434 2585 1472 2607 12.

1834 1311 1839 1331 l
1852 1314 1936 1334 undam.
