2017 2948
218 135 276 162 478

256 198 347 237 Resp.
363 195 537 226 Dicendum
548 195 557 212 ⁸
577 194 660 235 quod
676 194 802 234 proprie
819 193 988 233 loquendo,

213 260 287 282 cum
302 250 362 280 hoc
372 248 553 286 relativum,
564 247 660 287 quod,
673 247 712 277 sit
724 246 891 277 relativum
904 246 988 275 iden-

212 303 320 341 titatis,
333 304 364 333 et
379 301 577 342 suppositum
593 310 657 331 non
673 300 711 330 sit
724 299 807 329 idem
823 308 895 328 cuin
909 307 988 338 prai-

212 356 329 393 dicam,
356 355 441 395 quod
464 354 648 394 simpliciter
677 352 835 391 loquendo
862 352 987 392 proprio

212 409 290 440 falsa
311 411 373 448 est,
399 417 456 439 nec
479 407 629 447 Magister
656 405 729 436 dicit
755 404 986 435 concedendam

211 463 386 494 secundum
401 462 584 502 opinionem
601 468 703 490 suain.
719 458 751 489 Si
771 460 877 489 autem
898 457 985 496 lega-

210 519 263 547 tur
278 526 296 546 a
311 516 440 552 sanctis,
457 512 679 553 exponendam
694 520 761 542 esse
777 510 880 541 credo.
900 510 986 540 Unde

210 579 283 601 cum
301 568 501 607 Augustinus
520 566 595 596 dicit
609 566 619 581 ²
639 565 723 604 quod
739 573 853 605 corpus
872 564 983 595 Christi

210 623 344 653 dicimus
364 621 439 651 illud
452 644 459 656 ,
480 619 565 659 quod
580 628 619 649 ex
640 618 794 649 fructibus
809 621 902 648 terrae
918 616 984 647 col-

211 676 342 713 lectum⁷
363 677 438 711 etc.;
462 672 631 703 dicendum
655 672 739 711 quod
764 671 843 702 illud
865 671 982 701 dictum

209 732 255 760 est
277 732 433 769 quantum
449 728 487 758 ad
504 728 636 767 signum
659 727 812 764 exterius,
829 728 859 756 et
874 735 983 757 secun-

209 784 285 814 slum
301 783 519 822 metaphoram
540 785 585 811 est
602 779 857 818 intelligendum,
875 788 983 810 secun-

209 838 285 867 dum
305 836 389 876 quod
411 835 541 875 signum
564 843 620 874 pro
643 834 770 872 signato
791 832 930 872 ponitur,
952 834 982 862 et

210 892 340 921 vocatur
369 889 430 920 hoc
462 897 577 928 corpus
609 886 720 917 Christi
748 888 980 917 sacramentum

209 944 349 984 corporis
365 942 492 973 Christi.

524 1040 592 1062 DUB.
619 1040 662 1061 111.

252 1109 278 1131 tn
295 1107 349 1138 ipsa
366 1105 547 1130 immolationis
562 1104 626 1128 liora
643 1103 673 1142 ³¹5¹
692 1102 830 1127 sacerdotis
848 1109 936 1126 vocem
966 1130 968 1133 Ι

495 1140 573 1164 coelos
591 1139 694 1170 aperiri.

245 1212 375 1244 Videtur
400 1210 571 1249 Gregorius
590 1208 642 1239 hic
666 1207 748 1238 male
769 1207 888 1244 dicere,
905 1206 980 1246 quia

206 1266 232 1296 si
247 1265 444 1306 aperiuntur,
461 1271 571 1303 quaero
585 1261 624 1292 ad
639 1260 714 1301 quid
727 1271 734 1291 t
758 1260 783 1290 si
797 1261 833 1290 ut
846 1260 976 1290 descen-

205 1320 273 1357 dat⁷
289 1318 414 1350 videtur
429 1317 553 1354 salsum7
573 1315 646 1354 quia
667 1315 767 1354 potest
786 1313 979 1343 descendere

204 1374 271 1403 sine
298 1371 458 1412 apertione
481 1369 643 1400 coelorum.
672 1367 809 1404 Iterum,
837 1367 875 1397 ad
901 1366 977 1405 quid

203 1425 374 1462 descendit7
393 1423 508 1454 scilicet
532 1424 566 1452 ut
585 1421 674 1461 panis
691 1422 928 1451 converteretur
946 1419 977 1449 in

202 1489 318 1519 eorpus
337 1488 431 1509 suum
452 1477 504 1507 hic
519 1475 660 1505 iuferius.
686 1474 718 1505 Si
733 1474 817 1504 dicas
833 1474 893 1504 hoc
911 1473 977 1504 dic-

204 1536 271 1563 tum
286 1532 415 1572 tropice,
431 1539 541 1570 quaero
553 1529 586 1559 in
603 1537 667 1567 quo
683 1530 785 1566 tropo.

246 1586 335 1626 Hesp.
358 1584 530 1615 Dicendum
554 1582 639 1622 quod
660 1581 751 1620 panis
772 1580 846 1616 iste,
868 1578 923 1618 qui
944 1579 976 1608 in

202 1640 291 1671 altari
309 1639 484 1675 conficitur,
500 1639 546 1667 est
562 1636 652 1675 panis
674 1633 808 1665 coelestis
825 1643 830 1662 :
859 1632 976 1663 coelum

203 1696 310 1723 autem
332 1692 446 1723 dieitur
461 1690 591 1730 aperiri,
610 1688 738 1728 quando
753 1687 926 1717 vehemens
941 1686 977 1714 fit

204 1745 366 1775 influentia
388 1744 425 1774 de
442 1742 600 1782 superius.
618 1739 775 1777 Quoniam
794 1738 893 1777 igitur
913 1738 974 1767 im-

205 1798 383 1829 molationis
404 1797 484 1827 hora
500 1795 592 1826 nobis
607 1794 699 1833 panis
721 1793 855 1823 coelestis
873 1795 902 1822 et
919 1800 973 1821 su-

203 1850 474 1891 persubstantialis
489 1848 652 1885 tribuitur,
665 1847 738 1877 hinc
750 1847 795 1877 est
806 1844 891 1885 quod
902 1843 976 1874 Gre-

203 1906 314 1944 gorius
330 1905 404 1935 dicit
427 1903 522 1934 coelos
537 1901 668 1941 aperiri,
689 1900 768 1930 sicut
783 1899 817 1929 in
832 1899 902 1937 ejus
922 1907 976 1928 na-

202 1959 323 1990 tivitate
346 1958 470 1995 dicitur,
496 1956 581 1996 quod
605 1964 660 1995 per
688 1955 790 1984 totum
816 1951 975 1982 mundum

204 2011 345 2042 melliflui
359 2011 514 2041 factisunt
528 2009 609 2044 cosli,
626 2007 702 2048 quia
713 2007 805 2037 datus
821 2007 867 2035 est
880 2003 974 2034 nobis

206 2065 272 2102 iste⁷
290 2064 346 2103 qui
360 2063 481 2094 dulcior
498 2065 544 2093 est
558 2063 568 2079 ²
587 2069 680 2101 super
694 2059 751 2091 mel
766 2062 795 2090 et
812 2060 931 2096 [avum.

520 2165 587 2186 nun.
605 2164 650 2186 lv.

203 2231 230 2254 ln
245 2229 339 2254 coelum
354 2228 449 2259 rapitur
461 2226 600 2251 ministerio
611 2224 760 2255 augelorum
774 2220 972 2246 consociandum

480 2261 580 2292 corpori
595 2259 697 2284 Christi.

240 2333 372 2364 Videtur
390 2331 507 2361 falsum
529 2328 647 2363 (licere,
665 2325 741 2364 quia
764 2323 842 2354 illud
857 2331 972 2361 corpus

200 2386 338 2416 sumitur
353 2396 371 2415 a
386 2383 563 2414 sacerdote:
585 2389 665 2418 crgo
686 2387 748 2408 uon
769 2377 890 2416 rapitur
910 2375 970 2405 mi-

200 2439 344 2469 nisterio.
364 2438 452 2475 Item,
465 2434 625 2476 quomodo
639 2430 836 2462 consociatur
847 2428 971 2467 corpori

201 2492 330 2529 Chi-isti,
347 2500 421 2522 cum
440 2490 523 2520 idem
539 2488 579 2518 sit
596 2487 730 2525 corpus?
753 2483 841 2519 Item,
859 2481 972 2521 quaeri-

232 2574 239 2588 ¹
256 2573 311 2596 Vid.
330 2572 401 2600 infru,
425 2578 449 2602 q.
471 2576 506 2593 Vl.
523 2582 548 2586 —-
572 2568 580 2582 ²
598 2568 672 2597 Aug,
691 2565 719 2589 de
742 2563 842 2591 Trium,
862 2562 905 2585 lib.
927 2562 972 2590 tlt,

201 2616 223 2632 c.
241 2615 314 2639 iv,u.
330 2609 367 2631 10.
381 2620 406 2624 —
424 2608 431 2620 ³
444 2606 601 2634 Psat.xv111,
619 2606 655 2627 lt.

774 108 1084 158 SENTEN‘r1ARUM
1107 125 1180 156 Lm.
1207 126 1255 157 iv.

1046 195 1100 223 tur
1114 193 1272 233 quomodo
1291 193 1479 232 intelligitur
1499 194 1591 230 illud,
1616 195 1699 234 quod
1711 195 1817 226 scribi-

1046 248 1099 275 tur
1113 246 1144 276 in
1159 256 1297 277 canone:
1315 246 1390 277 Jube
1407 246 1470 277 hoec
1485 248 1619 285 perferri
1634 255 1690 286 per
1703 255 1816 278 manus

1045 303 1151 333 sancti
1171 302 1284 341 Anqelt'
1297 303 1360 339 cui,
1382 302 1458 342 quid
1474 303 1542 332 est?
1557 304 1587 332 et
1601 303 1674 342 quis
1687 304 1733 332 est
1747 302 1815 332 An-

1045 354 1148 392 gelus,
1167 355 1221 394 qui
1239 356 1375 394 perfert?

1089 406 1177 447 ltesp.
1192 408 1362 438 Dicendum
1371 408 1455 447 quod
1467 408 1547 438 sicut
1560 408 1707 448 praedieta
1720 408 1817 439 verba

1043 460 1125 490 eirca
1140 460 1364 491 confectionem
1382 461 1569 500 figurative,
1591 464 1622 492 et
1639 462 1816 493 secundum

1042 515 1170 552 tropum
1194 513 1418 552 intelliguntur
1442 514 1664 553 corporaliter,
1692 515 1735 544 sic
1759 524 1817 546 nec

1043 567 1109 605 rapi
1125 566 1182 595 hoc
1198 569 1432 597 sacramentum
1448 567 1696 606 intelligendum
1713 570 1758 598 est
1772 567 1815 598 10-

1042 619 1159 656 cleiter,
1183 620 1232 650 vel
1257 621 1479 660 corporaliter;
1504 621 1648 651 similiter
1669 630 1726 652 nec
1745 630 1816 652 con-

1041 673 1150 702 sociari
1180 674 1368 712 specialiter.
1395 674 1455 705 Sed
1482 674 1540 704 hoc
1570 674 1814 713 intelligendum

1040 728 1096 763 est,
1115 727 1199 766 quod
1217 727 1298 757 sicut
1313 728 1428 767 Angeli
1451 728 1673 767 intelliguntur
1691 727 1752 759 Deo
1767 728 1815 758 of-

1040 780 1120 809 ferre
1135 780 1293 810 orationes
1315 782 1438 811 nostras
1458 783 1488 811 et
1503 781 1681 821 petitiones,
1699 781 1813 811 simili-

1040 835 1085 863 ter
1100 833 1270 871 desideria,
1291 842 1355 864 non
1370 836 1498 874 propter
1513 834 1728 873 ignorantiam
1745 834 1809 871 Dei,

1037 886 1088 915 sed
1118 888 1244 926 propter
1265 887 1521 918 commoditatem
1549 890 1689 918 nostram
1703 899 1710 918 z
1737 888 1812 928 quia

1039 940 1106 969 suis
1121 941 1236 970 sanctis
1249 940 1414 971 affectibus
1428 944 1459 972 et
1471 942 1559 980 puris
1571 951 1628 972 nos
1644 941 1807 981 adjuvant,

1037 994 1067 1021 et
1082 993 1194 1022 merita
1210 995 1316 1023 nostra
1332 994 1364 1023 in
1382 996 1551 1033 conspectu
1568 993 1620 1024 Dei
1637 994 1808 1034 explicant,

1038 1046 1071 1074 ut
1097 1054 1135 1074 ex
1159 1054 1268 1075 vorum
1292 1047 1430 1085 puritate
1452 1050 1574 1084 sancta,
1596 1049 1627 1078 et
1645 1047 1810 1078 affectione

1037 1097 1181 1136 ferventi,
1194 1099 1313 1129 ratione
1327 1099 1489 1137 dignitatis
1504 1101 1607 1130 nuntii
1622 1101 1683 1130 sint
1699 1109 1808 1140 accep-

1036 1150 1153 1181 tabilia.
1171 1152 1220 1182 Sic
1236 1152 1477 1192 intelligendum
1492 1155 1539 1183 est
1558 1154 1673 1184 offerre
1687 1153 1809 1184 sacrifi—

1036 1204 1121 1241 ficia,
1145 1205 1222 1244 quia
1243 1205 1339 1234 sacris
1362 1206 1522 1245 mysteriis
1545 1207 1721 1237 assistentes
1743 1216 1809 1238 una

1036 1257 1201 1286 nobiscum
1219 1260 1395 1296 precantur,
1420 1260 1456 1288 ut
1476 1261 1582 1288 nostra
1599 1268 1732 1289 munera
1746 1259 1809 1289 sint

1035 1312 1175 1350 accepta,
1192 1313 1222 1341 et
1238 1320 1301 1341 una
1316 1311 1482 1342 nobiscum
1497 1314 1702 1342 revereantur
1717 1321 1806 1342 sanc-

1036 1363 1193 1394 tissimum
1209 1373 1322 1404 corpus
1338 1365 1465 1402 Christi,
1481 1365 1561 1395 sicut
1578 1365 1610 1395 in
1624 1364 1702 1395 coelo
1716 1376 1722 1395 :
1739 1365 1808 1396 ideo

1034 1417 1184 1447 «licuntur
1211 1418 1242 1447 iu
1275 1418 1391 1448 coelum
1421 1427 1531 1457 rapere
1555 1420 1586 1448 et
1613 1419 1804 1455 consociare,

1033 1473 1188 1509 quantuni
1208 1472 1246 1501 :ul
1271 1471 1329 1501 hoc
1353 1472 1436 1511 quod
1457 1474 1603 1511 reputant
1619 1472 1739 1502 honore
1757 1472 1804 1502 di-

1033 1533 1135 1562 gnum
1156 1525 1187 1554 in
1205 1524 1311 1561 altari,
1330 1528 1364 1555 ut
1379 1526 1410 1554 in
1428 1525 1517 1555 coelo.
1535 1524 1593 1555 Per
1610 1525 1696 1555 hunc
1711 1526 1806 1556 etiam

1032 1577 1164 1607 modum
1180 1578 1387 1616 intelligenda
1398 1580 1442 1608 est
1458 1579 1558 1608 oratio
1573 1579 1713 1615 canonis,
1729 1580 1806 1619 quia

1032 1630 1111 1660 sicut
1123 1630 1253 1670 exponit
1270 1630 1485 1668 innocentius,
1503 1631 1647 1669 Angelus
1665 1631 1716 1662 ille
1734 1641 1805 1662 ma—

1033 1684 1089 1722 gni
1110 1684 1229 1714 consilii
1255 1686 1299 1713 est
1323 1684 1483 1714 Christus:
1508 1693 1563 1724 per
1587 1693 1701 1715 manus
1719 1685 1805 1716 illius

1031 1746 1160 1767 oramus
1184 1737 1374 1767 sacrificium
1398 1738 1544 1776 perferri,
1566 1738 1596 1768 id
1620 1740 1677 1775 est,
1703 1738 1803 1778 ipsius

1031 1791 1152 1821 meritis
1167 1794 1196 1821 et
1212 1790 1358 1830 precihus
1373 1793 1518 1820 nostrum
1533 1790 1724 1821 sacrificium
1740 1790 1802 1821 Deo

1030 1844 1194 1884 acceptari.
1206 1844 1293 1874 Unde
1309 1844 1376 1883 ipse
1391 1846 1438 1873 est
1453 1844 1609 1883 pontifex,
1628 1845 1659 1874 et
1673 1843 1802 1875 advoca-

1030 1899 1082 1928 tus
1106 1900 1223 1935 noster,
1247 1900 1278 1928 et
1299 1900 1429 1937 apparet
1451 1897 1599 1928 continue
1623 1896 1727 1928 vultui
1747 1896 1802 1928 Dei

1029 1950 1068 1981 ad
1090 1950 1354 1990 interpellandum
1375 1959 1432 1990 pro
1450 1950 1562 1987 nobis3
1585 1952 1616 1980 et
1634 1950 1677 1980 sic
1697 1952 1803 1989 patent

1030 2003 1172 2043 quaesita.

1237 2114 1531 2148 ARTICULUS
1564 2115 1589 2147 I.

1067 2217 1115 2247 Ad
1129 2216 1373 2256 intelligentiam
1396 2217 1496 2256 hujus
1518 2217 1615 2256 partis
1638 2226 1694 2248 sex
1708 2227 1799 2258 quae-

1027 2271 1144 2300 runtur
1164 2281 1170 2299 :
1188 2269 1291 2309 primo
1307 2270 1462 2309 quaeritur
1483 2273 1594 2300 utrum
1615 2270 1647 2301 in
1668 2271 1726 2301 hoc
1749 2280 1799 2302 sa-

1027 2325 1188 2353 cramento
1210 2323 1250 2353 sit
1268 2323 1374 2363 aliqua
1393 2324 1556 2355 conversio
1577 2324 1668 2364 panis
1686 2324 1719 2354 in
1734 2333 1799 2355 cor-

1028 2385 1088 2414 pus
1099 2375 1212 2406 Christi
1226 2387 1233 2414 3
1253 2377 1406 2414 secundo,
1423 2377 1494 2407 dato
1506 2377 1589 2417 quod
1605 2378 1665 2415 sic,
1681 2377 1796 2417 quaeri-

1027 2431 1080 2459 tur
1091 2431 1199 2459 utrum
1210 2432 1294 2460 totus
1306 2430 1394 2469 panis
1405 2433 1619 2467 convertatun
1629 2439 1670 2461 an
1678 2429 1795 2470 aliquid

1026 2485 1187 2513 remaneat
1217 2486 1332 2523 praeter
1360 2483 1548 2520 accidentia;
1577 2483 1669 2514 tertio
1686 2507 1692 2520 ,
1723 2482 1795 2513 dato

1025 2535 1109 2575 quod
1138 2538 1341 2567 convertatur
1369 2538 1473 2574 totus,
1505 2535 1658 2576 quaeritur
1685 2538 1794 2566 utrum

1024 2588 1096 2618 talis
1113 2590 1278 2620 conversio
1292 2589 1382 2629 panis
1395 2590 1492 2628 possit
1511 2589 1570 2620 dici
1586 2588 1774 2619 annihilatio
1783 2600 1790 2627 ;
