2017 2948
606 158 699 189 DIST.
723 158 785 189 XV.
812 159 924 189 PART.
951 158 961 188 1
1000 158 1087 189 ART.
1112 157 1135 187 Ι.
1159 156 1306 194 QUAEST.
1332 157 1367 188 V.

227 225 256 252 4.
273 223 319 253 Ad
335 222 414 254 illud
427 232 506 263 ergo
520 224 605 264 quod
619 224 768 263 objicitur
782 225 815 255 in
831 228 953 256 contra-

186 275 271 305 rium
286 276 393 315 huius,
405 277 490 316 quod
504 277 617 307 debent
628 278 749 308 fructus
766 279 953 318 computari,

186 327 355 359 dicendum
377 330 460 369 quod
486 329 563 360 illud
586 330 776 369 intelligitur
804 331 829 360 si
850 331 955 361 statim

187 384 257 420 post
282 384 444 421 peccatum
469 382 597 422 incoepit
629 383 794 421 confiteri,
824 386 854 414 et
881 386 955 414 tunc

187 443 282 473 opera
303 435 505 465 satisfactoria
520 436 648 466 fuerunt
668 436 707 466 ab
722 435 776 466 illo
794 438 954 476 tempore,

187 487 282 517 etiam
299 489 466 527 antequam
494 488 710 519 absolveretur
737 498 756 519 a
784 489 952 520 sacerdote.

187 538 243 570 Vel
268 539 453 578 dicendum,
470 541 553 580 quod
581 542 701 572 fructus
731 544 955 582 computantur

187 596 343 633 quantum
358 593 397 623 ad
416 595 772 633 superexscrescentiam
798 595 952 633 usurarii,

187 648 262 688 quia
278 647 390 678 merito
407 647 533 678 illorum
557 648 718 679 fructuum
732 649 875 679 diabolus
892 658 954 679 non

186 701 282 730 traxit
294 700 385 731 illum
400 700 438 731 ad
454 701 553 731 multa
567 701 695 731 scelera.

227 755 256 783 Ξ.
279 753 325 783 Ad
347 753 426 784 illud
447 754 531 793 quod
550 754 699 793 objicitur
723 755 760 785 de
779 755 953 795 baptismo,

187 806 354 837 dicendum
377 807 461 846 quod
479 809 525 838 θεῖ
544 816 623 847 opus
648 807 699 838 Dei
714 808 752 838 ad
768 808 931 838 hominem
943 833 954 847 ‚

187 861 217 889 et
231 859 290 890 hoc
300 869 464 899 nunquam
477 863 523 891 est
540 863 703 891 mortuum
720 872 726 891 ε
744 864 850 892 tamen
865 871 956 902 prop-

187 914 234 943 ter
248 913 535 944 inconvenientiam
547 914 747 954 suscipientis
762 915 801 954 (a)
816 916 956 954 privatur

187 967 301 998 effectu
315 978 322 998 t
337 968 436 999 ettale
446 972 492 999 est
502 970 688 1009 baptismus.
698 969 751 1000 Est
769 979 848 1009 opus
856 970 956 1000 homi-

187 1022 236 1052 nis
250 1022 287 1052 ad
302 1022 482 1060 hominem,
500 1025 530 1053 et
544 1023 606 1053 tale
621 1023 838 1053 consideratur
852 1023 955 1053 solum

186 1076 343 1111 exterius,
360 1076 436 1114 quia
450 1075 546 1105 homo
561 1085 625 1105 11011
641 1075 726 1106 videt
740 1075 799 1105 nisi
817 1085 863 1113 ea,
882 1085 954 1115 quae

185 1131 275 1159 extra
288 1137 321 1158 se
341 1131 415 1158 sunt
432 1138 439 1158 :
456 1131 486 1159 et
501 1129 570 1158 talis
589 1131 636 1158 est
656 1129 812 1159 restitutio
828 1138 834 1159 :
852 1132 882 1160 et
896 1130 956 1161 1100

184 1191 249 1213 11011
268 1183 390 1221 oportet
411 1191 480 1212 esse
496 1182 617 1212 vivum.
635 1182 729 1212 Aliud
745 1184 791 1212 est
804 1192 883 1221 opus
897 1183 956 1213 ho-

185 1235 280 1266 minis
307 1235 346 1265 ad
374 1235 497 1271 Deum;
526 1237 555 1264 et
576 1234 637 1264 tale
664 1237 764 1274 potest
788 1244 853 1265 esse
876 1245 957 1266 mor-

186 1290 295 1325 tuum3
314 1288 365 1318 sed
388 1288 480 1317 debet
501 1297 568 1318 esse
584 1288 695 1318 vivum
715 1288 753 1318 ad
778 1289 856 1326 hoc,
871 1289 955 1328 quod

185 1341 425 1371 satisfactorium
443 1351 449 1370 :
467 1341 556 1371 aliter
580 1342 663 1371 enim
688 1340 749 1371 Deo
765 1350 829 1372 non
843 1344 889 1371 est
903 1352 954 1371 ac-

185 1396 311 1434 ceptum
325 1405 331 1424 ;
349 1396 380 1424 et
396 1394 457 1424 tale
474 1396 520 1424 est
542 1403 621 1433 opus
635 1394 855 1424 satisfactionis
868 1419 875 1431 ,
892 1404 955 1434 quo

185 1449 282 1479 homo
300 1447 521 1478 reconciliatur
537 1446 610 1478 Deo.
630 1446 667 1478 Et
690 1447 757 1477 ides·
780 1456 843 1478 non
859 1450 903 1477 est
918 1447 956 1477 51-

185 1501 259 1532 111110
273 1501 311 1531 (10
325 1500 497 1540 haptismo,
516 1502 545 1530 et
561 1500 779 1530 satisfactione.

226 1557 254 1585 3.
276 1554 323 1584 Ad
344 1553 421 1583 illud
446 1553 530 1592 quod
552 1553 698 1592 objicitur
719 1577 726 1590 ,
750 1554 834 1592 quod
854 1553 956 1584 vivifi-

185 1617 256 1638 care
277 1607 362 1647 quod
381 1615 548 1646 nunquam
575 1606 671 1643 vixit,
688 1608 734 1635 est
755 1605 896 1642 facilius,
913 1606 956 1636 di-

184 1659 320 1690 cendum
342 1659 426 1699 quod
453 1659 513 1689 hoc
538 1667 652 1689 verum
673 1661 719 1688 est
739 1658 772 1688 in
797 1658 865 1696 1115,
882 1667 955 1698 quae

185 1713 254 1743 ideo
268 1712 397 1750 vivunt,
414 1712 488 1752 quia
510 1712 668 1750 recipiunt
683 1712 797 1748 vitam;
824 1712 877 1742 sed
891 1721 956 1742 non

185 1767 218 1796 in
231 1766 281 1796 his
294 1790 302 1803 ,
319 1775 391 1806 (111εο
414 1765 484 1796 ideo
500 1767 631 1804 possunt
646 1765 753 1795 vivere
766 1788 772 1797 ,
787 1764 862 1803 quia
878 1773 955 1803 pro—

185 1819 300 1850 cedunt
313 1828 332 1848 a
343 1819 410 1848 vita
426 1829 433 1848 ε
451 1820 481 1848 et
497 1818 572 1848 talia
586 1819 661 1848 sunt
673 1826 778 1857 opera.

225 1875 256 1902 4.
271 1872 320 1902 Ad
337 1871 422 1902 aliud
443 1871 610 1902 dicendum
623 1894 630 1906 ,
652 1870 737 1909 (111οᾱ
763 1879 827 1900 11011
847 1872 893 1900 est
912 1870 954 1900 si-

186 1925 260 1955 mile
279 1924 318 1955 de
340 1924 515 1962 habitibus,
533 1925 564 1954 et
586 1922 732 1963 potentiis
744 1947 752 1960 ‚
767 1924 798 1953 et
817 1922 955 1960 actibus,

185 1978 260 2018 quia
284 1977 334 2007 isti
351 1978 498 2013 manent,
520 1976 566 2006 illi
592 1985 673 2014 11011,
690 1984 748 2006 1100
772 1975 954 2012 informari,

184 2040 242 2062 nec
252 2030 407 2062 vivificari
421 2031 563 2069 possunt.

226 2087 254 2114 5.
280 2084 328 2114 Ad
349 2083 425 2114 illud
453 2083 537 2122 quod
564 2082 730 2121 objicitur,
756 2081 839 2121 quod
862 2090 957 2112 causa

185 2136 391 2167 satisfaciendi
412 2138 475 2173 est,
502 2145 541 2166 ne
561 2135 599 2166 sit
622 2135 738 2175 peccati
763 2135 955 2174 lmpunitas,

185 2190 354 2222 dicendum
368 2189 453 2230 quod
476 2189 529 2220 illa
550 2198 613 2219 non
635 2191 681 2219 est
701 2191 767 2219 tota
787 2188 866 2218 ratio
882 2199 888 2225 ;
904 2188 956 2219 sed

186 2246 216 2273 et
230 2243 315 2281 haec,
333 2243 409 2283 quia
429 2243 525 2273 homo
549 2244 596 2272 est
610 2242 733 2272 amicus
756 2241 810 2272 Dei
829 2242 958 2272 effectus

186 2306 242 2337 per
262 2297 418 2336 gratiam,
444 2299 474 2326 et
499 2296 617 2335 dignus
643 2295 812 2334 aliquando
835 2296 958 2325 beatifi-

188 2349 252 2380 cari
269 2360 276 2379 :
293 2349 363 2379 ideo
378 2348 482 2379 50111111
494 2348 533 2378 ad
549 2357 676 2387 poenam
690 2347 897 2387 temporalem
912 2357 959 2378 as-

190 2402 299 2432 trictus
312 2404 358 2432 est
375 2412 381 2432 z
400 2403 430 2431 et
443 2401 512 2431 Ideo
527 2403 696 2440 antequam
710 2400 750 2430 sit
763 2400 884 2430 amicus
897 2424 904 2437 ‚
921 2400 959 2431 ad

190 2457 340 2486 aeternam
360 2454 574 2493 restringitur.
598 2453 775 2491 Praeterea,
801 2454 958 2492 0111151110-

189 2510 259 2539 tum
284 2517 325 2539 ex
351 2507 502 2539 charitate
520 2505 856 2546 improportionaliter,
881 2507 960 2537 sicut

224 2588 283 2617 ¹Cs.
299 2587 368 2611 Alex.
379 2587 473 2616 Ateus„
489 2593 514 2617 p.
532 2585 573 2615 IV,
588 2592 612 2616 q.
627 2592 697 2614 xxiv,
712 2585 820 2616 membr,
838 2587 860 2609 4.
874 2589 919 2610 art.
937 2588 960 2617 3,

194 2625 221 2652 Η
244 2622 331 2652 steph.
358 2621 460 2652 Bruler„
479 2621 509 2644 lv
534 2622 613 2650 Sem„
640 2620 696 2644 dist.
726 2626 769 2650 xv,
795 2628 820 2650 q.
841 2626 870 2650 v;
892 2621 959 2645 Petr.

1723 161 1781 190 595

1009 226 1129 255 tactum
1148 225 1194 254 est
1212 223 1245 253 in
1268 224 1455 263 opponendo
1466 248 1475 262 ,
1492 225 1614 256 excedit
1629 234 1710 265 opus
1722 226 1780 257 fac-

1009 280 1078 308 tum
1090 279 1179 308 extra
1196 277 1382 307 charltatem
1396 288 1402 307 :
1423 279 1452 307 et
1475 278 1518 308 ita
1535 287 1629 318 poena
1643 288 1781 319 suppor-

1009 333 1075 361 tata
1089 340 1129 361 ex
1142 330 1292 360 charitate
1308 332 1338 360 et
1353 339 1443 360 mera
1462 330 1624 361 voluntate
1634 355 1644 369 ,
1660 331 1781 363 excedit

1010 393 1137 424 poenam
1151 384 1368 423 supportatam
1389 383 1456 413 sine
1470 383 1620 414 charitate
1637 395 1642 413 :
1662 386 1693 414 et
1712 384 1780 415 ideo

1011 438 1093 468 Deus
1117 446 1244 477 poenam
1265 438 1420 467 aeternam
1442 436 1631 467 aeternaIIter
1652 439 1780 476 portan-

1009 492 1083 522 dam
1108 500 1147 521 ex
1171 490 1254 521 mala
1273 490 1435 520 voluntate
1452 514 1461 527 ,
1485 490 1664 529 cujusmodi
1682 493 1729 520 est
1747 491 1781 520 in

1010 544 1177 581 damnatis,
1191 543 1424 574 rationabiliter
1438 543 1472 573 in
1484 551 1613 582 poenam
1628 544 1782 582 tempora-

1010 597 1072 627 lem
1086 598 1261 627 commutat
1284 605 1323 626 ex
1344 595 1498 626 charitate
1520 595 1706 635 portandam
1723 595 1778 634 (b),

1010 650 1086 690 quia
1107 651 1232 679 tantum
1259 648 1363 688 placet
1389 649 1417 679 ei
1444 648 1514 679 talIs
1536 648 1724 679 tolerantia:
1752 651 1782 678 et

1011 703 1080 733 ideo
1095 702 1157 732 alia
1168 710 1263 741 poena
1277 703 1370 732 extra
1383 701 1568 732 charitatem
1582 703 1704 741 portata
1717 703 1782 731 tan-

1011 765 1107 795 quam
1127 756 1258 786 0111111110
1282 754 1592 795 improportionalis,
1610 764 1673 785 non
1699 763 1781 793 aug-

1011 812 1130 840 mentat
1151 809 1258 846 illam,
1278 809 1353 848 qnia
1373 808 1460 838 illam
1479 808 1578 839 solam
1598 810 1723 848 reputat
1737 817 1778 838 sa-

1010 862 1213 893 tisfactoriam
1225 885 1232 899 ,
1255 862 1348 901 cujus
1368 861 1536 891 tolerantia
1554 863 1585 891 et
1606 861 1782 900 assumptio

1011 915 1150 946 sumitur
1170 923 1209 944 ex
1238 914 1408 952 charitate,
1437 914 1512 953 quia
1540 914 1572 943 in
1600 913 1695 943 aliam
1718 922 1782 944 non

1010 969 1183 998 commutat
1198 975 1336 1006 poenam.

1277 1072 1455 1109 QUAESTIO
1476 1072 1513 1103 V.

1011 1156 1056 1181 Αη
1067 1155 1141 1180 homo
1150 1162 1197 1189 per
1207 1162 1289 1188 opera
1298 1154 1365 1181 bona
1378 1154 1494 1180 moralia
1506 1154 1613 1188 aliquid
1622 1156 1751 1181 mereatur
1762 1155 1781 1182 ¹.

1051 1234 1221 1274 Supposito
1256 1234 1339 1273 quod
1377 1242 1432 1273 per
1463 1243 1559 1273 opera
1588 1235 1667 1265 facta
1694 1237 1784 1266 extra

1011 1288 1195 1317 charitatem
1219 1296 1284 1317 non
1303 1288 1357 1317 fiat
1382 1287 1568 1325 satisfactio,
1593 1297 1651 1319 nec
1676 1289 1783 1320 vivifi-

1012 1343 1133 1378 centur,
1146 1340 1302 1380 quaeritnr
1313 1343 1423 1370 utrum
1439 1341 1535 1371 homo
1546 1350 1601 1380 per
1615 1351 1653 1371 ea
1664 1341 1782 1382 aliquid

1011 1396 1189 1430 mereatur;
1209 1396 1239 1423 et
1254 1394 1338 1433 quod
1353 1393 1412 1431 sic,
1430 1393 1554 1424 videtur
1572 1405 1578 1423 :
1596 1395 1685 1433 quia,
1703 1395 1781 1425 sicut

1011 1447 1085 1477 dicit
1104 1446 1273 1477 auctoritas
1296 1446 1491 1483 communis,
1512 1446 1637 1477 nullum
1661 1448 1782 1478 malum

1012 1499 1224 1538 impunitum,
1241 1502 1271 1529 et
1285 1499 1410 1529 nullum
1434 1499 1555 1529 bonum
1574 1500 1783 1531 irremunera—

1014 1556 1085 1583 tum
1106 1564 1112 1583 ε
1131 1552 1182 1582 sed
1206 1552 1316 1582 divina
1339 1552 1462 1591 justitia
1476 1561 1643 1592 nunquam
1663 1553 1783 1583 malum

1012 1605 1353 1645 quaintulumcumque
1375 1604 1519 1641 dimittit,
1545 1605 1623 1644 quin
1646 1606 1781 1645 pumat:

1011 1668 1091 1697 ergo
1107 1668 1166 1689 nec
1188 1658 1530 1698 quamtulumcumque
1544 1658 1682 1696 bonum,
1706 1660 1783 1698 quin

1011 1714 1204 1743 remuneret.

1053 1764 1130 1795 Item
1139 1789 1146 1802 ,
1161 1764 1187 1794 si
1201 1773 1266 1794 non
1278 1766 1513 1802 remuneratur,
1525 1773 1604 1803 ergo
1619 1765 1785 1804 aequaliter

1013 1827 1044 1847 se
1070 1818 1165 1848 habet
1179 1817 1279 1856 judex
1297 1817 1336 1847 ad
1357 1826 1432 1847 eum
1447 1817 1501 1856 (1111
1524 1817 1649 1848 nullum
1663 1818 1784 1848 bonum

1012 1871 1097 1908 feeit,
1125 1872 1156 1901 et
1178 1879 1254 1900 eum
1277 1869 1332 1909 qui
1357 1870 1428 1900 fecit
1451 1870 1552 1901 multa
1574 1870 1680 1902 bona:
1706 1880 1784 1910 ergo

1013 1924 1148 1954 stultum
1167 1925 1212 1954 est
1227 1923 1320 1953 alicui
1335 1923 1487 1962 peccatori
1504 1923 1683 1962 consulere,
1700 1925 1784 1964 quod

1012 1977 1105 2007 faciat
1119 1976 1246 2016 aliquod
1263 1976 1385 2006 bonum
1399 1984 1489 2015 opus.

1054 2030 1130 2060 Item
1152 2033 1162 2048 ²
1193 2039 1199 2059 ε
1234 2030 1365 2061 Honora
1390 2033 1513 2068 patrem
1542 2032 1647 2067 tuum,
1677 2033 1713 2062 ut
1739 2031 1785 2062 sis

1013 2083 1194 2122 lonyoevus,·
1209 2085 1263 2113 aut
1282 2082 1342 2112 hoc
1364 2082 1477 2112 dteitur
1496 2083 1625 2113 habenti
1648 2082 1783 2114 charita-

1014 2138 1092 2173 tem,
1110 2138 1165 2166 aut
1190 2144 1255 2165 non
1278 2135 1407 2165 habenti
1423 2144 1431 2165 :
1447 2135 1473 2165 si
1493 2135 1623 2166 habenti
1642 2138 1783 2174 tantum,

1014 2188 1082 2218 haec
1104 2190 1150 2218 est
1172 2197 1271 2227 parva
1294 2188 1522 2226 remuneratio,
1539 2188 1616 2228 quia
1633 2188 1700 2228 ipse
1721 2197 1786 2219 non

1015 2243 1099 2271 amat
1120 2240 1212 2270 istam
1235 2240 1350 2278 vitam,
1377 2240 1431 2271 sed
1452 2240 1564 2278 allam;
1588 2240 1613 2271 si
1638 2250 1702 2271 non
1726 2241 1784 2271 ha-

1015 2294 1117 2331 benti,
1134 2302 1213 2332 ergo
1228 2295 1368 2323 meretur
1385 2292 1504 2333 aliquid
1515 2316 1523 2331 ,
1540 2293 1567 2323 si
1582 2293 1716 2324 honorat
1732 2304 1738 2324 ε
1755 2296 1786 2324 et

1016 2348 1079 2384 510,
1094 2348 1151 2377 etc.

1057 2400 1133 2429 Item
1157 2398 1310 2429 Dominus
1330 2398 1405 2428 dicit
1424 2398 1462 2428 de
1481 2398 1668 2437 hypocrita³
1686 2407 1694 2428 2
1721 2399 1786 2438 Qui

1018 2454 1097 2492 facit
1119 2460 1196 2492 opus
1217 2451 1330 2483 bonum
1348 2454 1474 2490 propter
1494 2450 1647 2489 qlorz'am,
1670 2452 1787 2490 recepit

1017 2544 1047 2566 (le
1065 2543 1175 2571 Tarant„
1191 2542 1222 2565 IV
1242 2542 1319 2568 Sem„
1339 2540 1395 2563 dist.
1416 2546 1459 2570 xv,
1475 2547 1499 2570 q.
1533 2547 1548 2563 ι.
1568 2553 1597 2557 -
1614 2541 1624 2556 ¹
1639 2541 1728 2569 Exod„
1745 2548 1785 2571 xx,

1022 2581 1056 2602 12.
1068 2590 1097 2595 —
1109 2578 1118 2591 ³
1134 2576 1234 2605 blame„
1251 2582 1284 2606 xi,
1301 2580 1322 2600 2.

1050 2620 1083 2650 (a)
1097 2620 1158 2643 coet.
1174 2618 1234 2641 edit.
1250 2617 1416 2647 suspicientis.
1430 2630 1455 2634 —
1470 2617 1502 2647 (b)
1518 2618 1714 2648 importandum.

1797 1244 1903 1270 Fundam}
