2017 2948
121 205 168 219 care
197 200 227 218 ιὶι-

122 235 162 256 gue
168 229 227 256 quid.

247 135 300 162 ¹248

243 199 435 230 sufficienter
464 206 497 227 se
522 204 701 237 praeparare
712 219 720 233 ,
751 194 870 224 scilicet
898 193 1014 233 peccati

243 252 346 283 omnis
364 250 560 291 expulsione,
579 249 770 285 reverentia,
786 250 817 278 ct
836 246 1012 277 dilectione.

244 306 378 343 Quidam
396 305 498 344 igitur
513 306 599 339 sunt,
616 303 670 342 qui
687 312 718 331 se
734 301 926 331 sufficienter
940 308 1016 339 prae-

244 360 357 399 parant
377 358 550 388 secundum
568 356 744 387 veritatem.
762 353 894 390 Quidam
909 355 1016 383 autem

244 422 307 444 non
323 412 517 443 sufficienter
536 409 709 441 secundum
726 407 910 444 veritatem,
928 406 1015 436 511111-

243 466 362 497 cienter
400 469 506 496 tamen
543 462 719 494 secundum
752 460 1015 500 probabilitatem.

244 518 377 555 Quidam
399 519 507 548 autem
529 517 643 545 neutro
663 514 756 544 modo
772 522 804 543 se
826 514 1017 552 praeparant,

246 571 311 601 imo
336 571 553 600 contemnunt.
583 568 642 605 Qui
666 576 744 606 ergo
767 567 958 597 sufficienter
986 574 1018 596 se

245 625 420 664 praeparat,
452 622 623 652 manducat
647 621 755 660 digno.
786 619 846 656 Qui
870 628 902 649 sc
931 619 1018 650 nullo

246 678 339 709 modo
371 678 528 717 praeparat
543 700 550 714 ,
582 674 750 705 manducat
780 673 924 712 indigne.
957 673 1017 709 Qui

246 734 353 762 autem
370 731 477 760 minus
491 729 684 759 sufficienter
698 736 730 757 se
747 729 914 767 praeparat,
932 726 1018 756 scili-

244 788 293 816 cet
310 785 485 815 secundum
509 782 761 822 probabilitatem
785 781 889 819 potius
900 804 907 817 ,
922 788 1018 819 qnam

245 838 422 868 secundum
437 837 619 871 veritatem,
641 844 705 864 non
723 833 893 864 manducat
908 832 1017 871 digne,

245 891 320 931 quia
338 900 401 922 non
422 900 454 921 se
477 889 670 930 praeparavit
690 888 790 926 digne
806 886 1016 922 sufficientem

246 954 303 976 nec
319 945 459 983 indigne,
470 943 544 983 quia
558 952 590 972 se
606 941 800 981 pra’pnravit
810 943 933 970 tantum
946 947 1019 978 pro-

247 998 390 1028 babiliter
408 1007 415 1028 t
432 997 518 1033 talis,
542 995 689 1035 quamvis
711 1003 775 1024 non
794 993 922 1033 recipiat
941 1001 1018 1031 gra-

245 1052 333 1089 tiam,
351 1060 415 1082 non
430 1053 535 1081 tamen
550 1049 685 1080 incurrit
698 1048 862 1078 offensam.

287 1108 316 1135 1.
344 1104 379 1135 Et
394 1105 437 1134 sic
467 1106 552 1143 patet
582 1102 659 1132 ittnd
688 1101 774 1141 quod
803 1100 954 1139 obiicitur
981 1099 1018 1129 de

246 1158 345 1197 dIgne
362 1159 392 1188 et
409 1157 541 1195 indigne
557 1157 701 1185 sumente
713 1178 720 1191 ,
736 1154 884 1193 quamvis
899 1162 964 1183 non
979 1152 1019 1182 sit

248 1211 388 1241 medium
404 1210 486 1240 inter
501 1210 650 1247 dIgnum‚
668 1209 698 1237 et
711 1206 891 1244 indignum.

287 1266 304 1294 Ξ
322 1266 353 1294 et
369 1266 397 1294 3.
416 1263 463 1293 Α(1
479 1262 556 1292 illud
573 1261 657 1301 qnod
673 1260 821 1299 objicitur
840 1259 878 1288 de
893 1267 1020 1297 praepa-

247 1318 380 1355 ratione,
404 1316 572 1347 dicendum
595 1314 679 1354 quod
702 1313 811 1343 nullus
830 1315 958 1342 tenetur
982 1311 1019 1341 ad

248 1371 306 1401 hoc
333 1370 526 1400 sufficienter
551 1377 729 1408 pra‘pnrare
752 1376 801 1403 se,
818 1365 893 1405 quia
914 1365 1020 1395 nullus

248 1426 348 1464 potest
370 1423 448 1453 scire
461 1446 470 1460 ,
486 1425 595 1453 utrum
613 1423 672 1452 boc
688 1421 797 1457 fat-iat3
813 1421 865 1450 sed
882 1420 966 1459 qnod
988 1428 1021 1449 se

251 1480 406 1517 praeparet
421 1477 597 1507 secundum
609 1475 768 1505 suffit-iens
779 1473 936 1504 dictamen
947 1482 1019 1503 cou-

249 1531 403 1568 scientiae;
420 1533 450 1560 et
466 1530 499 1560 in
514 1530 573 1559 hoc
588 1530 754 1559 contentus
765 1527 855 1557 debet
872 1536 939 1557 esse
952 1534 1021 1565 pro-

249 1583 421 1613 habilitate.

290 1639 319 1667 4.
336 1636 382 1667 Ad
398 1636 476 1666 illud
491 1635 575 1674 quod
591 1634 739 1673 objicitur
754 1634 791 1663 de
806 1633 966 1670 indevoto,
979 1631 1022 1663 di-

251 1690 386 1722 cendum
401 1688 486 1728 quod
496 1688 664 1718 indevotus
677 1687 720 1717 ibi
729 1686 841 1716 dicitur
854 1685 1020 1722 contrarie,

251 1744 306 1784 qui
322 1743 439 1774 accedit
449 1750 523 1772 cum
538 1740 686 1781 peccandi
697 1740 871 1780 proposito,
884 1739 963 1770 sicut
979 1738 1022 1769 ibi

251 1799 335 1836 patet
350 1797 383 1826 in
398 1795 517 1826 Glossa.

292 1851 310 1879 ὃ
326 1851 355 1879 et
370 1851 400 1879 6.
418 1848 465 1879 Ad
484 1847 560 1878 illud
580 1846 665 1886 quod
679 1846 828 1885 objicitur
851 1846 889 1876 de
903 1855 951 1884 eo,
968 1846 1024 1885 qui

253 1902 348 1932 habet
363 1901 587 1932 conscientiam
608 1900 724 1939 peccati
735 1923 743 1937 ,
757 1899 925 1930 dicendum
940 1899 1024 1939 quod

253 1965 317 1986 non
337 1955 451 1986 dicitur
475 1954 546 1994 quis
570 1961 698 1993 peccare
722 1952 797 1992 quia
826 1952 1026 1991 recognoscit

253 2011 415 2048 peccatum
438 2016 548 2045 suum,
569 2007 623 2037 sed
643 2007 717 2046 quia
739 2006 902 2045 cognoscit
916 2015 1023 2045 pecca-

254 2064 333 2100 tum,
347 2064 377 2092 et
390 2061 428 2091 de
444 2061 496 2091 illo
511 2070 575 2091 non
590 2060 730 2100 poenitet,
746 2062 777 2090 et
791 2069 863 2090 cum
875 2060 928 2090 illo
943 2069 1026 2090 acce-

255 2115 300 2146 dit
318 2126 325 2146 2
349 2115 409 2145 hoc
431 2116 539 2144 autem
564 2122 629 2143 non
650 2114 752 2152 potest
771 2121 838 2143 esse
860 2113 926 2142 sine
947 2121 1026 2142 con-

257 2170 380 2208 temptu
397 2176 405 2197 ι
427 2176 519 2197 secus
534 2169 582 2196 est
600 2166 727 2206 quando
747 2166 897 2206 ignorans
920 2166 1027 2196 minus

256 2223 303 2253 est
316 2220 495 2261 dispositus,
508 2219 629 2250 caeteris
643 2220 784 2259 paribus.
801 2220 862 2251 Sed
875 2220 1028 2258 ignorans

256 2283 435 2315 proponens
449 2273 612 2313 poenitere,
625 2275 656 2303 et
670 2273 780 2304 votens
795 2273 885 2310 scire,
895 2273 970 2312 quia
987 2271 1025 2311 (a)

256 2337 320 2359 non
336 2327 406 2359 vult
420 2327 452 2356 in
465 2326 557 2365 culpa
568 2325 744 2365 persistere,
760 2335 824 2357 non
839 2326 959 2364 minus,
975 2325 1027 2356 sed

257 2381 362 2420 magis
377 2382 423 2411 est
444 2378 613 2419 dispositus
629 2389 635 2408 :
660 2379 744 2409 unde
761 2380 941 2418 ignorantia
957 2387 1026 2418 pec-

258 2435 318 2466 cati
340 2443 404 2464 non
431 2434 559 2464 excusat
588 2433 710 2462 ratione
737 2433 946 2471 ignorantiae,
976 2432 1030 2463 sed

293 2497 296 2508 ¹
311 2496 353 2526 (f.
374 2495 445 2518 „xlc-xi
467 2495 561 2524 Mens„
576 2501 601 2525 p.
619 2495 661 2523 tv,
678 2501 702 2524 ¹1·
721 2500 756 2520 xi,
771 2495 879 2517 membr,
901 2498 924 2525 Δ,
940 2496 987 2518 nrt.
1001 2496 1029 2524 :t;

260 2533 285 2554 S.
299 2531 380 2554 Tbom
394 2549 400 2561 ,
411 2538 436 2560 p.
452 2530 493 2557 lv,
507 2537 531 2560 q.
547 2536 626 2560 Lxxx,
642 2531 689 2553 art.
704 2531 732 2559 (33
746 2532 770 2553 ct
783 2530 812 2553 tv
830 2531 909 2559 Seme„
920 2530 978 2553 dist.
994 2536 1029 2560 ix,

260 2569 285 2592 q.
300 2568 318 2591 i,
334 2562 379 2585 art.
395 2564 422 2590 ἑᾶς
439 2561 538 2585 Guitiet.
555 2561 681 2590 Attisiod„
696 2561 726 2585 tv
743 2561 822 2589 Seni„
835 2563 906 2585 tract.
922 2566 946 2592 V,
964 2568 986 2584 c.
1006 2566 1029 2590 ν,

261 2604 285 2627 q.
301 2603 336 2627 ιη
352 2597 480 2625 Richard,
496 2597 527 2620 IV
544 2596 622 2626 Sent„
639 2596 697 2620 dist.
712 2602 747 2626 tx,
760 2598 807 2620 art.
823 2597 846 2626 3,
862 2603 887 2627 q.
904 2603 926 2626 1;
940 2596 1027 2626 Steph.

804 107 1114 159 SENTENTlARUM
1135 127 1206 158 mn.
1229 127 1279 159 iv.

1072 194 1194 225 ratione
1217 194 1463 234 probabilitatis,
1489 194 1573 234 quod
1598 194 1637 224 sit
1663 195 1697 225 in
1723 196 1838 234 gratia.

1113 250 1142 278 7.
1159 247 1207 278 Ad
1224 248 1373 279 ultimum
1388 247 1556 278 dicendum
1576 247 1661 287 quod
1680 249 1787 287 justus
1801 258 1841 280 ex

1074 300 1128 330 tali
1146 300 1334 331 conscicntia
1354 301 1455 331 reddit
1478 310 1511 331 se
1533 301 1638 340 magis
1657 301 1840 341 inhabilem,

1073 362 1136 384 non
1151 357 1281 393 propter
1297 354 1422 393 culpam
1436 377 1444 390 ‚
1460 353 1512 384 sed
1530 356 1656 393 propter
1679 354 1843 385 conscien-

1073 406 1149 436 tiam
1164 416 1327 437 erroneam
1340 418 1347 444 ;
1364 416 1436 447 quae
1451 407 1582 446 quidem
1605 407 1759 446 quamdiu
1773 416 1846 447 per-

1074 459 1164 497 sistit,
1180 460 1300 499 obtigat
1321 463 1356 490 ut
1377 469 1440 490 non
1464 460 1616 499 recipiat,
1638 463 1765 500 propter
1785 460 1846 491 hoc

1073 512 1157 552 quod
1173 521 1237 543 non
1254 515 1354 551 potest
1377 522 1450 543 cum
1467 513 1525 544 hac
1549 512 1740 544 conscientia
1763 513 1845 543 reci-

1074 576 1160 606 pere,
1177 567 1255 607 quin
1271 570 1462 598 contemnat.
1633 559 1640 565 ”

1336 682 1514 720 QL‘AESTIO
1539 682 1587 714 lv.

1114 764 1155 789 An
1168 765 1254 797 peccet
1270 763 1459 790 damnabiliter
1473 764 1520 797 qui
1533 762 1583 789 dat
1596 769 1690 798 corpus
1705 762 1807 790 Chr-isti

1377 808 1511 841 peccatori
1525 806 1543 833 ¹.

1116 886 1229 918 Utrum
1244 890 1348 927 peccet
1359 887 1580 918 damnabiliter
1590 888 1653 924 ille,
1666 888 1721 928 qui
1731 896 1846 928 corpus

1077 939 1201 971 Domini
1216 941 1265 971 dat
1279 941 1318 978 ei,
1329 950 1425 981 quem
1439 942 1495 971 scit
1507 950 1573 971 esse
1586 944 1780 981 peccatorem
1793 951 1801 978 ;
1817 943 1847 971 et

1080 993 1164 1034 quod
1187 994 1241 1031 sic,
1263 995 1388 1024 videtur
1407 997 1417 1011 ²
1443 1006 1449 1024 :
1474 994 1577 1026 Nolite
1603 998 1748 1026 sanctum
1771 994 1849 1026 dare

1076 1047 1220 1078 canibus.
1239 1047 1275 1077 lit
1288 1050 1297 1066 ³
1315 1058 1320 1077 :
1339 1048 1409 1079 Non
1419 1052 1463 1079 est
1475 1048 1587 1080 bonum
1600 1057 1720 1080 sumere
1731 1056 1848 1088 panem

1075 1100 1228 1139 filiorum,
1243 1105 1270 1130 et
1285 1101 1362 1132 clare
1377 1101 1520 1133 canibus.

1116 1156 1144 1184 Ξ.
1166 1154 1242 1184 Item
1257 1154 1432 1193 Cyprianus
1448 1155 1456 1170 ⁴
1474 1165 1479 1184 :
1503 1166 1516 1183 α
1534 1154 1621 1192 Quod
1637 1155 1848 1185 histrionibus

1076 1215 1164 1236 sacra
1179 1207 1361 1237 communio
1376 1208 1484 1238 debeat
1507 1208 1588 1245 dari,
1606 1210 1682 1247 puto
1702 1217 1760 1238 nec
1776 1216 1848 1238 ma-

1072 1259 1178 1298 J'estati
1204 1259 1343 1296 divinae,
1374 1269 1431 1290 nec
1458 1260 1650 1299 evangelicae
1676 1260 1847 1300 disciplinae

1076 1321 1264 1350 congruere.
1282 1324 1295 1339 »

1117 1367 1145 1395 ὃ.
1164 1366 1241 1396 Item
1260 1366 1380 1396 ratione
1396 1367 1532 1404 videtur,
1550 1366 1625 1406 quia
1639 1366 1779 1397 medicus
1794 1367 1846 1407 qni

1078 1419 1167 1449 daret
1179 1422 1301 1458 aegroto
1318 1420 1505 1449 medicinam
1518 1445 1523 1457 ,
1537 1420 1575 1449 de
1591 1429 1652 1459 qua
1668 1420 1760 1450 sciret
1774 1429 1847 1451 eum

1078 1472 1286 1509 moriturum,
1300 1476 1438 1513 peccaret
1450 1473 1623 1503 mortaliter
1639 1484 1645 1503 z
1662 1482 1743 1512 ergo
1758 1473 1846 1504 simi-

1077 1526 1147 1556 liter
1161 1526 1303 1555 sacerdos
1323 1529 1444 1565 peccat,
1461 1526 1514 1565 qni
1536 1526 1586 1556 dat
1603 1526 1756 1565 peccatori
1778 1535 1847 1558 cor-

1077 1587 1136 1617 pus
1152 1577 1277 1615 Christi,
1293 1578 1346 1608 cui
1361 1579 1417 1608 scit
1431 1578 1540 1608 cedere
1557 1579 1589 1609 in
1604 1582 1751 1610 mortem.

1117 1632 1146 1660 4.
1164 1630 1240 1661 Item
1257 1631 1451 1671 quicumque
1471 1632 1558 1662 daret
1574 1641 1689 1672 corpus
1710 1632 1844 1670 Domini,

1078 1686 1113 1714 ut
1130 1684 1296 1723 projiceret
1319 1685 1349 1714 in
1366 1684 1531 1723 latrinam,
1548 1694 1611 1716 non
1625 1688 1751 1716 tantum
1772 1695 1844 1726 pro-

1075 1737 1198 1776 jiciens,
1216 1738 1269 1768 sed
1280 1740 1310 1768 et
1321 1738 1397 1768 (lans
1408 1741 1550 1777 peccaret
1565 1739 1738 1769 mortaliter
1751 1748 1847 1779 :ergo

1080 1790 1225 1821 similiter
1238 1791 1271 1820 in
1283 1791 1451 1831 proposito.
1468 1791 1501 1821 Si
1517 1792 1600 1822 dicas
1610 1792 1695 1831 quod
1709 1792 1774 1832 ipse
1785 1801 1849 1823 non

1079 1842 1142 1881 dat,
1159 1843 1213 1874 sed
1228 1844 1346 1881 reddit;
1371 1844 1484 1875 Contra
1501 1855 1508 1874 ι
1526 1844 1558 1875 Si
1577 1845 1713 1876 furiosus
1734 1847 1851 1886 peteret

1081 1896 1226 1935 gladium
1251 1907 1363 1935 suum,
1391 1900 1426 1927 ut
1441 1907 1472 1928 se
1501 1899 1709 1937 interficeret,
1733 1899 1788 1939 qui
1808 1898 1851 1929 illi

1080 1949 1234 1988 redderet,
1249 1950 1423 1981 mortaliter
1438 1954 1580 1991 peccaret
1596 1962 1603 1982 :
1619 1960 1708 1990 ergo,
1724 1955 1783 1983 etc.

1121 2005 1151 2033 5.
1173 2003 1249 2034 Item
1268 2028 1275 2042 ,
1301 2004 1326 2034 si
1352 2007 1494 2044 peccator
1515 2007 1634 2046 peteret
1654 2005 1686 2035 in
1707 2004 1848 2044 occulto,

1081 2059 1225 2096 peccaret
1239 2057 1294 2097 qui
1308 2057 1337 2087 ei
1351 2058 1439 2088 daret
1457 2069 1463 2088 :
1480 2067 1558 2097 ergo
1578 2057 1721 2088 similiter
1734 2057 1768 2088 in
1783 2066 1851 2089 ma-

1082 2110 1206 2140 nifesto.
1224 2109 1256 2140 Si
1277 2110 1362 2140 dicas
1376 2111 1459 2150 quod
1477 2120 1556 2148 non,
1578 2112 1705 2150 propter
1721 2110 1852 2142 scanda-

1082 2162 1166 2200 lum;
1196 2162 1309 2194 Contra
1342 2175 1348 2195 :
1382 2164 1446 2194 Hoc
1475 2167 1521 2194 est
1550 2166 1661 2195 contra
1688 2164 1854 2195 veritatem

1083 2216 1157 2247 vitae
1177 2226 1184 2247 ε
1201 2216 1254 2247 sed
1269 2219 1378 2247 contra
1394 2218 1558 2248 veritatem
1574 2218 1647 2249 vitae
1661 2217 1742 2248 nihil
1756 2220 1802 2248 est
1814 2217 1856 2247 sa-

1085 2269 1231 2300 ciendum
1248 2273 1375 2310 propter
1389 2271 1574 2302 scandatum
1590 2282 1596 2302 :
1613 2280 1702 2310 ergo,
1715 2272 1773 2302 etc.

1100 2336 1106 2357 ς
1124 2324 1154 2352 6.
1169 2322 1247 2353 Item
1264 2323 1354 2353 aliter
1367 2326 1466 2363 potest
1483 2325 1581 2355 vitare
1603 2323 1799 2360 scandalum,
1821 2326 1855 2353 ut

1085 2375 1110 2405 si
1126 2384 1182 2415 pro
1193 2376 1295 2407 bostia
1305 2378 1391 2408 daret
1403 2388 1516 2418 panem
1532 2378 1729 2410 benedictum
1749 2387 1756 2407 ε
1775 2385 1854 2415 ergo

1086 2432 1214 2468 propter
1228 2431 1413 2462 scandalum
1428 2442 1491 2463 non
1507 2434 1645 2463 tenetur.

1087 2486 1190 2517 Brnictl,
1208 2488 1238 2511 tv
1260 2488 1338 2518 Scan,
1354 2489 1411 2513 dist.
1432 2495 1489 2520 vni,
1504 2497 1529 2520 q.
1545 2495 1597 2520 v11;
1612 2489 1679 2512 Petr.
1697 2487 1728 2512 de
1744 2488 1855 2515 Terent„

1089 2522 1119 2545 tv
1143 2522 1221 2551 Smin,
1251 2524 1308 2547 dist.
1340 2531 1380 2554 ix,
1402 2532 1427 2556 q.
1452 2532 1487 2548 xi.
1509 2539 1539 2543 —
1558 2526 1568 2541 ²
1588 2523 1694 2552 Matth„
1714 2528 1760 2553 vu,
1782 2523 1805 2546 6.
1827 2534 1857 2540 ·—

1086 2557 1096 2572 ³
1111 2557 1210 2588 Mami„
1232 2565 1274 2588 xv,
1294 2561 1331 2584 26.
1352 2572 1382 2577 —-
1398 2560 1406 2576 ⁴
1422 2560 1509 2590 Cypr„
1529 2560 1621 2591 Epist„
1637 2558 1680 2582 lib.
1698 2559 1727 2587 Χ,
1741 2557 1814 2588 epist.
1831 2562 1855 2581 x.

1119 2597 1153 2627 (α)
1164 2597 1225 2622 Gaet.
1235 2598 1294 2622 edit.
1309 2600 1361 2630 qui.

1865 905 1897 925 Ad
1912 910 1964 931 opp.
