2017 2948
128 1170 162 1190 Ad
180 1177 230 1197 opp.

261 132 319 160 5⁶24

253 198 299 226 est
313 204 352 226 ex
367 198 569 236 consequenti
583 208 590 228 ι
609 198 662 229 sed
677 198 789 229 divisio
805 198 906 238 primo
923 206 1019 238 appa-

254 251 320 286 ret,
339 249 410 279 inde
427 249 599 281 accidentia
614 254 784 291 apparent,
802 253 832 281 et
847 260 899 290 per
914 259 1020 281 conse-

253 310 352 341 quens
376 302 497 333 ducunt
520 303 551 333 in
574 304 787 342 cognitionem
811 304 964 343 subjecti:
990 306 1020 335 et

252 357 421 394 antequam
441 356 588 386 veniatur
603 357 641 386 ad
656 357 715 387 hoc
728 380 735 393 ‚
757 359 858 396 potest
872 357 948 388 tides
963 358 1019 387 ob-

252 409 349 439 viare.
366 409 426 440 Sed
441 410 483 439 ihi
504 410 606 449 prima
623 411 722 440 fronte
738 412 866 449 apparet
881 411 993 441 divisio
1010 422 1015 441 :

252 464 282 491 et
296 461 364 492 ideo
378 471 503 493 necesse
521 465 566 493 cst
582 463 623 492 ibi
640 472 706 493 esse
722 463 937 503 deceptionem
953 464 1019 493 sine

251 513 357 554 aliqua
370 515 519 552 veritate;
538 523 577 546 ex
593 515 654 546 ulia
669 517 756 555 parte
772 516 939 546 verItatem
953 525 1019 546 csse

251 567 318 598 sine
332 568 523 607 deceptione.

517 696 695 734 QUAESTIO
718 698 769 729 111.

302 792 343 818 An
361 794 461 825 fractio
480 793 658 820 Eucharistice
677 794 783 828 aliquid
800 795 930 828 siqnificet
945 797 962 819 ¹.

288 888 368 925 Quid
385 888 564 927 significent
579 891 701 928 partes⁷
719 891 749 920 et
764 899 874 921 earum
890 891 1017 930 signiti-

248 941 328 972 catio
339 965 347 979 ,
365 941 414 971 his
429 942 573 972 versibus
588 943 768 973 continetur
789 954 796 974 t

313 1031 400 1055 Hostia
415 1031 535 1055 dividitur
549 1032 574 1056 in
590 1034 674 1062 partes
688 1040 693 1055 :
710 1033 788 1057 tincta
802 1034 899 1064 henim,

310 1067 385 1090 Plane
400 1066 467 1090 sicca
480 1070 550 1091 notat
565 1068 648 1098 vivos,
663 1070 763 1092 servata
778 1069 898 1099 sepultos.

287 1155 441 1195 Objicitur
455 1157 557 1196 primo
573 1159 681 1188 contra
696 1158 961 1197 significationem
973 1161 1016 1191 ‹li-

247 1209 387 1247 visionis,
405 1210 480 1249 quia
491 1210 523 1240 in
536 1219 666 1250 corpore
677 1210 791 1240 Christi
807 1212 939 1251 mystico
952 1222 1015 1243 non

244 1264 291 1292 cst
306 1262 420 1293 divisio
432 1286 439 1300 ,
457 1263 511 1294 sed
525 1263 600 1293 unio
617 1274 623 1293 z
648 1273 725 1303 ergo
739 1265 765 1294 si
781 1268 1015 1296 sacramentum

244 1317 290 1345 est
311 1324 425 1345 verum
449 1316 600 1354 signum,
628 1317 661 1347 in
685 1320 882 1348 sacramento
903 1318 1015 1348 divisio

244 1368 312 1398 fieri
326 1378 392 1398 non
406 1368 496 1399 debet
510 1380 516 1406 ;
534 1372 588 1399 aut
603 1370 627 1399 si
643 1370 697 1407 fit,
714 1370 827 1400 falsum
844 1371 1012 1409 significat.

283 1424 312 1452 ⁶2.
340 1421 416 1452 Item
443 1422 569 1453 videtur
594 1423 678 1462 quod
702 1424 860 1454 sufficeret
881 1424 915 1454 in
938 1425 1016 1455 duas

244 1476 367 1504 tantum
383 1477 487 1513 partes
502 1475 643 1506 dividere
656 1499 663 1513 ,
680 1476 755 1515 quia
770 1476 906 1507 Ecclesia
923 1478 1014 1507 suffi-

243 1527 362 1557 cienter
383 1528 534 1558 dividitur
558 1529 591 1558 in
616 1529 726 1566 vivos,
753 1532 782 1559 et
805 1533 958 1560 mortuos.
982 1530 1014 1561 Si

242 1579 328 1610 dicas
350 1580 434 1619 quod
455 1581 571 1611 mortui
593 1583 665 1611 sunt
682 1582 714 1611 in
730 1582 844 1621 duplici
863 1582 1013 1613 differen-

243 1633 300 1671 tia,
317 1633 393 1672 quia
407 1634 536 1673 quidam
551 1637 625 1664 sunt
639 1635 671 1664 in
686 1636 888 1674 purgatorio,
906 1638 936 1666 et
947 1637 1014 1676 qui-

243 1686 316 1716 dam
331 1686 364 1716 in
380 1687 525 1726 paradiso
540 1698 546 1717 :
566 1688 624 1718 hoc
640 1697 705 1718 non
720 1688 829 1723 solvit,
847 1689 920 1728 quia
932 1690 1012 1720 beati

243 1747 306 1769 non
322 1739 467 1778 indigent
480 1740 631 1770 sacrificio
647 1751 653 1770 :
676 1749 756 1779 ergo
770 1750 833 1771 non
850 1741 962 1772 debent
979 1742 1012 1772 in

243 1793 349 1823 nostro
365 1792 516 1823 sacrificio
531 1792 662 1831 signari.

283 1848 311 1875 3.
337 1845 414 1876 Item
438 1845 565 1876 videtur
588 1846 673 1885 quod
700 1846 732 1877 in
756 1847 863 1886 plures
887 1850 1010 1887 partes,

242 1898 318 1937 quia
332 1898 399 1928 vivi
415 1900 489 1929 sunt
503 1899 534 1929 in
551 1900 717 1939 multiplici
732 1900 918 1931 differentia.
941 1901 1013 1938 Qui-

242 1950 315 1981 dam
329 1951 416 1981 enim
437 1954 513 1982 sunt
531 1953 644 1991 activi⁷
669 1953 799 1992 qnidam
819 1954 1013 1994 contempla-

242 2003 317 2040 tivi,
340 2004 470 2043 quidam
495 2005 637 2044 praelati,
663 2006 793 2045 quidam
819 2009 892 2037 sunt
915 2008 1009 2045 boni,

243 2056 372 2095 quidam
396 2057 492 2087 mali:
519 2058 572 2088 sed
594 2059 708 2089 debent
730 2059 903 2098 significari
925 2061 1008 2098 vivi,

242 2109 321 2139 sicut
336 2111 452 2140 mortui
465 2121 470 2140 :
489 2120 568 2150 ergo
583 2112 683 2143 multo
695 2113 802 2152 plures
817 2113 930 2143 debent
945 2122 1012 2144 esse

242 2164 357 2202 partes.
373 2162 405 2193 Si
419 2163 503 2194 dicas
518 2165 602 2204 quod
618 2165 690 2195 mali
705 2174 769 2196 non
787 2166 901 2196 debent
915 2167 1012 2205 signi-

242 2215 329 2246 ficari
338 2227 345 2253 3
370 2218 480 2247 contra
495 2228 500 2248 z
519 2218 659 2249 Christus
674 2228 730 2259 pro
744 2220 892 2250 omnibus
907 2229 940 2250 se
955 2220 1010 2249 ol]-

242 2269 357 2299 tulitin
373 2278 465 2300 cruce
478 2281 485 2300 :
511 2271 564 2301 sed
579 2271 647 2302 haec
662 2272 778 2302 oblatio
794 2275 839 2303 est
853 2282 1010 2304 rememo-

241 2322 322 2352 ratio
337 2322 440 2354 illius:
457 2332 536 2362 ergo
548 2347 555 2361 ,
572 2326 630 2355 etc.

281 2378 310 2406 4.
333 2376 410 2406 Item
426 2376 573 2415 obJ'icitur
587 2380 696 2408 contra
710 2378 770 2408 hoc
784 2380 869 2418 quod
884 2380 1009 2417 dicitiu,

242 2429 327 2467 quod
347 2438 420 2468 pars
441 2429 573 2460 intincta
594 2430 700 2470 signat
719 2431 835 2462 beatos.
857 2432 917 2463 Sed
935 2442 1012 2463 con-

244 2483 291 2511 tra
307 2491 313 2511 :
345 2482 431 2512 Calix
458 2483 565 2522 signat
592 2484 769 2523 passionem
785 2494 793 2515 :
823 2495 901 2524 ergo
923 2486 1011 2516 nullo

242 2534 336 2564 modo
351 2536 497 2574 congruit
510 2537 549 2567 ad
564 2537 758 2575 signandum
773 2538 888 2568 beatos.

278 2598 284 2614 ¹
303 2599 342 2627 Cf.
363 2599 432 2622 Alex.
453 2601 546 2630 Alens.⁷
570 2608 593 2631 p.
617 2601 659 2630 lv,
681 2608 704 2631 q.
721 2608 750 2630 x,
769 2602 863 2626 memb.
877 2603 899 2632 (l,
916 2605 962 2626 nrt.
986 2604 1010 2632 '13

815 130 1121 162 SENTENTIARUM
1149 130 1220 161 ΜΒ.
1246 130 1294 161 lv.

1116 200 1145 228 5.
1171 196 1248 228 Item
1263 196 1378 227 dicitur
1399 196 1483 236 quod
1501 205 1574 236 pars
1588 200 1726 229 comesta
1739 200 1843 239 signat

1075 249 1272 280 ambulantes
1297 258 1391 290 super
1407 252 1534 280 terram.
1558 249 1618 280 Sed
1635 252 1744 281 contra
1757 261 1765 282 ε
1789 252 1843 283 llla

1075 312 1147 343 pars
1162 306 1298 334 comesta
1314 304 1532 342 incorporatur
1547 314 1554 333 :
1579 304 1632 334 sed
1647 305 1844 336 ambulantes

1075 357 1206 387 minime
1222 360 1351 396 possunt
1364 357 1557 396 incorporari
1571 367 1577 387 z
1595 366 1674 396 ergo
1688 366 1743 397 per
1757 358 1843 389 illam

1074 419 1137 440 non
1152 410 1266 440 debent
1280 410 1411 447 signari.

1114 465 1143 493 6.
1166 462 1242 492 ltem
1265 462 1378 492 dicitur
1399 462 1483 502 quod
1504 471 1577 501 pars
1595 465 1719 493 servata
1737 463 1845 503 signat

1074 517 1227 545 mortuos.
1240 515 1353 545 Contra
1366 526 1372 545 :
1388 515 1492 553 Pane-I,
1508 517 1562 546 aut
1574 515 1651 546 nulli
1665 519 1841 554 reservant;

1073 578 1152 608 ergo
1167 570 1247 600 nulli
1262 570 1430 609 perficiunt
1444 573 1689 602 sacramentum.

1347 684 1570 716 CONCLUSIO.

1073 766 1253 792 Eztcharz'stiae
1273 767 1376 799 fractio
1395 768 1545 801 passionem
1561 767 1661 794 Christi
1680 768 1840 802 significat:

1107 811 1153 837 sed
1162 813 1252 845 partes
1266 812 1382 846 corporis
1392 812 1499 845 mystici
1506 813 1596 846 partes
1608 814 1803 846 reproesentant.

1112 889 1203 929 Resp.
1221 890 1259 920 ad
1275 899 1347 928 arg.
1366 889 1538 920 Dicendum
1558 890 1653 930 quod,
1672 890 1752 921 sicut
1767 890 1842 921 dicit

1072 941 1235 981 Magister,
1253 943 1320 983 ipsa
1335 943 1444 973 fractio
1459 944 1566 982 signat
1582 943 1772 982 passionem,
1788 943 1842 974 sed

1071 998 1175 1035 partes
1195 997 1263 1027 istae
1287 997 1415 1036 signant
1439 999 1543 1036 partes
1566 997 1706 1036 corporis
1729 996 1842 1028 Christi

1071 1050 1205 1088 mystici.
1233 1049 1271 1080 Et
1295 1050 1370 1089 quia
1391 1052 1495 1089 partes
1518 1050 1551 1080 in
1573 1058 1703 1090 corpore
1728 1050 1842 1081 Christi

1071 1102 1202 1141 mystico
1218 1104 1291 1132 sunt
1308 1103 1341 1132 in
1358 1102 1472 1142 triplici
1492 1102 1690 1140 differentia3
1712 1103 1842 1142 quidam

1070 1155 1155 1185 enim
1166 1158 1301 1193 regnant
1315 1155 1346 1185 in
1360 1155 1515 1194 paradiso,
1534 1155 1664 1195 quidam
1675 1156 1775 1186 securi
1791 1164 1842 1186 ex-

1071 1209 1195 1246 pectant
1212 1207 1244 1237 in
1264 1207 1452 1246 sepulchro,
1476 1208 1605 1247 quidam
1628 1210 1734 1238 autem
1756 1217 1841 1247 pug-

1070 1263 1147 1291 nant
1158 1261 1189 1290 in
1204 1261 1327 1297 merito;
1344 1269 1423 1298 ergo
1435 1263 1558 1290 tantum
1569 1262 1632 1291 tres
1644 1263 1748 1300 partes
1759 1261 1843 1291 fiunt

1070 1313 1103 1343 in
1119 1314 1177 1343 hoc
1192 1315 1400 1343 sacramento.

1110 1369 1138 1396 ⁴1.
1165 1366 1213 1396 Ad
1235 1366 1312 1396 illud
1336 1366 1420 1406 quod
1443 1366 1589 1405 objicitur
1611 1366 1735 1406 primo,
1757 1366 1841 1406 quod

1069 1420 1146 1450 salsa
1168 1422 1213 1450 est
1235 1419 1366 1457 divisio7
1389 1419 1557 1449 dicendum
1579 1419 1662 1458 quod
1684 1428 1748 1450 non
1771 1421 1837 1458 est,

1072 1473 1135 1503 imo
1159 1473 1265 1511 signat
1289 1472 1496 1509 divisionem,
1532 1480 1605 1511 quae
1630 1472 1689 1503 fuit
1712 1473 1745 1503 in
1768 1482 1838 1512 pas-

1069 1528 1168 1558 sione.

1109 1583 1138 1610 9..
1156 1580 1203 1610 Ad
1217 1579 1293 1610 illud
1311 1579 1394 1618 qnod
1410 1579 1568 1617 objicitur,
1591 1580 1675 1618 quod
1690 1580 1840 1611 deberent

1067 1642 1134 1664 esse
1158 1634 1282 1663 tantum
1303 1632 1375 1662 duae
1401 1634 1521 1671 partes,
1548 1634 1632 1671 patet
1655 1634 1836 1672 responsio,

1067 1687 1142 1726 quia
1152 1686 1269 1716 mortui
1284 1688 1357 1715 sunt
1368 1685 1400 1714 in
1413 1685 1529 1724 duplici
1542 1684 1737 1723 differentia;
1754 1686 1839 1717 unde

1067 1742 1139 1772 duae
1159 1743 1263 1781 partes
1282 1740 1409 1770 suntad
1428 1739 1673 1778 significandum
1691 1739 1770 1771 illos.
1791 1741 1839 1771 Ad

1068 1795 1143 1825 illud
1164 1794 1248 1834 quod
1268 1793 1427 1832 objicitur,
1449 1793 1531 1832 quod
1547 1801 1611 1823 non
1627 1792 1754 1824 deberet
1771 1803 1839 1825 esse

1067 1857 1125 1888 pro
1141 1847 1238 1878 beatis
1250 1871 1258 1884 ‚
1280 1846 1448 1877 dicendum
1469 1846 1555 1885 quod
1576 1846 1636 1876 hoc
1650 1847 1838 1878 sacrificium

1068 1910 1131 1931 non
1155 1902 1278 1931 tantum
1306 1899 1439 1929 offertur
1464 1899 1498 1928 in
1525 1899 1755 1938 expiationem,
1785 1900 1839 1931 sed

1067 1954 1162 1984 etiam
1185 1954 1219 1983 in
1239 1953 1418 1992 gratiarum
1441 1952 1618 1990 actionem,
1641 1955 1672 1983 et
1693 1953 1762 1984 ideo
1782 1962 1839 1993 pro

1068 2007 1211 2044 miseris,
1228 2008 1258 2036 et
1273 2005 1382 2035 beatis.

1108 2065 1136 2091 3.
1154 2060 1198 2091 Ad
1216 2059 1291 2090 illud
1307 2058 1392 2098 quod
1403 2058 1566 2098 objicitur,
1582 2058 1667 2097 quod
1681 2058 1747 2089 vivi
1763 2060 1839 2089 sunt

1067 2115 1098 2144 in
1110 2113 1275 2153 multiplici
1288 2108 1474 2149 differentia,
1493 2111 1575 2141 sicut
1586 2111 1703 2142 mortui
1719 2111 1771 2150 (a),
1787 2111 1838 2142 di-

1067 2168 1202 2197 cendum
1222 2165 1306 2205 quod
1322 2174 1386 2195 non
1401 2167 1473 2195 sunt
1489 2164 1522 2194 in
1538 2166 1624 2194 tanta
1639 2164 1835 2202 differentia,

1066 2221 1142 2260 quia
1158 2228 1267 2250 omnes
1281 2218 1346 2247 vivi
1362 2218 1505 2256 indigent
1521 2217 1674 2249 sacrificio
1690 2218 1838 2257 expiante

1066 2283 1085 2304 a
1100 2273 1213 2313 culpa:
1235 2271 1366 2311 quidam
1387 2272 1492 2300 autem
1514 2270 1631 2300 mortui
1652 2270 1805 2301 liberante
1819 2279 1838 2300 a

1067 2336 1179 2367 poena3
1202 2326 1256 2356 alii
1268 2325 1371 2355 solum
1393 2323 1496 2354 laudis
1511 2324 1675 2354 memoria.
1697 2323 1744 2354 Ad
1759 2323 1836 2354 illud

1067 2380 1152 2420 quod
1175 2379 1324 2418 objicitur
1345 2376 1383 2407 de
1403 2376 1510 2413 malis,
1532 2375 1700 2406 dicendum
1724 2384 1835 2406 secun-

1067 2434 1143 2465 dum
1159 2431 1375 2471 Augustinum
1387 2453 1396 2467 ,
1416 2429 1499 2469 quod
1515 2429 1705 2459 sacrificium
1723 2436 1837 2467 corpo-

1067 2487 1111 2517 ris
1125 2485 1238 2516 Christi
1260 2483 1364 2514 solum
1379 2491 1437 2522 pro
1457 2482 1506 2512 his
1524 2482 1630 2512 offerri
1650 2481 1761 2518 dehet,
1782 2473 1836 2520 qui

1068 2566 1194 2595 Rivlmrd„
1216 2565 1244 2587 tv
1269 2565 1346 2592 Saul„
1369 2562 1425 2585 (list.
1448 2566 1498 2591 xn,
1522 2563 1568 2584 art.
1589 2564 1618 2590 u,
1641 2568 1665 2591 q.
1693 2566 1726 2589 11;
1749 2561 1836 2591 steph.

1070 2602 1148 2629 Brut,
1160 2601 1189 2623 iv
1205 2599 1347 2629 so.›11e.‚dist.
1359 2603 1438 2627 xn,q.
1456 2595 1644 2626 ix.—(11)Ecl‹e.
1659 2595 1836 2619 Venauortuis.
