2017 2948
757 165 955 198 ⁴DIST1NCT.
978 165 1108 197 XXXIX.

137 241 227 270 ratur
241 247 296 278 per
316 237 427 275 Deum,
444 237 486 267 ita
500 236 585 276 quod
608 235 758 275 importat
781 234 908 264 habitu-

138 293 244 323 dinem
260 291 422 331 principii3
446 292 502 320 aut
523 290 558 319 111
579 290 736 328 quantum
760 288 909 326 importat

138 345 358 375 habitudinem
381 342 592 382 praeeipientis
620 343 650 371 et
680 339 906 379 cognoscentis,

139 403 169 430 et
183 401 227 430 sic
242 402 288 430 est
302 399 359 429 ista
374 399 476 428 forma
498 408 503 427 z
528 397 626 428 Testis
649 398 693 427 est
714 395 795 426 milti
814 395 907 431 Deus,

139 453 207 483 sive
222 454 294 484 Scit
309 453 400 489 Deus,
420 451 503 490 qnod
517 450 600 480 idem
616 451 678 486 est3
692 451 748 479 aut
764 449 796 478 111
810 458 910 487 quan-

138 508 207 536 tum
231 506 380 545 importat
395 504 615 535 habitudinem
631 502 837 533 retribuentis
860 511 910 531 re-

139 560 247 597 spectu
260 559 430 596 bonorum,
443 560 473 588 et
490 557 533 587 sic
545 558 692 596 juratur:
716 556 803 586 Vivit
817 556 908 591 Deus,

139 613 197 651 qui
211 613 311 643 vitam
322 611 399 643 aliis
415 611 529 643 tribuit
534 620 546 649 ,·
561 613 616 640 aut
631 611 663 640 111
678 611 834 649 quantum
850 609 911 638 im-

140 667 243 704 portat
254 665 470 695 habitudinem
482 664 682 694 retribuentis
694 665 835 701 respectu
848 671 910 691 uia-

140 719 256 757 lorum,
273 722 303 749 et
319 720 361 749 sic
373 720 502 758 juratur
515 719 573 748 hac
591 719 691 748 forma
707 729 712 748 :
730 718 792 749 Hoc
811 717 912 755 Γασίατ

140 771 223 803 milti
239 772 331 809 Deus,
354 775 382 803 ec
404 771 460 802 hoc
477 771 588 802 addat.
612 771 649 801 Et
670 770 821 810 quoniam
846 770 912 808 ipsa

140 825 256 854 veritas
271 833 356 854 nunc
379 824 543 854 manifeste
558 824 727 854 adducitur
741 823 780 853 ad
795 824 910 852 confir-

141 878 324 915 mationem,
336 880 488 917 tanquam
515 877 619 908 omnis
638 876 778 907 veritatis
795 876 912 915 priuci-

141 931 241 971 pium,
258 934 288 961 et
309 931 489 970 exemplar3
506 931 581 961 hine
605 932 651 960 est
670 929 755 969 quod
774 929 807 958 iu
829 938 912 958 nova

140 984 212 1023 lege
225 984 390 1023 dupliciter
401 985 538 1023 juratur.
557 983 593 1013 Et
608 982 682 1022 quia
693 984 834 1021 tempore
850 981 911 1020 pri-

143 1037 262 1067 mitivae
278 1037 420 1067 Eeclesiae
437 1037 552 1067 veritas
566 1035 711 1066 nondum
730 1036 796 1064 era-t
812 1034 911 1063 mani-

142 1090 230 1127 festa,
246 1090 300 1120 sed
315 1089 479 1128 indigebat
503 1087 615 1127 maiori
636 1087 811 1123 evidentia3
839 1086 912 1116 hine

143 1145 189 1172 est
202 1142 286 1181 quod
299 1142 464 1172 tenebatur
480 1143 554 1171 tune
569 1141 628 1170 ista
641 1142 744 1170 forma
758 1142 765 1157 ¹
785 1150 790 1168 :
811 1139 912 1170 Tescl's

143 1198 188 1226 esc
212 1195 292 1226 milti
315 1196 411 1225 Deus.
434 1194 514 1231 Quia
536 1203 611 1224 vero
634 1193 667 1223 iu
685 1193 783 1223 veteri
806 1191 910 1222 Testa-

144 1250 252 1278 mento
267 1247 524 1278 considerabatur
539 1247 647 1277 divina
665 1246 779 1276 veritas
795 1248 829 1275 ut
844 1246 913 1276 vin-

143 1301 252 1331 dicans
267 1303 297 1331 et
312 1301 475 1337 ulciscens,
492 1300 566 1339 quia
581 1299 639 1329 sub
655 1299 775 1329 ratione
791 1299 911 1328 severi-

144 1354 215 1383 tatis
229 1356 259 1384 et
275 1353 449 1393 aequitatis3
477 1352 550 1382 binc
574 1354 630 1389 est,
648 1351 732 1391 quod
755 1351 911 1390 duplicem

144 1406 279 1437 formam
295 1406 435 1436 iuveteri
451 1405 651 1435 Testamento
665 1405 844 1439 servabant,
859 1404 914 1433 sci-

144 1458 215 1489 lieet
232 1468 238 1488 z
260 1459 348 1490 Vivit
365 1459 464 1493 Deus;
480 1460 525 1488 et:
544 1458 610 1488 Hoc
622 1458 723 1495 faciae
738 1457 818 1487 milti
830 1457 914 1487 Deus

145 1516 175 1544 et
188 1512 243 1543 hoc
259 1511 370 1542 αίίιίαῑ.
387 1511 433 1540 Ex
448 1511 507 1541 hoc
521 1512 604 1549 patet
622 1509 845 1549 praedictarum
862 1510 915 1539 dif-

145 1565 347 1596 ferentiarum
359 1565 527 1601 distinctio,
541 1566 570 1593 et
584 1563 780 1599 sufficientia,
794 1565 824 1592 et
838 1572 915 1592 usus

147 1626 257 1648 earum
272 1618 444 1648 secundum
461 1617 586 1647 diversa
599 1618 753 1655 tempora.
771 1616 818 1645 Ad
836 1615 915 1645 illud

146 1671 229 1710 quod
254 1671 420 1710 quaeritur,
437 1680 508 1710 quae
528 1669 703 1700 differentia
726 1669 916 1708 importatur

146 1733 202 1763 per
226 1724 306 1754 hanc
334 1724 588 1763 praepositionem
610 1730 677 1761 per,
704 1724 734 1752 et
756 1731 811 1761 per
836 1722 916 1752 hane

146 1777 403 1816 praepositionem
416 1776 640 1813 trudit-endum
651 1775 735 1814 quod
747 1783 801 1813 per
812 1775 916 1813 magis

147 1831 221 1861 dicit
236 1832 337 1871 ipsam
356 1832 522 1862 veritatem
537 1831 596 1860 sub
612 1830 732 1860 ratione
751 1831 917 1860 testifican-

148 1884 187 1913 tis
201 1886 232 1914 et
253 1885 482 1924 praecipientis·‚
508 1884 575 1913 haec
592 1886 699 1913 autem
722 1884 914 1923 praepositio,

149 1938 196 1975 in,
215 1938 364 1977 importat
384 1938 528 1967 habitum
555 1937 672 1967 divinae
694 1937 834 1967 veritatis
858 1937 917 1966 sub

149 1991 269 2021 ratione
292 1991 486 2021 testificantis
520 1993 549 2019 et
585 1990 801 2029 exemplantis.
833 1990 918 2020 Unde

149 2045 323 2074 secundum
343 2053 410 2074 rem
434 2044 519 2073 idem
544 2047 589 2073 est
609 2045 719 2081 jurare
743 2044 774 2073 iu
797 2043 870 2080 Deo,
888 2045 918 2073 et

150 2105 205 2135 per
220 2096 330 2133 Deum,
344 2098 374 2126 et
388 2096 489 2127 dicere
507 2107 513 2126 :
534 2096 632 2127 Testis
649 2099 693 2127 est
710 2096 791 2127 milti
806 2097 891 2127 Deus
910 2104 916 2124 τ

151 2148 221 2179 licet
237 2149 278 2179 sit
291 2149 469 2180 differentia
481 2158 519 2178 ex
537 2152 623 2188 parte
639 2149 722 2179 modi
738 2149 871 2179 dicendi.

467 2254 535 2274 DUB.
559 2254 602 2275 lv.

175 2315 234 2339 Sine
249 2315 406 2339 dubitatione
421 2315 505 2339 minus
522 2316 616 2339 1110111111
632 2318 670 2339 est
681 2322 726 2346 per
741 2316 807 2339 bens
822 2314 897 2338 salsos

455 2352 549 2382 jtii·ar1:‚
565 2354 612 2375 etc.

190 2416 303 2445 Contra
325 2425 335 2446 :
363 2415 464 2455 Majus
489 2419 652 2454 peccatum
666 2419 712 2446 cst
733 2416 917 2453 idololatria,

149 2477 246 2508 quam
261 2469 451 2508 perjinium,
468 2469 534 2498 sive
556 2478 681 2506 verum,
700 2469 766 2499 sive
780 2469 892 2499 t'alsuin
911 2479 916 2498 :

149 2525 180 2552 et
200 2522 362 2553 idololatra
382 2523 415 2552 in
441 2522 579 2561 jurando
606 2523 773 2552 committit
795 2522 921 2552 idolola-

149 2575 254 2614 triam,
271 2576 348 2616 quia
361 2576 481 2607 idolum
496 2578 667 2607 veneratur
682 2585 737 2615 per
753 2576 857 2616 ipsum
869 2577 920 2616 ju-

184 2638 277 2669 ¹flom.,
292 2644 310 2668 1,
328 2640 350 2662 9.

1676 167 1734 196 205

965 233 1065 263 rando
1082 242 1088 261 :
1103 241 1192 270 ergo,
1203 231 1228 261 si
1240 231 1329 270 jurat
1343 239 1454 261 verum
1472 239 1528 270 per
1541 231 1633 262 falsos
1649 232 1733 270 deos,

965 285 1070 324 magis
1086 287 1203 324 peccat,
1213 293 1310 324 quam
1324 283 1375 313 ille
1384 283 1439 322 qui
1450 285 1539 323 jurat
1552 285 1666 315 falsum
1681 295 1736 325 per

965 348 1079 369 verum
1096 338 1207 368 Deum.

1006 392 1096 432 Resp.
1114 391 1286 421 Dicendum
1307 391 1391 430 quod
1414 391 1447 420 111
1466 392 1649 430 juramento
1670 392 1734 429 illo,

966 455 1029 485 quo
1049 446 1120 485 quis
1133 446 1220 484 jurat
1234 453 1289 483 per
1301 443 1393 474 falsos
1412 443 1496 481 deOS‚
1512 444 1576 474 duo
1590 447 1673 482 sunt,
1692 446 1736 475 vi-

967 499 1078 530 delicet
1093 498 1171 528 illud
1185 497 1270 537 quod
1284 498 1447 535 asseritur,
1458 499 1487 527 et
1497 497 1572 528 illud
1584 507 1640 537 per
1653 499 1736 537 qnod

967 554 1128 585 asseritur.
1148 553 1351 592 Respiciendo
1373 552 1449 583 illud
1469 553 1552 592 quod
1573 554 1734 591 asseritur,

967 608 1010 637 sic
1025 610 1071 637 est
1088 607 1193 637 minus
1207 605 1326 636 malum
1343 615 1348 634 :
1361 608 1391 636 et
1402 606 1593 645 sicloquitur
1607 607 1738 645 Augus-

968 658 1064 694 tinus,
1083 658 1157 697 quia
1171 666 1210 687 ex
1224 657 1277 687 illa
1291 659 1378 696 parte
1393 657 1546 687 asseritur
1560 666 1684 695 verum,
1707 660 1737 687 et

969 720 1008 741 ex
1025 711 1086 741 alia
1096 712 1184 750 parte
1199 710 1325 741 falsum.
1339 710 1544 750 Respiciendo
1560 720 1635 741 vero
1646 711 1683 741 ad
1697 711 1737 741 il-

967 764 1022 794 lud
1032 773 1087 803 per
1097 764 1181 803 quod
1187 765 1325 803 juratur,
1334 765 1395 803 maj
1403 772 1438 794 us
1446 764 1567 794 malum
1576 766 1621 794 est
1627 765 1638 803 j
1645 774 1737 794 urare

969 826 1082 847 verum
1099 826 1153 855 per
1168 816 1259 846 falsos
1276 816 1365 854 Deos,
1374 826 1470 855 quam
1484 817 1597 847 falsum
1614 826 1669 856 per
1682 827 1738 847 ve-

968 879 1042 899 rum
1058 869 1157 899 Deum
1174 878 1180 897 :
1198 872 1228 899 et
1243 869 1418 899 secundum
1442 870 1534 899 istam
1548 869 1634 900 viam
1664 879 1738 909 pro-

968 923 1048 953 cedit
1070 923 1158 953 ratio.

1292 997 1359 1019 DUB.
1385 998 1417 1019 V.

1044 1060 1090 1088 Qui
1105 1062 1227 1091 provocat
1243 1061 1372 1085 homiuem
1391 1061 1422 1085 ad
1434 1061 1599 1092 jurationem,
1615 1064 1662 1086 etc.

1009 1136 1121 1165 Contra
1134 1136 1194 1166 hoc
1209 1138 1266 1174 est⁷
1277 1137 1360 1176 quod
1372 1137 1472 1175 judex
1488 1137 1588 1167 sciens
1599 1137 1738 1177 aliquem

964 1190 1074 1227 Jurffle
1094 1189 1219 1227 falsum,
1247 1192 1373 1220 tenetur
1396 1192 1502 1220 tamen
1530 1190 1739 1221 nihilominus

968 1250 1007 1271 ex
1022 1242 1124 1271 officio
1139 1243 1178 1272 ab
1193 1252 1230 1273 eo
1245 1244 1376 1282 exigere
1395 1245 1615 1282 ι11110111011111111
1637 1253 1644 1274 :
1662 1253 1739 1283 ergo

971 1295 1094 1325 videtur
1109 1296 1191 1335 quod
1208 1296 1350 1326 faciendo
1366 1296 1443 1326 illud
1452 1296 1490 1326 ad
1502 1296 1586 1335 quod
1601 1298 1737 1335 tenetur,

969 1352 1074 1388 peccet
1090 1350 1263 1379 mortaliter
1277 1349 1446 1379 occidendo
1462 1350 1658 1389 proximum.

1010 1402 1101 1442 Resp.
1120 1403 1304 1440 Dicendum,
1321 1403 1405 1442 quod
1421 1403 1555 1441 exigens
1570 1405 1737 1442 juramen-

970 1458 1036 1485 tum
1052 1458 1107 1485 aut
1121 1458 1166 1485 est
1181 1465 1312 1495 persona
1327 1456 1462 1495 publica,
1480 1459 1534 1486 aut
1554 1457 1689 1496 privata.
1707 1458 1739 1487 Si

970 1509 1106 1548 publica,
1123 1509 1167 1539 sie
1183 1511 1307 1539 tenetur
1321 1509 1451 1548 exigere
1468 1510 1644 1540 secundum
1656 1511 1740 1549 ι111115

970 1562 1124 1600 ordinem,
1141 1562 1208 1592 ⁴sive
1224 1562 1310 1599 sciat,
1331 1562 1398 1592 sive
1422 1562 1541 1592 neseiat
1563 1563 1666 1602 ipsum
1683 1563 1738 1593 fal—

971 1626 1042 1647 sum
1054 1618 1176 1657 jurare,
1194 1617 1268 1656 quia
1284 1626 1347 1647 non
1369 1617 1547 1656 imputatur
1571 1618 1641 1649 sibi.
1662 1618 1739 1649 Ver—

970 1671 1048 1701 bum
1073 1673 1180 1701 autem
1201 1670 1373 1709 Augustini
1397 1670 1588 1709 intelligitur
1610 1671 1648 1701 de
1671 1682 1741 1711 per-

971 1734 1048 1755 sona
1063 1725 1196 1764 privata,
1218 1733 1291 1763 quae
1306 1733 1371 1753 non
1387 1724 1587 1763 compellitur
1608 1735 1646 1755 ex
1659 1727 1742 1765 ,iuris

971 1781 1081 1810 ordine
1094 1781 1316 1819 juramentum
1332 1780 1471 1818 exigere,
1490 1780 1543 1809 sed
1560 1790 1599 1810 ex
1614 1781 1742 1820 propria

971 1833 1144 1863 voluntate.

1292 1906 1358 1927 DUB.
1384 1906 1427 1927 VI.

1141 1968 1233 1990 Sancta
1250 1967 1363 1997 synodus
1378 1967 1509 1996 decrevit,
1524 1970 1572 1992 etc.

1014 2042 1127 2073 Contra
1142 2042 1201 2072 hoc
1216 2042 1365 2081 objicitur
1396 2053 1401 2073 t
1429 2043 1504 2082 quia
1521 2044 1741 2082 juramentum

973 2105 1037 2125 11011
1059 2098 1105 2125 cst
1127 2104 1206 2135 opus
1238 2096 1496 2135 privilegiatum,
1523 2097 1588 2127 imo
1611 2098 1743 2137 pertinet

973 2151 1038 2179 tam
1064 2150 1102 2179 ad
1128 2149 1335 2188 imperfectos,
1368 2159 1463 2189 quam
1492 2150 1528 2180 ad
1560 2151 1710 2190 perfectos
1734 2161 1740 2181 ε

973 2211 1051 2242 ergo
1066 2212 1130 2233 non
1151 2203 1276 2233 videtur
1292 2203 1375 2242 quod
1393 2203 1474 2233 circa
1493 2203 1597 2242 ipsum
1619 2204 1658 2234 sit
1678 2204 1743 2234 hu-

970 2256 1111 2296 Jusmodi
1125 2256 1304 2286 solemnitas
1315 2256 1429 2295 jejunii
1446 2255 1652 2287 observanda.

1015 2309 1105 2348 Resp.
1124 2308 1295 2339 Dicendum
1312 2308 1395 2347 quod
1411 2308 1470 2338 hoc
1486 2312 1604 2340 nonest
1618 2313 1745 2350 propter

975 2362 1194 2401 privilegium,
1211 2362 1263 2392 sed
1280 2361 1384 2400 magis
1408 2364 1536 2400 propter
1556 2363 1743 2402 periculum,

975 2415 1049 2454 quia
1064 2418 1131 2454 post
1149 2415 1255 2445 cibum
1271 2417 1301 2444 et
1317 2417 1426 2454 potum
1441 2414 1537 2445 homo
1552 2416 1681 2455 pronior
1699 2419 1746 2447 est

975 2468 1013 2498 ad
1042 2468 1292 2507 multiloquium,
1324 2470 1354 2497 et
1382 2467 1451 2498 ideo
1475 2468 1597 2498 facilius
1625 2470 1748 2501 caderet

975 2522 1070 2551 homo
1090 2521 1120 2551 in
1137 2521 1323 2561 perjurium.
1342 2520 1510 2559 Praeterea,
1530 2521 1600 2552 ideo
1620 2523 1745 2554 institu-

976 2577 1043 2604 tum
1053 2576 1099 2604 est
1113 2575 1195 2613 utjej
1203 2584 1266 2604 uuo
1280 2573 1442 2604 stomacho
1452 2574 1506 2604 fiat
1513 2575 1746 2615 Juramentum‚

976 2629 1132 2666 quatenns
1149 2637 1203 2666 per
1221 2627 1278 2656 boc
1295 2626 1484 2665 insinuetur,
1496 2628 1579 2666 quod
1595 2638 1667 2659 cum
1686 2640 1747 2660 ma-
