<?xml version="1.0" encoding="UTF-8"?>
<!DOCTYPE html PUBLIC "-//W3C//DTD XHTML 1.0 Transitional//EN"
    "http://www.w3.org/TR/xhtml1/DTD/xhtml1-transitional.dtd">
<html xmlns="http://www.w3.org/1999/xhtml" xml:lang="en" lang="en">
 <head>
  <title>
</title>
<meta http-equiv="Content-Type" content="text/html;charset=utf-8" />
  <meta name='ocr-system' content='tesseract 3.04.00' />
  <meta name='ocr-capabilities' content='ocr_page ocr_carea ocr_par ocr_line ocrx_word'/>
</head>
<body>
  <div class='ocr_page' id='page_1' title='image "./operaomniasixtiv05bonauoft/operaomniasixtiv05bonauoft_0051.png"; bbox 0 0 2017 2948; ppageno 0'>
   <div class='ocr_carea' id='block_1_1' title="bbox 23 1778 126 1800">
    <p class='ocr_par' dir='ltr' id='par_1_1' title="bbox 23 1778 126 1800">
     <span class='ocr_line' id='line_1_1' title="bbox 23 1778 126 1800; baseline -0.01 0"><span class='ocrx_word' id='word_1_1' title='bbox 23 1778 126 1800; x_wconf 80' lang='lat' dir='ltr'>Fundam.</span> 
     </span>
    </p>
   </div>
   <div class='ocr_carea' id='block_1_2' title="bbox 629 171 1264 209">
    <p class='ocr_par' dir='ltr' id='par_1_2' title="bbox 629 171 1264 209">
     <span class='ocr_line' id='line_1_2' title="bbox 629 171 1264 209; baseline 0.002 -7"><span class='ocrx_word' id='word_1_2' title='bbox 629 171 727 202; x_wconf 88' lang='lat' dir='ltr'>DIST.</span> <span class='ocrx_word' id='word_1_3' title='bbox 752 171 871 203; x_wconf 86' lang='lat' dir='ltr'>XXXII.</span> <span class='ocrx_word' id='word_1_4' title='bbox 893 171 985 203; x_wconf 87' lang='lat' dir='ltr'>ART.</span> <span class='ocrx_word' id='word_1_5' title='bbox 1009 171 1033 202; x_wconf 88' lang='lat'>1.</span> <span class='ocrx_word' id='word_1_6' title='bbox 1056 171 1204 209; x_wconf 85' lang='lat' dir='ltr'><strong>QUAEST.</strong></span> <span class='ocrx_word' id='word_1_7' title='bbox 1228 173 1264 203; x_wconf 85' lang='lat' dir='ltr'>V.</span> 
     </span>
    </p>
   </div>
   <div class='ocr_carea' id='block_1_3' title="bbox 136 237 925 2557">
    <p class='ocr_par' dir='ltr' id='par_1_3' title="bbox 157 237 925 321">
     <span class='ocr_line' id='line_1_3' title="bbox 157 237 925 278; baseline 0 -10"><span class='ocrx_word' id='word_1_8' title='bbox 157 237 250 268; x_wconf 87' lang='lat' dir='ltr'>detur</span> <span class='ocrx_word' id='word_1_9' title='bbox 270 238 355 278; x_wconf 88' lang='lat' dir='ltr'>quod</span> <span class='ocrx_word' id='word_1_10' title='bbox 374 238 479 277; x_wconf 84' lang='lat' dir='ltr'>magis</span> <span class='ocrx_word' id='word_1_11' title='bbox 499 247 601 277; x_wconf 83' lang='lat' dir='ltr'>genus</span> <span class='ocrx_word' id='word_1_12' title='bbox 621 238 810 276; x_wconf 83' lang='lat' dir='ltr'>humanum,</span> <span class='ocrx_word' id='word_1_13' title='bbox 828 246 925 278; x_wconf 84' lang='lat' dir='ltr'>quam</span> 
     </span>
     <span class='ocr_line' id='line_1_4' title="bbox 158 290 483 321; baseline -0.003 0"><span class='ocrx_word' id='word_1_14' title='bbox 158 290 316 321; x_wconf 72' lang='lat' dir='ltr'><strong>Christum</strong></span> <span class='ocrx_word' id='word_1_15' title='bbox 330 290 483 321; x_wconf 81' lang='lat' dir='ltr'>dilexerit.</span> 
     </span>
    </p>

    <p class='ocr_par' dir='ltr' id='par_1_4' title="bbox 153 343 925 755">
     <span class='ocr_line' id='line_1_5' title="bbox 197 343 924 381; baseline 0 -8"><span class='ocrx_word' id='word_1_16' title='bbox 197 345 226 373; x_wconf 71' lang='lat'>2.</span> <span class='ocrx_word' id='word_1_17' title='bbox 244 343 332 381; x_wconf 84' lang='lat' dir='ltr'>Item,</span> <span class='ocrx_word' id='word_1_18' title='bbox 349 343 488 374; x_wconf 86' lang='lat' dir='ltr'>Christus</span> <span class='ocrx_word' id='word_1_19' title='bbox 504 343 599 374; x_wconf 89' lang='lat' dir='ltr'>homo</span> <span class='ocrx_word' id='word_1_20' title='bbox 615 346 661 374; x_wconf 90' lang='lat' dir='ltr'>est</span> <span class='ocrx_word' id='word_1_21' title='bbox 683 344 833 374; x_wconf 79' lang='lat' dir='ltr'>bonitatis</span> <span class='ocrx_word' id='word_1_22' title='bbox 849 344 924 373; x_wconf 85' lang='lat' dir='ltr'>fini-</span> 
     </span>
     <span class='ocr_line' id='line_1_6' title="bbox 156 395 925 435; baseline 0 -10"><span class='ocrx_word' id='word_1_23' title='bbox 156 397 197 426; x_wconf 79' lang='lat' dir='ltr'>tae</span> <span class='ocrx_word' id='word_1_24' title='bbox 216 406 222 425; x_wconf 91' lang='lat'>:</span> <span class='ocrx_word' id='word_1_25' title='bbox 241 395 293 426; x_wconf 85' lang='lat' dir='ltr'>sed</span> <span class='ocrx_word' id='word_1_26' title='bbox 309 405 411 434; x_wconf 84' lang='lat' dir='ltr'>genus</span> <span class='ocrx_word' id='word_1_27' title='bbox 426 396 616 433; x_wconf 81' lang='lat' dir='ltr'>humanum⁷</span> <span class='ocrx_word' id='word_1_28' title='bbox 632 405 705 426; x_wconf 80' lang='lat' dir='ltr'>eum</span> <span class='ocrx_word' id='word_1_29' title='bbox 719 396 758 425; x_wconf 91' lang='lat' dir='ltr'>sit</span> <span class='ocrx_word' id='word_1_30' title='bbox 774 396 925 435; x_wconf 88' lang='lat' dir='ltr'>multipli-</span> 
     </span>
     <span class='ocr_line' id='line_1_7' title="bbox 156 448 922 487; baseline 0 -9"><span class='ocrx_word' id='word_1_31' title='bbox 156 448 254 478; x_wconf 83' lang='lat' dir='ltr'>cabile</span> <span class='ocrx_word' id='word_1_32' title='bbox 281 448 319 478; x_wconf 89' lang='lat' dir='ltr'>de</span> <span class='ocrx_word' id='word_1_33' title='bbox 347 457 378 478; x_wconf 88' lang='lat' dir='ltr'>se</span> <span class='ocrx_word' id='word_1_34' title='bbox 406 448 439 477; x_wconf 91' lang='lat' dir='ltr'>in</span> <span class='ocrx_word' id='word_1_35' title='bbox 471 457 621 487; x_wconf 74' lang='lat' dir='ltr'>personas</span> <span class='ocrx_word' id='word_1_36' title='bbox 650 448 922 485; x_wconf 77' lang='lat' dir='ltr'>innumerabiles,</span> 
     </span>
     <span class='ocr_line' id='line_1_8' title="bbox 155 500 921 540; baseline 0 -9"><span class='ocrx_word' id='word_1_37' title='bbox 155 500 249 531; x_wconf 85' lang='lat' dir='ltr'>habet</span> <span class='ocrx_word' id='word_1_38' title='bbox 277 501 510 540; x_wconf 86' lang='lat' dir='ltr'>quodammodo</span> <span class='ocrx_word' id='word_1_39' title='bbox 539 501 710 531; x_wconf 83' lang='lat' dir='ltr'>bonitatem</span> <span class='ocrx_word' id='word_1_40' title='bbox 738 501 921 532; x_wconf 81' lang='lat' dir='ltr'>infinitam:</span> 
     </span>
     <span class='ocr_line' id='line_1_9' title="bbox 154 555 925 594; baseline 0 -9"><span class='ocrx_word' id='word_1_41' title='bbox 154 555 208 586; x_wconf 88' lang='lat' dir='ltr'>sed</span> <span class='ocrx_word' id='word_1_42' title='bbox 230 555 314 594; x_wconf 91' lang='lat' dir='ltr'>quod</span> <span class='ocrx_word' id='word_1_43' title='bbox 338 555 408 594; x_wconf 86' lang='lat' dir='ltr'>plus</span> <span class='ocrx_word' id='word_1_44' title='bbox 428 555 522 585; x_wconf 87' lang='lat' dir='ltr'>habet</span> <span class='ocrx_word' id='word_1_45' title='bbox 542 555 579 585; x_wconf 88' lang='lat' dir='ltr'>de</span> <span class='ocrx_word' id='word_1_46' title='bbox 603 555 724 585; x_wconf 84' lang='lat' dir='ltr'>ratione</span> <span class='ocrx_word' id='word_1_47' title='bbox 746 555 831 592; x_wconf 80' lang='lat' dir='ltr'>honi,</span> <span class='ocrx_word' id='word_1_48' title='bbox 855 555 925 593; x_wconf 89' lang='lat' dir='ltr'>plus</span> 
     </span>
     <span class='ocr_line' id='line_1_10' title="bbox 153 607 924 647; baseline 0 -9"><span class='ocrx_word' id='word_1_49' title='bbox 153 607 248 638; x_wconf 82' lang='lat' dir='ltr'>habet</span> <span class='ocrx_word' id='word_1_50' title='bbox 263 617 281 638; x_wconf 88' lang='lat' dir='ltr'>a</span> <span class='ocrx_word' id='word_1_51' title='bbox 297 607 359 638; x_wconf 87' lang='lat' dir='ltr'>Deo</span> <span class='ocrx_word' id='word_1_52' title='bbox 375 608 465 647; x_wconf 78' lang='lat' dir='ltr'>diligi</span> <span class='ocrx_word' id='word_1_53' title='bbox 483 619 489 638; x_wconf 91' lang='lat'>:</span> <span class='ocrx_word' id='word_1_54' title='bbox 509 617 587 647; x_wconf 84' lang='lat' dir='ltr'>ergo</span> <span class='ocrx_word' id='word_1_55' title='bbox 603 608 726 637; x_wconf 74' lang='lat' dir='ltr'>videtur</span> <span class='ocrx_word' id='word_1_56' title='bbox 741 607 824 646; x_wconf 81' lang='lat' dir='ltr'>quod</span> <span class='ocrx_word' id='word_1_57' title='bbox 841 608 924 638; x_wconf 84' lang='lat' dir='ltr'>Deus</span> 
     </span>
     <span class='ocr_line' id='line_1_11' title="bbox 154 661 921 700; baseline 0.001 -9"><span class='ocrx_word' id='word_1_58' title='bbox 154 662 258 700; x_wconf 83' lang='lat' dir='ltr'>magis</span> <span class='ocrx_word' id='word_1_59' title='bbox 296 661 408 700; x_wconf 79' lang='lat' dir='ltr'>diligat</span> <span class='ocrx_word' id='word_1_60' title='bbox 445 664 547 692; x_wconf 85' lang='lat' dir='ltr'>totum</span> <span class='ocrx_word' id='word_1_61' title='bbox 581 662 763 692; x_wconf 85' lang='lat' dir='ltr'>humanum</span> <span class='ocrx_word' id='word_1_62' title='bbox 799 671 902 700; x_wconf 73' lang='lat' dir='ltr'>genus</span> <span class='ocrx_word' id='word_1_63' title='bbox 914 686 921 699; x_wconf 85' lang='lat'>,</span> 
     </span>
     <span class='ocr_line' id='line_1_12' title="bbox 154 715 667 755; baseline 0.002 -11"><span class='ocrx_word' id='word_1_64' title='bbox 154 724 252 755; x_wconf 78' lang='lat' dir='ltr'>quam</span> <span class='ocrx_word' id='word_1_65' title='bbox 266 715 356 744; x_wconf 90' lang='lat' dir='ltr'>illum</span> <span class='ocrx_word' id='word_1_66' title='bbox 374 715 537 745; x_wconf 86' lang='lat' dir='ltr'>hominem</span> <span class='ocrx_word' id='word_1_67' title='bbox 552 715 667 745; x_wconf 87' lang='lat' dir='ltr'>solum.</span> 
     </span>
    </p>

    <p class='ocr_par' dir='ltr' id='par_1_5' title="bbox 150 767 924 1177">
     <span class='ocr_line' id='line_1_13' title="bbox 195 767 924 808; baseline 0.003 -11"><span class='ocrx_word' id='word_1_68' title='bbox 195 770 222 798; x_wconf 90' lang='lat'>3.</span> <span class='ocrx_word' id='word_1_69' title='bbox 249 767 337 803; x_wconf 82' lang='lat' dir='ltr'>Item,</span> <span class='ocrx_word' id='word_1_70' title='bbox 355 770 483 807; x_wconf 89' lang='lat' dir='ltr'>propter</span> <span class='ocrx_word' id='word_1_71' title='bbox 503 768 587 807; x_wconf 83' lang='lat' dir='ltr'>qnod</span> <span class='ocrx_word' id='word_1_72' title='bbox 609 769 873 808; x_wconf 80' lang='lat' dir='ltr'>unumquodque,</span> <span class='ocrx_word' id='word_1_73' title='bbox 894 771 924 799; x_wconf 85' lang='lat' dir='ltr'>et</span> 
     </span>
     <span class='ocr_line' id='line_1_14' title="bbox 153 820 924 859; baseline 0.003 -9"><span class='ocrx_word' id='word_1_74' title='bbox 153 820 229 851; x_wconf 89' lang='lat' dir='ltr'>illud</span> <span class='ocrx_word' id='word_1_75' title='bbox 245 821 365 859; x_wconf 82' lang='lat' dir='ltr'>magis¹</span> <span class='ocrx_word' id='word_1_76' title='bbox 384 831 390 850; x_wconf 91' lang='lat'>:</span> <span class='ocrx_word' id='word_1_77' title='bbox 409 822 462 851; x_wconf 87' lang='lat' dir='ltr'>sed</span> <span class='ocrx_word' id='word_1_78' title='bbox 479 821 576 851; x_wconf 90' lang='lat' dir='ltr'>Filius</span> <span class='ocrx_word' id='word_1_79' title='bbox 592 821 645 851; x_wconf 86' lang='lat' dir='ltr'>Dei</span> <span class='ocrx_word' id='word_1_80' title='bbox 662 822 843 852; x_wconf 77' lang='lat' dir='ltr'>incarnatus</span> <span class='ocrx_word' id='word_1_81' title='bbox 865 823 924 852; x_wconf 88' lang='lat' dir='ltr'>fuit</span> 
     </span>
     <span class='ocr_line' id='line_1_15' title="bbox 152 874 923 913; baseline 0 -10"><span class='ocrx_word' id='word_1_82' title='bbox 152 875 280 913; x_wconf 89' lang='lat' dir='ltr'>propter</span> <span class='ocrx_word' id='word_1_83' title='bbox 307 882 410 911; x_wconf 85' lang='lat' dir='ltr'>genus</span> <span class='ocrx_word' id='word_1_84' title='bbox 443 874 622 903; x_wconf 87' lang='lat' dir='ltr'>humanum</span> <span class='ocrx_word' id='word_1_85' title='bbox 655 874 842 904; x_wconf 83' lang='lat' dir='ltr'>salvandum</span> <span class='ocrx_word' id='word_1_86' title='bbox 858 898 865 911; x_wconf 82' lang='lat'>,</span> <span class='ocrx_word' id='word_1_87' title='bbox 893 876 923 904; x_wconf 89' lang='lat' dir='ltr'>et</span> 
     </span>
     <span class='ocr_line' id='line_1_16' title="bbox 151 926 921 966; baseline 0 -9"><span class='ocrx_word' id='word_1_88' title='bbox 151 926 293 957; x_wconf 82' lang='lat' dir='ltr'>humana</span> <span class='ocrx_word' id='word_1_89' title='bbox 307 927 359 957; x_wconf 81' lang='lat' dir='ltr'>illa</span> <span class='ocrx_word' id='word_1_90' title='bbox 375 929 488 957; x_wconf 81' lang='lat' dir='ltr'>natura</span> <span class='ocrx_word' id='word_1_91' title='bbox 505 927 564 957; x_wconf 84' lang='lat' dir='ltr'>fuit</span> <span class='ocrx_word' id='word_1_92' title='bbox 581 929 742 966; x_wconf 83' lang='lat' dir='ltr'>assumpta</span> <span class='ocrx_word' id='word_1_93' title='bbox 762 936 820 966; x_wconf 90' lang='lat' dir='ltr'>pro</span> <span class='ocrx_word' id='word_1_94' title='bbox 835 928 921 958; x_wconf 83' lang='lat' dir='ltr'>redi-</span> 
     </span>
     <span class='ocr_line' id='line_1_17' title="bbox 152 980 922 1019; baseline 0.003 -10"><span class='ocrx_word' id='word_1_95' title='bbox 152 980 266 1010; x_wconf 87' lang='lat' dir='ltr'>menda</span> <span class='ocrx_word' id='word_1_96' title='bbox 290 982 352 1010; x_wconf 79' lang='lat' dir='ltr'>tota</span> <span class='ocrx_word' id='word_1_97' title='bbox 376 980 520 1010; x_wconf 86' lang='lat' dir='ltr'>humana</span> <span class='ocrx_word' id='word_1_98' title='bbox 544 982 658 1010; x_wconf 83' lang='lat' dir='ltr'>natura</span> <span class='ocrx_word' id='word_1_99' title='bbox 681 991 687 1010; x_wconf 88' lang='lat'><strong>:</strong></span> <span class='ocrx_word' id='word_1_100' title='bbox 712 989 791 1019; x_wconf 80' lang='lat' dir='ltr'>ergo</span> <span class='ocrx_word' id='word_1_101' title='bbox 818 981 922 1019; x_wconf 83' lang='lat' dir='ltr'>magis</span> 
     </span>
     <span class='ocr_line' id='line_1_18' title="bbox 151 1032 919 1072; baseline 0.001 -10"><span class='ocrx_word' id='word_1_102' title='bbox 151 1032 301 1071; x_wconf 83' lang='lat' dir='ltr'>diligebat</span> <span class='ocrx_word' id='word_1_103' title='bbox 325 1033 406 1063; x_wconf 87' lang='lat' dir='ltr'>Deus</span> <span class='ocrx_word' id='word_1_104' title='bbox 428 1033 529 1072; x_wconf 83' lang='lat' dir='ltr'>ipsam</span> <span class='ocrx_word' id='word_1_105' title='bbox 556 1033 731 1063; x_wconf 78' lang='lat' dir='ltr'>humanam</span> <span class='ocrx_word' id='word_1_106' title='bbox 760 1035 919 1072; x_wconf 73' lang='lat' dir='ltr'>naturam,</span> 
     </span>
     <span class='ocr_line' id='line_1_19' title="bbox 151 1085 921 1123; baseline 0.001 -9"><span class='ocrx_word' id='word_1_107' title='bbox 151 1086 279 1123; x_wconf 82' lang='lat' dir='ltr'>propter</span> <span class='ocrx_word' id='word_1_108' title='bbox 293 1093 390 1123; x_wconf 81' lang='lat' dir='ltr'>quam</span> <span class='ocrx_word' id='word_1_109' title='bbox 413 1093 540 1114; x_wconf 83' lang='lat' dir='ltr'>carnem</span> <span class='ocrx_word' id='word_1_110' title='bbox 562 1085 751 1123; x_wconf 85' lang='lat' dir='ltr'>assumpsit,</span> <span class='ocrx_word' id='word_1_111' title='bbox 770 1093 867 1123; x_wconf 82' lang='lat' dir='ltr'>quam</span> <span class='ocrx_word' id='word_1_112' title='bbox 883 1085 921 1115; x_wconf 92' lang='lat' dir='ltr'>il-</span> 
     </span>
     <span class='ocr_line' id='line_1_20' title="bbox 150 1137 917 1177; baseline 0.001 -10"><span class='ocrx_word' id='word_1_113' title='bbox 150 1137 225 1175; x_wconf 85' lang='lat' dir='ltr'>lam,</span> <span class='ocrx_word' id='word_1_114' title='bbox 235 1146 331 1176; x_wconf 88' lang='lat' dir='ltr'>quam</span> <span class='ocrx_word' id='word_1_115' title='bbox 342 1137 529 1176; x_wconf 81' lang='lat' dir='ltr'>assumpsit:</span> <span class='ocrx_word' id='word_1_116' title='bbox 545 1146 622 1175; x_wconf 79' lang='lat' dir='ltr'>ergo</span> <span class='ocrx_word' id='word_1_117' title='bbox 633 1137 715 1167; x_wconf 89' lang='lat' dir='ltr'>idem</span> <span class='ocrx_word' id='word_1_118' title='bbox 727 1138 810 1176; x_wconf 88' lang='lat' dir='ltr'>quod</span> <span class='ocrx_word' id='word_1_119' title='bbox 819 1138 917 1177; x_wconf 75' lang='lat' dir='ltr'>prius.</span> 
     </span>
    </p>

    <p class='ocr_par' dir='ltr' id='par_1_6' title="bbox 142 1190 919 1751">
     <span class='ocr_line' id='line_1_21' title="bbox 189 1190 919 1229; baseline 0.001 -9"><span class='ocrx_word' id='word_1_120' title='bbox 189 1192 218 1220; x_wconf 74' lang='lat'>4.</span> <span class='ocrx_word' id='word_1_121' title='bbox 249 1190 336 1225; x_wconf 76' lang='lat' dir='ltr'>Item,</span> <span class='ocrx_word' id='word_1_122' title='bbox 363 1190 479 1220; x_wconf 79' lang='lat' dir='ltr'>stultus</span> <span class='ocrx_word' id='word_1_123' title='bbox 505 1192 551 1220; x_wconf 81' lang='lat' dir='ltr'>est</span> <span class='ocrx_word' id='word_1_124' title='bbox 575 1190 630 1229; x_wconf 83' lang='lat' dir='ltr'>qui</span> <span class='ocrx_word' id='word_1_125' title='bbox 653 1193 829 1220; x_wconf 79' lang='lat' dir='ltr'>commutat</span> <span class='ocrx_word' id='word_1_126' title='bbox 852 1200 919 1221; x_wconf 87' lang='lat' dir='ltr'>rem</span> 
     </span>
     <span class='ocr_line' id='line_1_22' title="bbox 150 1243 919 1283; baseline 0.003 -10"><span class='ocrx_word' id='word_1_127' title='bbox 150 1243 278 1282; x_wconf 82' lang='lat' dir='ltr'>majoris</span> <span class='ocrx_word' id='word_1_128' title='bbox 301 1243 418 1274; x_wconf 84' lang='lat' dir='ltr'>valoris</span> <span class='ocrx_word' id='word_1_129' title='bbox 439 1252 496 1283; x_wconf 90' lang='lat' dir='ltr'>pro</span> <span class='ocrx_word' id='word_1_130' title='bbox 520 1252 553 1274; x_wconf 90' lang='lat' dir='ltr'>re</span> <span class='ocrx_word' id='word_1_131' title='bbox 578 1244 710 1274; x_wconf 88' lang='lat' dir='ltr'>minoris</span> <span class='ocrx_word' id='word_1_132' title='bbox 732 1245 858 1274; x_wconf 87' lang='lat' dir='ltr'>valoris.</span> <span class='ocrx_word' id='word_1_133' title='bbox 886 1244 919 1275; x_wconf 89' lang='lat' dir='ltr'>Si</span> 
     </span>
     <span class='ocr_line' id='line_1_23' title="bbox 148 1295 917 1335; baseline 0.003 -9"><span class='ocrx_word' id='word_1_134' title='bbox 148 1305 227 1335; x_wconf 82' lang='lat' dir='ltr'>ergo</span> <span class='ocrx_word' id='word_1_135' title='bbox 250 1295 332 1326; x_wconf 90' lang='lat' dir='ltr'>Deus</span> <span class='ocrx_word' id='word_1_136' title='bbox 357 1296 390 1326; x_wconf 91' lang='lat' dir='ltr'>in</span> <span class='ocrx_word' id='word_1_137' title='bbox 408 1296 592 1327; x_wconf 89' lang='lat' dir='ltr'>redimendo</span> <span class='ocrx_word' id='word_1_138' title='bbox 614 1306 716 1335; x_wconf 82' lang='lat' dir='ltr'>genus</span> <span class='ocrx_word' id='word_1_139' title='bbox 739 1297 917 1328; x_wconf 86' lang='lat' dir='ltr'>humanum</span> 
     </span>
     <span class='ocr_line' id='line_1_24' title="bbox 149 1349 915 1389; baseline 0.001 -10"><span class='ocrx_word' id='word_1_140' title='bbox 149 1358 213 1379; x_wconf 91' lang='lat' dir='ltr'>non</span> <span class='ocrx_word' id='word_1_141' title='bbox 236 1358 312 1379; x_wconf 91' lang='lat' dir='ltr'>usus</span> <span class='ocrx_word' id='word_1_142' title='bbox 326 1351 372 1379; x_wconf 89' lang='lat' dir='ltr'>est</span> <span class='ocrx_word' id='word_1_143' title='bbox 383 1349 525 1386; x_wconf 83' lang='lat' dir='ltr'>stultitia,</span> <span class='ocrx_word' id='word_1_144' title='bbox 545 1349 608 1379; x_wconf 89' lang='lat' dir='ltr'>imo</span> <span class='ocrx_word' id='word_1_145' title='bbox 626 1350 729 1389; x_wconf 87' lang='lat' dir='ltr'>potius</span> <span class='ocrx_word' id='word_1_146' title='bbox 750 1350 915 1389; x_wconf 75' lang='lat' dir='ltr'>sapientia,</span> 
     </span>
     <span class='ocr_line' id='line_1_25' title="bbox 149 1402 918 1443; baseline 0.004 -12"><span class='ocrx_word' id='word_1_147' title='bbox 149 1411 213 1432; x_wconf 90' lang='lat' dir='ltr'>non</span> <span class='ocrx_word' id='word_1_148' title='bbox 240 1402 392 1441; x_wconf 75' lang='lat' dir='ltr'>perdidIt,</span> <span class='ocrx_word' id='word_1_149' title='bbox 408 1402 461 1432; x_wconf 91' lang='lat' dir='ltr'>sed</span> <span class='ocrx_word' id='word_1_150' title='bbox 476 1402 618 1432; x_wconf 78' lang='lat' dir='ltr'>lucratus</span> <span class='ocrx_word' id='word_1_151' title='bbox 640 1405 702 1440; x_wconf 86' lang='lat' dir='ltr'>est;</span> <span class='ocrx_word' id='word_1_152' title='bbox 720 1412 797 1442; x_wconf 80' lang='lat' dir='ltr'>ergo</span> <span class='ocrx_word' id='word_1_153' title='bbox 814 1405 918 1443; x_wconf 84' lang='lat' dir='ltr'>majus</span> 
     </span>
     <span class='ocr_line' id='line_1_26' title="bbox 147 1455 917 1495; baseline 0.004 -11"><span class='ocrx_word' id='word_1_154' title='bbox 147 1455 268 1485; x_wconf 88' lang='lat' dir='ltr'>bonum</span> <span class='ocrx_word' id='word_1_155' title='bbox 283 1455 341 1485; x_wconf 85' lang='lat' dir='ltr'>suit</span> <span class='ocrx_word' id='word_1_156' title='bbox 363 1455 438 1485; x_wconf 89' lang='lat' dir='ltr'>illud</span> <span class='ocrx_word' id='word_1_157' title='bbox 461 1455 543 1494; x_wconf 88' lang='lat' dir='ltr'>quod</span> <span class='ocrx_word' id='word_1_158' title='bbox 559 1456 708 1492; x_wconf 79' lang='lat' dir='ltr'>redemit,</span> <span class='ocrx_word' id='word_1_159' title='bbox 726 1465 823 1495; x_wconf 81' lang='lat' dir='ltr'>quam</span> <span class='ocrx_word' id='word_1_160' title='bbox 838 1457 917 1488; x_wconf 88' lang='lat' dir='ltr'>illud</span> 
     </span>
     <span class='ocr_line' id='line_1_27' title="bbox 144 1508 915 1549; baseline 0.003 -11"><span class='ocrx_word' id='word_1_161' title='bbox 144 1517 200 1547; x_wconf 86' lang='lat' dir='ltr'>per</span> <span class='ocrx_word' id='word_1_162' title='bbox 219 1509 304 1548; x_wconf 90' lang='lat' dir='ltr'>quod</span> <span class='ocrx_word' id='word_1_163' title='bbox 325 1508 459 1538; x_wconf 77' lang='lat' dir='ltr'>redemit</span> <span class='ocrx_word' id='word_1_164' title='bbox 482 1519 488 1538; x_wconf 90' lang='lat'>:</span> <span class='ocrx_word' id='word_1_165' title='bbox 512 1510 542 1538; x_wconf 89' lang='lat' dir='ltr'>et</span> <span class='ocrx_word' id='word_1_166' title='bbox 567 1509 651 1548; x_wconf 87' lang='lat' dir='ltr'>quod</span> <span class='ocrx_word' id='word_1_167' title='bbox 672 1511 778 1549; x_wconf 74' lang='lat' dir='ltr'>maJ&#39;us</span> <span class='ocrx_word' id='word_1_168' title='bbox 802 1511 840 1549; x_wconf 66' lang='lat' dir='ltr'>(a)</span> <span class='ocrx_word' id='word_1_169' title='bbox 869 1512 915 1541; x_wconf 86' lang='lat' dir='ltr'>est</span> 
     </span>
     <span class='ocr_line' id='line_1_28' title="bbox 143 1560 914 1600; baseline 0.004 -10"><span class='ocrx_word' id='word_1_170' title='bbox 143 1560 275 1598; x_wconf 89' lang='lat' dir='ltr'>bonum,</span> <span class='ocrx_word' id='word_1_171' title='bbox 292 1561 398 1600; x_wconf 81' lang='lat' dir='ltr'>magis</span> <span class='ocrx_word' id='word_1_172' title='bbox 419 1561 522 1600; x_wconf 81' lang='lat' dir='ltr'>diligit</span> <span class='ocrx_word' id='word_1_173' title='bbox 539 1572 545 1592; x_wconf 91' lang='lat'>:</span> <span class='ocrx_word' id='word_1_174' title='bbox 561 1561 586 1591; x_wconf 90' lang='lat' dir='ltr'>si</span> <span class='ocrx_word' id='word_1_175' title='bbox 601 1570 678 1600; x_wconf 80' lang='lat' dir='ltr'>ergo</span> <span class='ocrx_word' id='word_1_176' title='bbox 700 1562 781 1592; x_wconf 88' lang='lat' dir='ltr'>Deus</span> <span class='ocrx_word' id='word_1_177' title='bbox 797 1562 914 1593; x_wconf 84' lang='lat' dir='ltr'>huma-</span> 
     </span>
     <span class='ocr_line' id='line_1_29' title="bbox 143 1614 914 1654; baseline 0.003 -10"><span class='ocrx_word' id='word_1_178' title='bbox 143 1623 221 1644; x_wconf 90' lang='lat' dir='ltr'>num</span> <span class='ocrx_word' id='word_1_179' title='bbox 244 1623 346 1653; x_wconf 80' lang='lat' dir='ltr'>genus</span> <span class='ocrx_word' id='word_1_180' title='bbox 367 1623 423 1654; x_wconf 87' lang='lat' dir='ltr'>per</span> <span class='ocrx_word' id='word_1_181' title='bbox 443 1614 602 1645; x_wconf 86' lang='lat' dir='ltr'>Christum</span> <span class='ocrx_word' id='word_1_182' title='bbox 623 1614 765 1653; x_wconf 87' lang='lat' dir='ltr'>redemit,</span> <span class='ocrx_word' id='word_1_183' title='bbox 789 1615 914 1646; x_wconf 89' lang='lat' dir='ltr'>videtur</span> 
     </span>
     <span class='ocr_line' id='line_1_30' title="bbox 142 1667 912 1709; baseline 0.003 -11"><span class='ocrx_word' id='word_1_184' title='bbox 142 1667 226 1707; x_wconf 91' lang='lat' dir='ltr'>quod</span> <span class='ocrx_word' id='word_1_185' title='bbox 257 1667 360 1706; x_wconf 83' lang='lat' dir='ltr'>magis</span> <span class='ocrx_word' id='word_1_186' title='bbox 387 1667 492 1707; x_wconf 89' lang='lat' dir='ltr'>ipsum</span> <span class='ocrx_word' id='word_1_187' title='bbox 527 1676 630 1706; x_wconf 84' lang='lat' dir='ltr'>genus</span> <span class='ocrx_word' id='word_1_188' title='bbox 667 1670 784 1706; x_wconf 89' lang='lat' dir='ltr'>totum,</span> <span class='ocrx_word' id='word_1_189' title='bbox 816 1679 912 1709; x_wconf 82' lang='lat' dir='ltr'>quam</span> 
     </span>
     <span class='ocr_line' id='line_1_31' title="bbox 142 1720 476 1751; baseline 0 -1"><span class='ocrx_word' id='word_1_190' title='bbox 142 1720 300 1751; x_wconf 87' lang='lat' dir='ltr'>Christum</span> <span class='ocrx_word' id='word_1_191' title='bbox 314 1720 476 1751; x_wconf 57' lang='lat' dir='ltr'>dilexerit:</span> 
     </span>
    </p>

    <p class='ocr_par' dir='ltr' id='par_1_7' title="bbox 137 1772 912 2132">
     <span class='ocr_line' id='line_1_32' title="bbox 182 1772 912 1814; baseline 0.005 -10"><span class='ocrx_word' id='word_1_192' title='bbox 182 1772 241 1804; x_wconf 88' lang='lat' dir='ltr'>Sed</span> <span class='ocrx_word' id='word_1_193' title='bbox 266 1773 392 1804; x_wconf 78' lang='lat' dir='ltr'>contra²</span> <span class='ocrx_word' id='word_1_194' title='bbox 408 1784 414 1803; x_wconf 72' lang='grc' dir='ltr'>ε</span> <span class='ocrx_word' id='word_1_195' title='bbox 432 1773 531 1805; x_wconf 77' lang='lat' dir='ltr'>Dedit</span> <span class='ocrx_word' id='word_1_196' title='bbox 557 1773 609 1805; x_wconf 66' lang='lat' dir='ltr'><em>illa·</em></span> <span class='ocrx_word' id='word_1_197' title='bbox 629 1782 739 1806; x_wconf 80' lang='lat' dir='ltr'>nomen</span> <span class='ocrx_word' id='word_1_198' title='bbox 760 1775 845 1814; x_wconf 74' lang='lat' dir='ltr'>qaod</span> <span class='ocrx_word' id='word_1_199' title='bbox 866 1779 912 1808; x_wconf 84' lang='lat' dir='ltr'>est</span> 
     </span>
     <span class='ocr_line' id='line_1_33' title="bbox 140 1826 909 1868; baseline 0.001 -9"><span class='ocrx_word' id='word_1_200' title='bbox 140 1835 236 1866; x_wconf 83' lang='lat' dir='ltr'>super</span> <span class='ocrx_word' id='word_1_201' title='bbox 249 1835 336 1859; x_wconf 83' lang='lat' dir='ltr'>omne</span> <span class='ocrx_word' id='word_1_202' title='bbox 350 1835 460 1858; x_wconf 81' lang='lat' dir='ltr'>nomen</span> <span class='ocrx_word' id='word_1_203' title='bbox 477 1836 488 1857; x_wconf 91' lang='grc'>.·</span> <span class='ocrx_word' id='word_1_204' title='bbox 504 1826 557 1857; x_wconf 88' lang='lat' dir='ltr'>sed</span> <span class='ocrx_word' id='word_1_205' title='bbox 572 1827 748 1858; x_wconf 84' lang='lat' dir='ltr'>secundum</span> <span class='ocrx_word' id='word_1_206' title='bbox 767 1828 909 1868; x_wconf 78' lang='lat' dir='ltr'>dignita-</span> 
     </span>
     <span class='ocr_line' id='line_1_34' title="bbox 140 1880 909 1921; baseline 0.004 -11"><span class='ocrx_word' id='word_1_207' title='bbox 140 1883 204 1910; x_wconf 89' lang='lat' dir='ltr'>tem</span> <span class='ocrx_word' id='word_1_208' title='bbox 226 1880 448 1911; x_wconf 80' lang='lat' dir='ltr'>communicati</span> <span class='ocrx_word' id='word_1_209' title='bbox 472 1880 611 1911; x_wconf 89' lang='lat' dir='ltr'>nominis</span> <span class='ocrx_word' id='word_1_210' title='bbox 634 1881 806 1911; x_wconf 86' lang='lat' dir='ltr'>attenditur</span> <span class='ocrx_word' id='word_1_211' title='bbox 826 1891 909 1921; x_wconf 77' lang='lat' dir='ltr'>prae-</span> 
     </span>
     <span class='ocr_line' id='line_1_35' title="bbox 140 1934 909 1972; baseline 0.004 -9"><span class='ocrx_word' id='word_1_212' title='bbox 140 1934 285 1972; x_wconf 82' lang='lat' dir='ltr'>rogativa</span> <span class='ocrx_word' id='word_1_213' title='bbox 320 1934 436 1963; x_wconf 87' lang='lat' dir='ltr'>amoris</span> <span class='ocrx_word' id='word_1_214' title='bbox 454 1943 460 1962; x_wconf 75' lang='lat' dir='ltr'>t</span> <span class='ocrx_word' id='word_1_215' title='bbox 482 1942 559 1972; x_wconf 82' lang='lat' dir='ltr'>ergo</span> <span class='ocrx_word' id='word_1_216' title='bbox 593 1934 617 1963; x_wconf 90' lang='lat' dir='ltr'>si</span> <span class='ocrx_word' id='word_1_217' title='bbox 654 1934 776 1965; x_wconf 86' lang='lat' dir='ltr'>Christo</span> <span class='ocrx_word' id='word_1_218' title='bbox 814 1936 909 1966; x_wconf 83' lang='lat' dir='ltr'>etiam</span> 
     </span>
     <span class='ocr_line' id='line_1_36' title="bbox 139 1987 907 2019; baseline 0.004 -3"><span class='ocrx_word' id='word_1_219' title='bbox 139 1987 313 2017; x_wconf 82' lang='lat' dir='ltr'>secundum</span> <span class='ocrx_word' id='word_1_220' title='bbox 339 1987 514 2017; x_wconf 79' lang='lat' dir='ltr'>humanam</span> <span class='ocrx_word' id='word_1_221' title='bbox 542 1990 689 2017; x_wconf 85' lang='lat' dir='ltr'>naturam</span> <span class='ocrx_word' id='word_1_222' title='bbox 713 1997 830 2018; x_wconf 86' lang='lat' dir='ltr'>nomen</span> <span class='ocrx_word' id='word_1_223' title='bbox 853 1998 907 2019; x_wconf 89' lang='lat' dir='ltr'>su-</span> 
     </span>
     <span class='ocr_line' id='line_1_37' title="bbox 138 2039 907 2079; baseline 0.003 -9"><span class='ocrx_word' id='word_1_224' title='bbox 138 2048 194 2079; x_wconf 87' lang='lat' dir='ltr'>per</span> <span class='ocrx_word' id='word_1_225' title='bbox 205 2048 299 2070; x_wconf 90' lang='lat' dir='ltr'>omne</span> <span class='ocrx_word' id='word_1_226' title='bbox 313 2048 429 2070; x_wconf 89' lang='lat' dir='ltr'>nomen</span> <span class='ocrx_word' id='word_1_227' title='bbox 443 2039 526 2070; x_wconf 90' lang='lat' dir='ltr'>Deus</span> <span class='ocrx_word' id='word_1_228' title='bbox 541 2040 797 2079; x_wconf 78' lang='lat' dir='ltr'>communicavit,</span> <span class='ocrx_word' id='word_1_229' title='bbox 816 2041 907 2072; x_wconf 90' lang='lat' dir='ltr'>vide-</span> 
     </span>
     <span class='ocr_line' id='line_1_38' title="bbox 137 2092 810 2132; baseline 0.001 -9"><span class='ocrx_word' id='word_1_230' title='bbox 137 2095 189 2123; x_wconf 91' lang='lat' dir='ltr'>tur</span> <span class='ocrx_word' id='word_1_231' title='bbox 201 2093 285 2132; x_wconf 87' lang='lat' dir='ltr'>quod</span> <span class='ocrx_word' id='word_1_232' title='bbox 300 2093 407 2132; x_wconf 89' lang='lat' dir='ltr'>ipsum</span> <span class='ocrx_word' id='word_1_233' title='bbox 422 2101 517 2132; x_wconf 89' lang='lat' dir='ltr'>super</span> <span class='ocrx_word' id='word_1_234' title='bbox 531 2092 641 2122; x_wconf 79' lang='lat' dir='ltr'>omnia</span> <span class='ocrx_word' id='word_1_235' title='bbox 654 2093 810 2124; x_wconf 80' lang='lat' dir='ltr'>dilexerit.</span> 
     </span>
    </p>

    <p class='ocr_par' dir='ltr' id='par_1_8' title="bbox 136 2145 907 2495">
     <span class='ocr_line' id='line_1_39' title="bbox 177 2145 904 2185; baseline 0.004 -9"><span class='ocrx_word' id='word_1_236' title='bbox 177 2145 271 2176; x_wconf 80' lang='lat' dir='ltr'>Item³</span> <span class='ocrx_word' id='word_1_237' title='bbox 287 2155 295 2176; x_wconf 73' lang='grc' dir='ltr'><strong><em>ε</em></strong></span> <span class='ocrx_word' id='word_1_238' title='bbox 311 2146 413 2178; x_wconf 77' lang='lat' dir='ltr'>Datus</span> <span class='ocrx_word' id='word_1_239' title='bbox 428 2148 474 2177; x_wconf 80' lang='lat' dir='ltr'>est</span> <span class='ocrx_word' id='word_1_240' title='bbox 489 2147 518 2177; x_wconf 78' lang='lat' dir='ltr'>ei</span> <span class='ocrx_word' id='word_1_241' title='bbox 529 2146 666 2185; x_wconf 69' lang='lat' dir='ltr'>spiritus</span> <span class='ocrx_word' id='word_1_242' title='bbox 681 2154 745 2177; x_wconf 79' lang='lat' dir='ltr'>non</span> <span class='ocrx_word' id='word_1_243' title='bbox 759 2147 803 2178; x_wconf 81' lang='lat' dir='ltr'>ad</span> <span class='ocrx_word' id='word_1_244' title='bbox 818 2156 904 2179; x_wconf 82' lang='lat' dir='ltr'>men-</span> 
     </span>
     <span class='ocr_line' id='line_1_40' title="bbox 136 2199 905 2241; baseline 0.004 -12"><span class='ocrx_word' id='word_1_245' title='bbox 136 2199 291 2234; x_wconf 68' lang='lat' dir='ltr'>suramla)</span> <span class='ocrx_word' id='word_1_246' title='bbox 305 2209 312 2229; x_wconf 89' lang='lat'>:</span> <span class='ocrx_word' id='word_1_247' title='bbox 329 2199 355 2228; x_wconf 88' lang='lat' dir='ltr'>si</span> <span class='ocrx_word' id='word_1_248' title='bbox 371 2207 449 2237; x_wconf 85' lang='lat' dir='ltr'>ergo</span> <span class='ocrx_word' id='word_1_249' title='bbox 464 2199 532 2229; x_wconf 84' lang='lat' dir='ltr'>aliis</span> <span class='ocrx_word' id='word_1_250' title='bbox 546 2199 694 2230; x_wconf 89' lang='lat' dir='ltr'>omnibus</span> <span class='ocrx_word' id='word_1_251' title='bbox 709 2200 801 2231; x_wconf 86' lang='lat' dir='ltr'>datur</span> <span class='ocrx_word' id='word_1_252' title='bbox 815 2202 905 2241; x_wconf 87' lang='lat' dir='ltr'>spiri-</span> 
     </span>
     <span class='ocr_line' id='line_1_41' title="bbox 137 2252 904 2293; baseline 0.007 -12"><span class='ocrx_word' id='word_1_253' title='bbox 137 2253 188 2281; x_wconf 88' lang='lat' dir='ltr'>tus</span> <span class='ocrx_word' id='word_1_254' title='bbox 201 2252 240 2282; x_wconf 89' lang='lat' dir='ltr'>ad</span> <span class='ocrx_word' id='word_1_255' title='bbox 259 2261 457 2288; x_wconf 81' lang='lat' dir='ltr'>mensuram,</span> <span class='ocrx_word' id='word_1_256' title='bbox 475 2254 505 2282; x_wconf 85' lang='lat' dir='ltr'>et</span> <span class='ocrx_word' id='word_1_257' title='bbox 523 2253 698 2283; x_wconf 83' lang='lat' dir='ltr'>secundum</span> <span class='ocrx_word' id='word_1_258' title='bbox 718 2255 803 2293; x_wconf 87' lang='lat' dir='ltr'>quod</span> <span class='ocrx_word' id='word_1_259' title='bbox 823 2255 904 2286; x_wconf 78' lang='lat' dir='ltr'>Deus</span> 
     </span>
     <span class='ocr_line' id='line_1_42' title="bbox 137 2305 905 2345; baseline 0.007 -10"><span class='ocrx_word' id='word_1_260' title='bbox 137 2305 339 2336; x_wconf 84' lang='lat' dir='ltr'>excellentius</span> <span class='ocrx_word' id='word_1_261' title='bbox 354 2306 501 2345; x_wconf 89' lang='lat' dir='ltr'>spiritum</span> <span class='ocrx_word' id='word_1_262' title='bbox 518 2306 638 2344; x_wconf 83' lang='lat' dir='ltr'>tribuit,</span> <span class='ocrx_word' id='word_1_263' title='bbox 653 2308 827 2339; x_wconf 89' lang='lat' dir='ltr'>secundum</span> <span class='ocrx_word' id='word_1_264' title='bbox 846 2309 905 2340; x_wconf 83' lang='lat' dir='ltr'>hoe</span> 
     </span>
     <span class='ocr_line' id='line_1_43' title="bbox 137 2358 906 2402; baseline 0.005 -13"><span class='ocrx_word' id='word_1_265' title='bbox 137 2358 327 2389; x_wconf 89' lang='lat' dir='ltr'>eminentius</span> <span class='ocrx_word' id='word_1_266' title='bbox 341 2359 453 2398; x_wconf 81' lang='lat' dir='ltr'>diligit,</span> <span class='ocrx_word' id='word_1_267' title='bbox 468 2359 596 2390; x_wconf 87' lang='lat' dir='ltr'>videtur</span> <span class='ocrx_word' id='word_1_268' title='bbox 611 2369 689 2398; x_wconf 84' lang='lat' dir='ltr'>ergo</span> <span class='ocrx_word' id='word_1_269' title='bbox 703 2362 786 2400; x_wconf 89' lang='lat' dir='ltr'>quod</span> <span class='ocrx_word' id='word_1_270' title='bbox 803 2363 906 2402; x_wconf 82' lang='lat' dir='ltr'>magis</span> 
     </span>
     <span class='ocr_line' id='line_1_44' title="bbox 137 2411 907 2453; baseline 0.006 -12"><span class='ocrx_word' id='word_1_271' title='bbox 137 2411 281 2442; x_wconf 82' lang='lat' dir='ltr'>dilexerit</span> <span class='ocrx_word' id='word_1_272' title='bbox 296 2411 464 2451; x_wconf 84' lang='lat' dir='ltr'>Christum,</span> <span class='ocrx_word' id='word_1_273' title='bbox 481 2422 578 2452; x_wconf 88' lang='lat' dir='ltr'>quam</span> <span class='ocrx_word' id='word_1_274' title='bbox 596 2415 699 2444; x_wconf 88' lang='lat' dir='ltr'>totum</span> <span class='ocrx_word' id='word_1_275' title='bbox 723 2423 827 2453; x_wconf 83' lang='lat' dir='ltr'>genus</span> <span class='ocrx_word' id='word_1_276' title='bbox 842 2416 907 2446; x_wconf 83' lang='lat' dir='ltr'>hu-</span> 
     </span>
     <span class='ocr_line' id='line_1_45' title="bbox 138 2473 282 2495; baseline -0.007 0"><span class='ocrx_word' id='word_1_277' title='bbox 138 2473 282 2495; x_wconf 88' lang='lat' dir='ltr'>manum.</span> 
     </span>
    </p>

    <p class='ocr_par' dir='ltr' id='par_1_9' title="bbox 177 2517 906 2557">
     <span class='ocr_line' id='line_1_46' title="bbox 177 2517 906 2557; baseline 0.01 -10"><span class='ocrx_word' id='word_1_278' title='bbox 177 2517 258 2548; x_wconf 92' lang='lat' dir='ltr'>Item</span> <span class='ocrx_word' id='word_1_279' title='bbox 272 2519 327 2548; x_wconf 87' lang='lat' dir='ltr'>aut</span> <span class='ocrx_word' id='word_1_280' title='bbox 342 2517 423 2548; x_wconf 89' lang='lat' dir='ltr'>Deus</span> <span class='ocrx_word' id='word_1_281' title='bbox 443 2518 679 2557; x_wconf 85' lang='lat' dir='ltr'>appretiabatur</span> <span class='ocrx_word' id='word_1_282' title='bbox 699 2520 790 2552; x_wconf 91' lang='lat' dir='ltr'>illum</span> <span class='ocrx_word' id='word_1_283' title='bbox 803 2522 906 2553; x_wconf 88' lang='lat' dir='ltr'>homi-</span> 
     </span>
    </p>
   </div>
   <div class='ocr_carea' id='block_1_4' title="bbox 137 2597 910 2662">
    <p class='ocr_par' dir='ltr' id='par_1_10' title="bbox 137 2597 910 2662">
     <span class='ocr_line' id='line_1_47' title="bbox 170 2597 910 2630; baseline 0.008 -11"><span class='ocrx_word' id='word_1_284' title='bbox 170 2597 202 2627; x_wconf 85' lang='grc' dir='ltr'>(α)</span> <span class='ocrx_word' id='word_1_285' title='bbox 220 2597 287 2619; x_wconf 70' lang='lat' dir='ltr'>Edit.</span> <span class='ocrx_word' id='word_1_286' title='bbox 309 2597 364 2620; x_wconf 80' lang='lat' dir='ltr'>Ven.</span> <span class='ocrx_word' id='word_1_287' title='bbox 379 2598 468 2625; x_wconf 53' lang='lat' dir='ltr'>nisime·-</span> <span class='ocrx_word' id='word_1_288' title='bbox 482 2611 512 2615; x_wconf 91' lang='lat'><strong>—</strong></span> <span class='ocrx_word' id='word_1_289' title='bbox 524 2598 554 2627; x_wconf 71' lang='lat' dir='ltr'>(bi</span> <span class='ocrx_word' id='word_1_290' title='bbox 567 2599 641 2630; x_wconf 80' lang='lat' dir='ltr'>Vulg.</span> <span class='ocrx_word' id='word_1_291' title='bbox 659 2600 711 2624; x_wconf 77' lang='lat' dir='ltr'>Nori</span> <span class='ocrx_word' id='word_1_292' title='bbox 724 2603 789 2625; x_wconf 73' lang='lat' dir='ltr'>enim</span> <span class='ocrx_word' id='word_1_293' title='bbox 800 2602 833 2625; x_wconf 78' lang='lat' dir='ltr'>ml</span> <span class='ocrx_word' id='word_1_294' title='bbox 846 2611 910 2627; x_wconf 74' lang='lat' dir='ltr'>men-</span> 
     </span>
     <span class='ocr_line' id='line_1_48' title="bbox 137 2632 484 2662; baseline 0.006 -8"><span class='ocrx_word' id='word_1_295' title='bbox 137 2639 221 2655; x_wconf 76' lang='lat' dir='ltr'>suram</span> <span class='ocrx_word' id='word_1_296' title='bbox 231 2632 274 2655; x_wconf 76' lang='lat' dir='ltr'>(lat</span> <span class='ocrx_word' id='word_1_297' title='bbox 287 2632 350 2655; x_wconf 72' lang='lat' dir='ltr'>Deus</span> <span class='ocrx_word' id='word_1_298' title='bbox 359 2633 484 2662; x_wconf 66' lang='lat' dir='ltr'>xpiri&#39;tum.</span> 
     </span>
    </p>
   </div>
   <div class='ocr_carea' id='block_1_5' title="bbox 1715 181 1752 210">
    <p class='ocr_par' dir='ltr' id='par_1_11' title="bbox 1715 181 1752 210">
     <span class='ocr_line' id='line_1_49' title="bbox 1715 181 1752 210; baseline 0 0"><span class='ocrx_word' id='word_1_299' title='bbox 1715 181 1752 210; x_wconf 83' lang='lat'>39</span> 
     </span>
    </p>
   </div>
   <div class='ocr_carea' id='block_1_6' title="bbox 977 241 1755 1019">
    <p class='ocr_par' dir='ltr' id='par_1_12' title="bbox 977 241 1755 692">
     <span class='ocr_line' id='line_1_50' title="bbox 983 241 1754 281; baseline 0.012 -14"><span class='ocrx_word' id='word_1_300' title='bbox 983 247 1057 268; x_wconf 88' lang='lat' dir='ltr'>nem</span> <span class='ocrx_word' id='word_1_301' title='bbox 1091 241 1226 275; x_wconf 84' lang='lat' dir='ltr'>tantum,</span> <span class='ocrx_word' id='word_1_302' title='bbox 1250 243 1405 279; x_wconf 81' lang='lat' dir='ltr'>quantum</span> <span class='ocrx_word' id='word_1_303' title='bbox 1437 251 1540 281; x_wconf 84' lang='lat' dir='ltr'>genus</span> <span class='ocrx_word' id='word_1_304' title='bbox 1576 243 1754 275; x_wconf 86' lang='lat' dir='ltr'>humanum</span> 
     </span>
     <span class='ocr_line' id='line_1_51' title="bbox 983 293 1751 337; baseline 0.012 -16"><span class='ocrx_word' id='word_1_305' title='bbox 983 293 1096 330; x_wconf 78' lang='lat' dir='ltr'>totum,</span> <span class='ocrx_word' id='word_1_306' title='bbox 1112 295 1167 323; x_wconf 88' lang='lat' dir='ltr'>aut</span> <span class='ocrx_word' id='word_1_307' title='bbox 1185 302 1248 323; x_wconf 91' lang='lat' dir='ltr'>non</span> <span class='ocrx_word' id='word_1_308' title='bbox 1267 304 1274 324; x_wconf 73' lang='grc' dir='ltr'><strong><em>ι</em></strong></span> <span class='ocrx_word' id='word_1_309' title='bbox 1292 294 1318 323; x_wconf 84' lang='lat' dir='ltr'>si</span> <span class='ocrx_word' id='word_1_310' title='bbox 1342 294 1395 332; x_wconf 86' lang='lat' dir='ltr'>sic,</span> <span class='ocrx_word' id='word_1_311' title='bbox 1412 295 1514 327; x_wconf 87' lang='lat' dir='ltr'>habeo</span> <span class='ocrx_word' id='word_1_312' title='bbox 1537 298 1751 337; x_wconf 80' lang='lat' dir='ltr'>propositum3</span> 
     </span>
     <span class='ocr_line' id='line_1_52' title="bbox 983 344 1754 391; baseline 0.012 -17"><span class='ocrx_word' id='word_1_313' title='bbox 983 344 1008 374; x_wconf 93' lang='lat' dir='ltr'>si</span> <span class='ocrx_word' id='word_1_314' title='bbox 1031 354 1112 382; x_wconf 80' lang='lat' dir='ltr'>non⁷</span> <span class='ocrx_word' id='word_1_315' title='bbox 1129 355 1208 384; x_wconf 82' lang='lat' dir='ltr'>ergo</span> <span class='ocrx_word' id='word_1_316' title='bbox 1229 355 1292 376; x_wconf 87' lang='lat' dir='ltr'>non</span> <span class='ocrx_word' id='word_1_317' title='bbox 1316 348 1475 386; x_wconf 79' lang='lat' dir='ltr'>reputavit</span> <span class='ocrx_word' id='word_1_318' title='bbox 1497 350 1658 381; x_wconf 77' lang='lat' dir='ltr'>sufficiens</span> <span class='ocrx_word' id='word_1_319' title='bbox 1681 361 1754 391; x_wconf 84' lang='lat' dir='ltr'>pre-</span> 
     </span>
     <span class='ocr_line' id='line_1_53' title="bbox 983 397 1754 438; baseline 0.012 -11"><span class='ocrx_word' id='word_1_320' title='bbox 983 397 1064 427; x_wconf 88' lang='lat' dir='ltr'>tium</span> <span class='ocrx_word' id='word_1_321' title='bbox 1082 410 1087 428; x_wconf 88' lang='lat'>:</span> <span class='ocrx_word' id='word_1_322' title='bbox 1107 408 1185 436; x_wconf 82' lang='lat' dir='ltr'>ergo</span> <span class='ocrx_word' id='word_1_323' title='bbox 1206 408 1260 438; x_wconf 86' lang='lat' dir='ltr'>per</span> <span class='ocrx_word' id='word_1_324' title='bbox 1282 402 1415 430; x_wconf 89' lang='lat' dir='ltr'>mortem</span> <span class='ocrx_word' id='word_1_325' title='bbox 1432 400 1543 431; x_wconf 80' lang='lat' dir='ltr'>Christi</span> <span class='ocrx_word' id='word_1_326' title='bbox 1566 412 1629 433; x_wconf 89' lang='lat' dir='ltr'>non</span> <span class='ocrx_word' id='word_1_327' title='bbox 1652 405 1754 436; x_wconf 86' lang='lat' dir='ltr'>fuitei</span> 
     </span>
     <span class='ocr_line' id='line_1_54' title="bbox 982 451 1753 491; baseline 0.012 -12"><span class='ocrx_word' id='word_1_328' title='bbox 982 451 1172 480; x_wconf 75' lang='lat' dir='ltr'>satisfactum</span> <span class='ocrx_word' id='word_1_329' title='bbox 1192 452 1297 491; x_wconf 87' lang='lat' dir='ltr'>:quod</span> <span class='ocrx_word' id='word_1_330' title='bbox 1321 452 1346 481; x_wconf 92' lang='lat' dir='ltr'>si</span> <span class='ocrx_word' id='word_1_331' title='bbox 1369 453 1428 483; x_wconf 81' lang='lat' dir='ltr'>hoe</span> <span class='ocrx_word' id='word_1_332' title='bbox 1450 456 1495 483; x_wconf 85' lang='lat' dir='ltr'>est</span> <span class='ocrx_word' id='word_1_333' title='bbox 1518 456 1680 487; x_wconf 84' lang='lat' dir='ltr'>manifeste</span> <span class='ocrx_word' id='word_1_334' title='bbox 1695 458 1753 488; x_wconf 86' lang='lat' dir='ltr'>fal-</span> 
     </span>
     <span class='ocr_line' id='line_1_55' title="bbox 983 505 1755 543; baseline 0.012 -12"><span class='ocrx_word' id='word_1_335' title='bbox 983 512 1064 540; x_wconf 83' lang='lat' dir='ltr'>sum,</span> <span class='ocrx_word' id='word_1_336' title='bbox 1089 505 1164 543; x_wconf 84' lang='lat' dir='ltr'>quia</span> <span class='ocrx_word' id='word_1_337' title='bbox 1185 505 1458 536; x_wconf 69' lang='lat' dir='ltr'>abundantissime</span> <span class='ocrx_word' id='word_1_338' title='bbox 1481 508 1673 539; x_wconf 72' lang='lat' dir='ltr'>satisfactum</span> <span class='ocrx_word' id='word_1_339' title='bbox 1695 510 1755 540; x_wconf 81' lang='lat' dir='ltr'>suit</span> 
     </span>
     <span class='ocr_line' id='line_1_56' title="bbox 983 555 1753 601; baseline 0.01 -16"><span class='ocrx_word' id='word_1_340' title='bbox 983 555 1044 585; x_wconf 85' lang='lat' dir='ltr'>Deo</span> <span class='ocrx_word' id='word_1_341' title='bbox 1060 566 1114 595; x_wconf 64' lang='lat' dir='ltr'>per</span> <span class='ocrx_word' id='word_1_342' title='bbox 1130 560 1262 587; x_wconf 81' lang='lat' dir='ltr'>mortem</span> <span class='ocrx_word' id='word_1_343' title='bbox 1282 558 1350 587; x_wconf 88' lang='lat' dir='ltr'>Filii</span> <span class='ocrx_word' id='word_1_344' title='bbox 1367 560 1427 596; x_wconf 78' lang='lat' dir='ltr'>sui,</span> <span class='ocrx_word' id='word_1_345' title='bbox 1446 560 1571 590; x_wconf 79' lang='lat' dir='ltr'>videtur</span> <span class='ocrx_word' id='word_1_346' title='bbox 1583 563 1668 601; x_wconf 87' lang='lat' dir='ltr'>quod</span> <span class='ocrx_word' id='word_1_347' title='bbox 1684 572 1753 593; x_wconf 83' lang='lat' dir='ltr'>ma-</span> 
     </span>
     <span class='ocr_line' id='line_1_57' title="bbox 977 609 1755 655; baseline 0.012 -17"><span class='ocrx_word' id='word_1_348' title='bbox 977 609 1057 648; x_wconf 84' lang='lat' dir='ltr'>j0ris</span> <span class='ocrx_word' id='word_1_349' title='bbox 1084 611 1173 648; x_wconf 79' lang='lat' dir='ltr'>pretii</span> <span class='ocrx_word' id='word_1_350' title='bbox 1199 612 1258 640; x_wconf 89' lang='lat' dir='ltr'>suit</span> <span class='ocrx_word' id='word_1_351' title='bbox 1279 612 1438 650; x_wconf 83' lang='lat' dir='ltr'>Christus,</span> <span class='ocrx_word' id='word_1_352' title='bbox 1460 623 1558 653; x_wconf 82' lang='lat' dir='ltr'>quam</span> <span class='ocrx_word' id='word_1_353' title='bbox 1577 617 1679 645; x_wconf 88' lang='lat' dir='ltr'>totum</span> <span class='ocrx_word' id='word_1_354' title='bbox 1697 625 1755 655; x_wconf 81' lang='lat' dir='ltr'>ge-</span> 
     </span>
     <span class='ocr_line' id='line_1_58' title="bbox 981 661 1248 692; baseline 0.007 -3"><span class='ocrx_word' id='word_1_355' title='bbox 981 669 1042 689; x_wconf 83' lang='lat' dir='ltr'>nus.</span> <span class='ocrx_word' id='word_1_356' title='bbox 1057 661 1248 692; x_wconf 80' lang='lat' dir='ltr'>humanum.</span> 
     </span>
    </p>

    <p class='ocr_par' dir='ltr' id='par_1_13' title="bbox 979 713 1752 1019">
     <span class='ocr_line' id='line_1_59' title="bbox 1023 713 1751 758; baseline 0.011 -16"><span class='ocrx_word' id='word_1_357' title='bbox 1023 713 1098 743; x_wconf 84' lang='lat' dir='ltr'>[tem</span> <span class='ocrx_word' id='word_1_358' title='bbox 1122 715 1153 743; x_wconf 88' lang='lat' dir='ltr'>in</span> <span class='ocrx_word' id='word_1_359' title='bbox 1174 715 1335 745; x_wconf 84' lang='lat' dir='ltr'>inlinitum</span> <span class='ocrx_word' id='word_1_360' title='bbox 1357 717 1461 755; x_wconf 77' lang='lat' dir='ltr'>majus</span> <span class='ocrx_word' id='word_1_361' title='bbox 1481 719 1528 747; x_wconf 78' lang='lat' dir='ltr'>est</span> <span class='ocrx_word' id='word_1_362' title='bbox 1550 727 1616 748; x_wconf 80' lang='lat' dir='ltr'>esse</span> <span class='ocrx_word' id='word_1_363' title='bbox 1640 719 1751 758; x_wconf 89' lang='lat' dir='ltr'>Deum,</span> 
     </span>
     <span class='ocr_line' id='line_1_60' title="bbox 981 767 1751 805; baseline 0.01 -10"><span class='ocrx_word' id='word_1_364' title='bbox 981 775 1077 805; x_wconf 83' lang='lat' dir='ltr'>quam</span> <span class='ocrx_word' id='word_1_365' title='bbox 1101 767 1217 798; x_wconf 79' lang='lat' dir='ltr'>habere</span> <span class='ocrx_word' id='word_1_366' title='bbox 1245 768 1343 798; x_wconf 81' lang='lat' dir='ltr'>Deum</span> <span class='ocrx_word' id='word_1_367' title='bbox 1361 780 1366 799; x_wconf 92' lang='lat'>:</span> <span class='ocrx_word' id='word_1_368' title='bbox 1384 770 1438 799; x_wconf 87' lang='lat' dir='ltr'>sed</span> <span class='ocrx_word' id='word_1_369' title='bbox 1462 770 1543 800; x_wconf 89' lang='lat' dir='ltr'>Deus</span> <span class='ocrx_word' id='word_1_370' title='bbox 1568 771 1612 801; x_wconf 85' lang='lat' dir='ltr'>sie</span> <span class='ocrx_word' id='word_1_371' title='bbox 1642 772 1751 803; x_wconf 84' lang='lat' dir='ltr'>dilexit</span> 
     </span>
     <span class='ocr_line' id='line_1_61' title="bbox 981 819 1752 862; baseline 0.009 -13"><span class='ocrx_word' id='word_1_372' title='bbox 981 819 1151 857; x_wconf 84' lang='lat' dir='ltr'>Christum,</span> <span class='ocrx_word' id='word_1_373' title='bbox 1167 822 1251 859; x_wconf 80' lang='lat' dir='ltr'>quod</span> <span class='ocrx_word' id='word_1_374' title='bbox 1266 822 1337 851; x_wconf 83' lang='lat' dir='ltr'>fecit</span> <span class='ocrx_word' id='word_1_375' title='bbox 1352 822 1455 861; x_wconf 88' lang='lat' dir='ltr'>ipsum</span> <span class='ocrx_word' id='word_1_376' title='bbox 1467 832 1533 853; x_wconf 87' lang='lat' dir='ltr'>esse</span> <span class='ocrx_word' id='word_1_377' title='bbox 1547 824 1660 862; x_wconf 85' lang='lat' dir='ltr'>Deu1n;</span> <span class='ocrx_word' id='word_1_378' title='bbox 1675 826 1752 856; x_wconf 86' lang='lat' dir='ltr'>alios</span> 
     </span>
     <span class='ocr_line' id='line_1_62' title="bbox 981 874 1752 913; baseline 0.009 -11"><span class='ocrx_word' id='word_1_379' title='bbox 981 881 1056 902; x_wconf 89' lang='lat' dir='ltr'>vero</span> <span class='ocrx_word' id='word_1_380' title='bbox 1071 874 1115 903; x_wconf 80' lang='lat' dir='ltr'>sic</span> <span class='ocrx_word' id='word_1_381' title='bbox 1131 874 1246 912; x_wconf 79' lang='lat' dir='ltr'>diligit,</span> <span class='ocrx_word' id='word_1_382' title='bbox 1261 875 1343 913; x_wconf 87' lang='lat' dir='ltr'>quod</span> <span class='ocrx_word' id='word_1_383' title='bbox 1359 876 1431 905; x_wconf 79' lang='lat' dir='ltr'>facit</span> <span class='ocrx_word' id='word_1_384' title='bbox 1443 886 1495 906; x_wconf 88' lang='lat' dir='ltr'>eos</span> <span class='ocrx_word' id='word_1_385' title='bbox 1514 886 1610 907; x_wconf 88' lang='lat' dir='ltr'>suum</span> <span class='ocrx_word' id='word_1_386' title='bbox 1626 878 1752 910; x_wconf 76' lang='lat' dir='ltr'>habita-</span> 
     </span>
     <span class='ocr_line' id='line_1_63' title="bbox 980 925 1748 968; baseline 0.01 -14"><span class='ocrx_word' id='word_1_387' title='bbox 980 925 1087 955; x_wconf 86' lang='lat' dir='ltr'>culum</span> <span class='ocrx_word' id='word_1_388' title='bbox 1100 936 1106 955; x_wconf 84' lang='lat'><strong>:</strong></span> <span class='ocrx_word' id='word_1_389' title='bbox 1120 935 1197 964; x_wconf 80' lang='lat' dir='ltr'>ergo</span> <span class='ocrx_word' id='word_1_390' title='bbox 1212 927 1244 956; x_wconf 92' lang='lat' dir='ltr'>in</span> <span class='ocrx_word' id='word_1_391' title='bbox 1259 927 1421 957; x_wconf 81' lang='lat' dir='ltr'>infinitum</span> <span class='ocrx_word' id='word_1_392' title='bbox 1434 928 1505 968; x_wconf 90' lang='lat' dir='ltr'>plus</span> <span class='ocrx_word' id='word_1_393' title='bbox 1519 929 1628 961; x_wconf 79' lang='lat' dir='ltr'>dilexit</span> <span class='ocrx_word' id='word_1_394' title='bbox 1642 931 1748 962; x_wconf 89' lang='lat' dir='ltr'>Chris-</span> 
     </span>
     <span class='ocr_line' id='line_1_64' title="bbox 979 980 1609 1019; baseline 0.006 -11"><span class='ocrx_word' id='word_1_395' title='bbox 979 980 1060 1017; x_wconf 80' lang='lat' dir='ltr'>tum,</span> <span class='ocrx_word' id='word_1_396' title='bbox 1074 989 1170 1018; x_wconf 85' lang='lat' dir='ltr'>quam</span> <span class='ocrx_word' id='word_1_397' title='bbox 1184 982 1285 1010; x_wconf 86' lang='lat' dir='ltr'>totum</span> <span class='ocrx_word' id='word_1_398' title='bbox 1300 990 1404 1019; x_wconf 84' lang='lat' dir='ltr'>genus</span> <span class='ocrx_word' id='word_1_399' title='bbox 1418 981 1609 1012; x_wconf 84' lang='lat' dir='ltr'>humanum.</span> 
     </span>
    </p>
   </div>
   <div class='ocr_carea' id='block_1_7' title="bbox 1252 1094 1476 1128">
    <p class='ocr_par' dir='ltr' id='par_1_14' title="bbox 1252 1094 1476 1128">
     <span class='ocr_line' id='line_1_65' title="bbox 1252 1094 1476 1128; baseline 0.004 -2"><span class='ocrx_word' id='word_1_400' title='bbox 1252 1094 1476 1128; x_wconf 86' lang='lat' dir='ltr'>CONCLUSIO.</span> 
     </span>
    </p>
   </div>
   <div class='ocr_carea' id='block_1_8' title="bbox 978 1176 1749 1259">
    <p class='ocr_par' dir='ltr' id='par_1_15' title="bbox 978 1176 1749 1259">
     <span class='ocr_line' id='line_1_66' title="bbox 978 1176 1749 1213; baseline 0.005 -10"><span class='ocrx_word' id='word_1_401' title='bbox 978 1178 1045 1203; x_wconf 81' lang='lat' dir='ltr'>Deus</span> <span class='ocrx_word' id='word_1_402' title='bbox 1058 1178 1118 1211; x_wconf 78' lang='lat' dir='ltr'>plus</span> <span class='ocrx_word' id='word_1_403' title='bbox 1132 1177 1229 1204; x_wconf 67' lang='lat' dir='ltr'>dilexit</span> <span class='ocrx_word' id='word_1_404' title='bbox 1247 1176 1380 1204; x_wconf 79' lang='lat' dir='ltr'>Christum</span> <span class='ocrx_word' id='word_1_405' title='bbox 1400 1187 1480 1212; x_wconf 77' lang='lat' dir='ltr'>quam</span> <span class='ocrx_word' id='word_1_406' title='bbox 1499 1187 1579 1213; x_wconf 64' lang='lat' dir='ltr'>genus</span> <span class='ocrx_word' id='word_1_407' title='bbox 1603 1180 1749 1208; x_wconf 80' lang='lat' dir='ltr'>humanum</span> 
     </span>
     <span class='ocr_line' id='line_1_67' title="bbox 1012 1224 1711 1259; baseline 0.006 -11"><span class='ocrx_word' id='word_1_408' title='bbox 1012 1224 1178 1255; x_wconf 69' lang='lat' dir='ltr'>universum,</span> <span class='ocrx_word' id='word_1_409' title='bbox 1194 1231 1251 1249; x_wconf 78' lang='lat' dir='ltr'>cum</span> <span class='ocrx_word' id='word_1_410' title='bbox 1261 1224 1346 1255; x_wconf 75' lang='lat' dir='ltr'>fuerit</span> <span class='ocrx_word' id='word_1_411' title='bbox 1352 1231 1467 1258; x_wconf 80' lang='lat' dir='ltr'>persona</span> <span class='ocrx_word' id='word_1_412' title='bbox 1482 1224 1577 1251; x_wconf 61' lang='lat' dir='ltr'>divina</span> <span class='ocrx_word' id='word_1_413' title='bbox 1590 1226 1711 1259; x_wconf 76' lang='lat' dir='ltr'>infinita.</span> 
     </span>
    </p>
   </div>
   <div class='ocr_carea' id='block_1_9' title="bbox 963 1301 1748 2504">
    <p class='ocr_par' dir='ltr' id='par_1_16' title="bbox 965 1301 1748 2069">
     <span class='ocr_line' id='line_1_68' title="bbox 1017 1301 1748 1343; baseline 0.008 -12"><span class='ocrx_word' id='word_1_414' title='bbox 1017 1301 1108 1341; x_wconf 87' lang='lat' dir='ltr'>Resp.</span> <span class='ocrx_word' id='word_1_415' title='bbox 1134 1302 1171 1332; x_wconf 88' lang='lat' dir='ltr'>ad</span> <span class='ocrx_word' id='word_1_416' title='bbox 1196 1312 1268 1341; x_wconf 81' lang='lat' dir='ltr'>arg.</span> <span class='ocrx_word' id='word_1_417' title='bbox 1292 1302 1464 1333; x_wconf 78' lang='lat' dir='ltr'>Dicendum</span> <span class='ocrx_word' id='word_1_418' title='bbox 1488 1304 1574 1343; x_wconf 84' lang='lat' dir='ltr'>quod</span> <span class='ocrx_word' id='word_1_419' title='bbox 1601 1304 1748 1338; x_wconf 75' lang='lat' dir='ltr'>Christus</span> 
     </span>
     <span class='ocr_line' id='line_1_69' title="bbox 976 1355 1747 1398; baseline 0.005 -14"><span class='ocrx_word' id='word_1_420' title='bbox 976 1355 1119 1385; x_wconf 88' lang='lat' dir='ltr'>nominat</span> <span class='ocrx_word' id='word_1_421' title='bbox 1133 1365 1298 1394; x_wconf 82' lang='lat' dir='ltr'>personam</span> <span class='ocrx_word' id='word_1_422' title='bbox 1318 1357 1350 1386; x_wconf 86' lang='lat' dir='ltr'>in</span> <span class='ocrx_word' id='word_1_423' title='bbox 1371 1356 1494 1387; x_wconf 87' lang='lat' dir='ltr'>duabus</span> <span class='ocrx_word' id='word_1_424' title='bbox 1513 1357 1645 1395; x_wconf 81' lang='lat' dir='ltr'>naturis,</span> <span class='ocrx_word' id='word_1_425' title='bbox 1664 1367 1747 1398; x_wconf 83' lang='lat' dir='ltr'>qua-</span> 
     </span>
     <span class='ocr_line' id='line_1_70' title="bbox 975 1409 1747 1449; baseline 0.005 -11"><span class='ocrx_word' id='word_1_426' title='bbox 975 1417 1048 1438; x_wconf 83' lang='lat' dir='ltr'>rum</span> <span class='ocrx_word' id='word_1_427' title='bbox 1071 1418 1135 1438; x_wconf 84' lang='lat' dir='ltr'>una</span> <span class='ocrx_word' id='word_1_428' title='bbox 1154 1411 1200 1439; x_wconf 88' lang='lat' dir='ltr'>est</span> <span class='ocrx_word' id='word_1_429' title='bbox 1218 1409 1388 1439; x_wconf 87' lang='lat' dir='ltr'>nobilitatis</span> <span class='ocrx_word' id='word_1_430' title='bbox 1407 1412 1438 1440; x_wconf 88' lang='lat' dir='ltr'>et</span> <span class='ocrx_word' id='word_1_431' title='bbox 1459 1410 1622 1449; x_wconf 84' lang='lat' dir='ltr'>dignitatis</span> <span class='ocrx_word' id='word_1_432' title='bbox 1636 1411 1747 1443; x_wconf 86' lang='lat' dir='ltr'>infini-</span> 
     </span>
     <span class='ocr_line' id='line_1_71' title="bbox 974 1461 1747 1501; baseline 0.006 -11"><span class='ocrx_word' id='word_1_433' title='bbox 974 1463 1013 1491; x_wconf 78' lang='lat' dir='ltr'>1ae</span> <span class='ocrx_word' id='word_1_434' title='bbox 1029 1472 1035 1490; x_wconf 76' lang='grc' dir='ltr'>ε</span> <span class='ocrx_word' id='word_1_435' title='bbox 1054 1463 1085 1491; x_wconf 86' lang='lat' dir='ltr'>et</span> <span class='ocrx_word' id='word_1_436' title='bbox 1106 1461 1173 1500; x_wconf 86' lang='lat' dir='ltr'>ipsa</span> <span class='ocrx_word' id='word_1_437' title='bbox 1194 1471 1328 1501; x_wconf 83' lang='lat' dir='ltr'>persona</span> <span class='ocrx_word' id='word_1_438' title='bbox 1348 1462 1380 1492; x_wconf 89' lang='lat' dir='ltr'>in</span> <span class='ocrx_word' id='word_1_439' title='bbox 1404 1472 1448 1500; x_wconf 81' lang='lat' dir='ltr'>se,</span> <span class='ocrx_word' id='word_1_440' title='bbox 1465 1465 1495 1493; x_wconf 91' lang='lat' dir='ltr'>et</span> <span class='ocrx_word' id='word_1_441' title='bbox 1518 1466 1633 1494; x_wconf 86' lang='lat' dir='ltr'>natura</span> <span class='ocrx_word' id='word_1_442' title='bbox 1656 1465 1747 1496; x_wconf 83' lang='lat' dir='ltr'>unita</span> 
     </span>
     <span class='ocr_line' id='line_1_72' title="bbox 972 1516 1744 1557; baseline 0.006 -12"><span class='ocrx_word' id='word_1_443' title='bbox 972 1516 1093 1546; x_wconf 86' lang='lat' dir='ltr'>ratione</span> <span class='ocrx_word' id='word_1_444' title='bbox 1112 1525 1267 1556; x_wconf 70' lang='lat' dir='ltr'>personae,</span> <span class='ocrx_word' id='word_1_445' title='bbox 1284 1517 1379 1547; x_wconf 88' lang='lat' dir='ltr'>habet</span> <span class='ocrx_word' id='word_1_446' title='bbox 1402 1518 1574 1557; x_wconf 82' lang='lat' dir='ltr'>quamdam</span> <span class='ocrx_word' id='word_1_447' title='bbox 1597 1519 1744 1551; x_wconf 84' lang='lat' dir='ltr'>nobilita-</span> 
     </span>
     <span class='ocr_line' id='line_1_73' title="bbox 971 1571 1745 1610; baseline 0.006 -11"><span class='ocrx_word' id='word_1_448' title='bbox 971 1571 1034 1600; x_wconf 80' lang='lat' dir='ltr'>tem</span> <span class='ocrx_word' id='word_1_449' title='bbox 1055 1572 1085 1600; x_wconf 87' lang='lat' dir='ltr'>et</span> <span class='ocrx_word' id='word_1_450' title='bbox 1102 1571 1289 1609; x_wconf 82' lang='lat' dir='ltr'>dignitatem</span> <span class='ocrx_word' id='word_1_451' title='bbox 1305 1571 1503 1610; x_wconf 83' lang='lat' dir='ltr'>singularem</span> <span class='ocrx_word' id='word_1_452' title='bbox 1521 1574 1551 1602; x_wconf 90' lang='lat' dir='ltr'>et</span> <span class='ocrx_word' id='word_1_453' title='bbox 1570 1573 1745 1604; x_wconf 82' lang='lat' dir='ltr'>inaestima-</span> 
     </span>
     <span class='ocr_line' id='line_1_74' title="bbox 971 1623 1743 1666; baseline 0.006 -13"><span class='ocrx_word' id='word_1_454' title='bbox 971 1623 1077 1654; x_wconf 84' lang='lat' dir='ltr'>bilem.</span> <span class='ocrx_word' id='word_1_455' title='bbox 1099 1623 1184 1663; x_wconf 83' lang='lat' dir='ltr'>Ergo</span> <span class='ocrx_word' id='word_1_456' title='bbox 1205 1624 1323 1663; x_wconf 83' lang='lat' dir='ltr'>absque</span> <span class='ocrx_word' id='word_1_457' title='bbox 1345 1625 1433 1655; x_wconf 88' lang='lat' dir='ltr'>omni</span> <span class='ocrx_word' id='word_1_458' title='bbox 1458 1625 1619 1656; x_wconf 83' lang='lat' dir='ltr'>calumnia</span> <span class='ocrx_word' id='word_1_459' title='bbox 1642 1628 1743 1666; x_wconf 89' lang='lat' dir='ltr'>potest</span> 
     </span>
     <span class='ocr_line' id='line_1_75' title="bbox 969 1677 1743 1718; baseline 0.006 -12"><span class='ocrx_word' id='word_1_460' title='bbox 969 1677 1098 1707; x_wconf 82' lang='lat' dir='ltr'>concedi</span> <span class='ocrx_word' id='word_1_461' title='bbox 1113 1679 1143 1707; x_wconf 92' lang='lat' dir='ltr'>et</span> <span class='ocrx_word' id='word_1_462' title='bbox 1157 1677 1216 1707; x_wconf 87' lang='lat' dir='ltr'>dici</span> <span class='ocrx_word' id='word_1_463' title='bbox 1236 1678 1321 1716; x_wconf 88' lang='lat' dir='ltr'>quod</span> <span class='ocrx_word' id='word_1_464' title='bbox 1340 1678 1419 1708; x_wconf 88' lang='lat' dir='ltr'>Deus</span> <span class='ocrx_word' id='word_1_465' title='bbox 1435 1679 1538 1718; x_wconf 78' lang='lat' dir='ltr'>magis</span> <span class='ocrx_word' id='word_1_466' title='bbox 1552 1679 1697 1710; x_wconf 85' lang='lat' dir='ltr'>dilexerit</span> <span class='ocrx_word' id='word_1_467' title='bbox 1712 1683 1743 1712; x_wconf 88' lang='lat' dir='ltr'>et</span> 
     </span>
     <span class='ocr_line' id='line_1_76' title="bbox 968 1727 1742 1769; baseline 0.006 -12"><span class='ocrx_word' id='word_1_468' title='bbox 968 1727 1080 1767; x_wconf 83' lang='lat' dir='ltr'>diligat</span> <span class='ocrx_word' id='word_1_469' title='bbox 1096 1728 1267 1766; x_wconf 86' lang='lat' dir='ltr'>Christum,</span> <span class='ocrx_word' id='word_1_470' title='bbox 1281 1738 1378 1768; x_wconf 84' lang='lat' dir='ltr'>quam</span> <span class='ocrx_word' id='word_1_471' title='bbox 1396 1731 1496 1760; x_wconf 83' lang='lat' dir='ltr'>totum</span> <span class='ocrx_word' id='word_1_472' title='bbox 1512 1739 1614 1769; x_wconf 85' lang='lat' dir='ltr'>genus</span> <span class='ocrx_word' id='word_1_473' title='bbox 1628 1731 1742 1762; x_wconf 81' lang='lat' dir='ltr'>huma-</span> 
     </span>
     <span class='ocr_line' id='line_1_77' title="bbox 967 1777 1739 1818; baseline 0.006 -11"><span class='ocrx_word' id='word_1_474' title='bbox 967 1786 1056 1807; x_wconf 92' lang='lat' dir='ltr'>num.</span> <span class='ocrx_word' id='word_1_475' title='bbox 1088 1777 1125 1807; x_wconf 83' lang='lat' dir='ltr'>Et</span> <span class='ocrx_word' id='word_1_476' title='bbox 1157 1778 1216 1808; x_wconf 80' lang='lat' dir='ltr'>hoe</span> <span class='ocrx_word' id='word_1_477' title='bbox 1239 1778 1314 1808; x_wconf 82' lang='lat' dir='ltr'>satis</span> <span class='ocrx_word' id='word_1_478' title='bbox 1337 1787 1485 1818; x_wconf 83' lang='lat' dir='ltr'>expresse</span> <span class='ocrx_word' id='word_1_479' title='bbox 1511 1779 1672 1818; x_wconf 76' lang='lat' dir='ltr'>colligitur</span> <span class='ocrx_word' id='word_1_480' title='bbox 1698 1789 1739 1812; x_wconf 83' lang='lat' dir='ltr'>ex</span> 
     </span>
     <span class='ocr_line' id='line_1_78' title="bbox 967 1829 1740 1870; baseline 0.006 -12"><span class='ocrx_word' id='word_1_481' title='bbox 967 1829 1071 1859; x_wconf 87' lang='lat' dir='ltr'>verbis</span> <span class='ocrx_word' id='word_1_482' title='bbox 1097 1829 1275 1867; x_wconf 67' lang='grc' dir='ltr'><strong>Α11561111ἰ“,</strong></span> <span class='ocrx_word' id='word_1_483' title='bbox 1298 1830 1351 1859; x_wconf 93' lang='lat' dir='ltr'>ubi</span> <span class='ocrx_word' id='word_1_484' title='bbox 1387 1830 1523 1861; x_wconf 88' lang='lat' dir='ltr'>ostendit</span> <span class='ocrx_word' id='word_1_485' title='bbox 1551 1831 1637 1870; x_wconf 84' lang='lat' dir='ltr'>quod</span> <span class='ocrx_word' id='word_1_486' title='bbox 1674 1831 1740 1863; x_wconf 88' lang='lat' dir='ltr'>vita</span> 
     </span>
     <span class='ocr_line' id='line_1_79' title="bbox 966 1879 1737 1920; baseline 0.004 -11"><span class='ocrx_word' id='word_1_487' title='bbox 966 1879 1053 1910; x_wconf 90' lang='lat' dir='ltr'>illius</span> <span class='ocrx_word' id='word_1_488' title='bbox 1077 1880 1215 1910; x_wconf 90' lang='lat' dir='ltr'>hominis</span> <span class='ocrx_word' id='word_1_489' title='bbox 1238 1880 1500 1920; x_wconf 71' lang='lat' dir='ltr'>praeponderabat</span> <span class='ocrx_word' id='word_1_490' title='bbox 1525 1881 1581 1912; x_wconf 85' lang='lat' dir='ltr'>toti</span> <span class='ocrx_word' id='word_1_491' title='bbox 1604 1882 1737 1920; x_wconf 88' lang='lat' dir='ltr'>mundo,</span> 
     </span>
     <span class='ocr_line' id='line_1_80' title="bbox 965 1933 1739 1974; baseline 0.005 -12"><span class='ocrx_word' id='word_1_492' title='bbox 965 1933 1031 1963; x_wconf 89' lang='lat' dir='ltr'>imo</span> <span class='ocrx_word' id='word_1_493' title='bbox 1062 1933 1157 1963; x_wconf 86' lang='lat' dir='ltr'>etiam</span> <span class='ocrx_word' id='word_1_494' title='bbox 1191 1933 1277 1963; x_wconf 87' lang='lat' dir='ltr'>mille</span> <span class='ocrx_word' id='word_1_495' title='bbox 1306 1933 1446 1964; x_wconf 88' lang='lat' dir='ltr'>mundis.</span> <span class='ocrx_word' id='word_1_496' title='bbox 1476 1933 1646 1974; x_wconf 87' lang='lat' dir='ltr'>Propterea</span> <span class='ocrx_word' id='word_1_497' title='bbox 1685 1944 1739 1966; x_wconf 87' lang='lat' dir='ltr'>ra-</span> 
     </span>
     <span class='ocr_line' id='line_1_81' title="bbox 965 1979 1736 2028; baseline 0.006 -13"><span class='ocrx_word' id='word_1_498' title='bbox 965 1986 1066 2016; x_wconf 85' lang='lat' dir='ltr'>tiones</span> <span class='ocrx_word' id='word_1_499' title='bbox 1096 1995 1168 2026; x_wconf 78' lang='lat' dir='ltr'>quae</span> <span class='ocrx_word' id='word_1_500' title='bbox 1194 1986 1232 2016; x_wconf 81' lang='lat' dir='ltr'>ad</span> <span class='ocrx_word' id='word_1_501' title='bbox 1260 1986 1341 2016; x_wconf 81' lang='lat' dir='ltr'>hanc</span> <span class='ocrx_word' id='word_1_502' title='bbox 1369 1979 1490 2026; x_wconf 83' lang='lat' dir='ltr'>partem</span> <span class='ocrx_word' id='word_1_503' title='bbox 1519 1987 1736 2028; x_wconf 88' lang='lat' dir='ltr'>inducuntur,</span> 
     </span>
     <span class='ocr_line' id='line_1_82' title="bbox 966 2039 1272 2069; baseline -0.003 0"><span class='ocrx_word' id='word_1_504' title='bbox 966 2039 1172 2069; x_wconf 67' lang='lat' dir='ltr'>concedendae</span> <span class='ocrx_word' id='word_1_505' title='bbox 1188 2040 1272 2069; x_wconf 88' lang='lat' dir='ltr'>sunt.</span> 
     </span>
    </p>

    <p class='ocr_par' dir='ltr' id='par_1_17' title="bbox 963 2091 1748 2504">
     <span class='ocr_line' id='line_1_83' title="bbox 1006 2091 1738 2132; baseline 0.007 -11"><span class='ocrx_word' id='word_1_506' title='bbox 1006 2094 1034 2121; x_wconf 85' lang='lat'>1.</span> <span class='ocrx_word' id='word_1_507' title='bbox 1060 2092 1107 2122; x_wconf 86' lang='lat' dir='ltr'>Ad</span> <span class='ocrx_word' id='word_1_508' title='bbox 1125 2092 1203 2122; x_wconf 90' lang='lat' dir='ltr'>illud</span> <span class='ocrx_word' id='word_1_509' title='bbox 1223 2091 1309 2131; x_wconf 87' lang='lat' dir='ltr'>quod</span> <span class='ocrx_word' id='word_1_510' title='bbox 1328 2092 1486 2131; x_wconf 81' lang='lat' dir='ltr'>objicitur,</span> <span class='ocrx_word' id='word_1_511' title='bbox 1507 2094 1591 2132; x_wconf 90' lang='lat' dir='ltr'>quod</span> <span class='ocrx_word' id='word_1_512' title='bbox 1610 2095 1738 2126; x_wconf 80' lang='lat' dir='ltr'>charius</span> 
     </span>
     <span class='ocr_line' id='line_1_84' title="bbox 964 2143 1748 2186; baseline 0.006 -13"><span class='ocrx_word' id='word_1_513' title='bbox 964 2143 1100 2174; x_wconf 83' lang='lat' dir='ltr'>habetur</span> <span class='ocrx_word' id='word_1_514' title='bbox 1119 2143 1196 2174; x_wconf 90' lang='lat' dir='ltr'>illud</span> <span class='ocrx_word' id='word_1_515' title='bbox 1218 2144 1303 2183; x_wconf 86' lang='lat' dir='ltr'>quod</span> <span class='ocrx_word' id='word_1_516' title='bbox 1326 2144 1455 2182; x_wconf 85' lang='lat' dir='ltr'>emitur,</span> <span class='ocrx_word' id='word_1_517' title='bbox 1477 2154 1574 2184; x_wconf 90' lang='lat' dir='ltr'>quam</span> <span class='ocrx_word' id='word_1_518' title='bbox 1597 2147 1748 2186; x_wconf 75' lang='lat' dir='ltr'>pretium&#39;</span> 
     </span>
     <span class='ocr_line' id='line_1_85' title="bbox 964 2198 1737 2238; baseline 0.006 -11"><span class='ocrx_word' id='word_1_519' title='bbox 964 2207 1027 2237; x_wconf 87' lang='lat' dir='ltr'>quo</span> <span class='ocrx_word' id='word_1_520' title='bbox 1046 2198 1180 2235; x_wconf 84' lang='lat' dir='ltr'>emitur,</span> <span class='ocrx_word' id='word_1_521' title='bbox 1204 2198 1373 2228; x_wconf 85' lang='lat' dir='ltr'>dicendum</span> <span class='ocrx_word' id='word_1_522' title='bbox 1396 2199 1480 2238; x_wconf 90' lang='lat' dir='ltr'>quod</span> <span class='ocrx_word' id='word_1_523' title='bbox 1505 2200 1583 2230; x_wconf 91' lang='lat' dir='ltr'>illud</span> <span class='ocrx_word' id='word_1_524' title='bbox 1608 2203 1654 2231; x_wconf 86' lang='lat' dir='ltr'>est</span> <span class='ocrx_word' id='word_1_525' title='bbox 1680 2210 1737 2232; x_wconf 89' lang='lat' dir='ltr'>ve-</span> 
     </span>
     <span class='ocr_line' id='line_1_86' title="bbox 963 2248 1737 2290; baseline 0.005 -9"><span class='ocrx_word' id='word_1_526' title='bbox 963 2248 1047 2288; x_wconf 88' lang='lat' dir='ltr'>rum,</span> <span class='ocrx_word' id='word_1_527' title='bbox 1073 2251 1200 2290; x_wconf 85' lang='lat' dir='ltr'>quando</span> <span class='ocrx_word' id='word_1_528' title='bbox 1224 2251 1363 2290; x_wconf 86' lang='lat' dir='ltr'>pretium</span> <span class='ocrx_word' id='word_1_529' title='bbox 1390 2252 1429 2282; x_wconf 88' lang='lat' dir='ltr'>ab</span> <span class='ocrx_word' id='word_1_530' title='bbox 1458 2255 1582 2284; x_wconf 88' lang='lat' dir='ltr'>emente</span> <span class='ocrx_word' id='word_1_531' title='bbox 1605 2255 1737 2285; x_wconf 87' lang='lat' dir='ltr'>omnino</span> 
     </span>
     <span class='ocr_line' id='line_1_87' title="bbox 963 2305 1735 2342; baseline 0.005 -8"><span class='ocrx_word' id='word_1_532' title='bbox 963 2305 1128 2342; x_wconf 84' lang='lat' dir='ltr'>alienatur,</span> <span class='ocrx_word' id='word_1_533' title='bbox 1146 2306 1177 2335; x_wconf 88' lang='lat' dir='ltr'>et</span> <span class='ocrx_word' id='word_1_534' title='bbox 1198 2305 1386 2335; x_wconf 82' lang='lat' dir='ltr'>transfertur</span> <span class='ocrx_word' id='word_1_535' title='bbox 1406 2306 1439 2335; x_wconf 90' lang='lat' dir='ltr'>in</span> <span class='ocrx_word' id='word_1_536' title='bbox 1460 2306 1638 2338; x_wconf 88' lang='lat' dir='ltr'>dominium</span> <span class='ocrx_word' id='word_1_537' title='bbox 1658 2308 1735 2339; x_wconf 84' lang='lat' dir='ltr'>alie-</span> 
     </span>
     <span class='ocr_line' id='line_1_88' title="bbox 964 2357 1737 2400; baseline 0.005 -13"><span class='ocrx_word' id='word_1_538' title='bbox 964 2367 1064 2395; x_wconf 90' lang='lat' dir='ltr'>num;</span> <span class='ocrx_word' id='word_1_539' title='bbox 1082 2357 1126 2387; x_wconf 81' lang='lat' dir='ltr'>sie</span> <span class='ocrx_word' id='word_1_540' title='bbox 1141 2360 1249 2388; x_wconf 87' lang='lat' dir='ltr'>autem</span> <span class='ocrx_word' id='word_1_541' title='bbox 1265 2367 1328 2388; x_wconf 87' lang='lat' dir='ltr'>non</span> <span class='ocrx_word' id='word_1_542' title='bbox 1350 2360 1396 2389; x_wconf 88' lang='lat' dir='ltr'>est</span> <span class='ocrx_word' id='word_1_543' title='bbox 1418 2359 1450 2388; x_wconf 92' lang='lat' dir='ltr'>in</span> <span class='ocrx_word' id='word_1_544' title='bbox 1473 2360 1643 2399; x_wconf 87' lang='lat' dir='ltr'>proposito,</span> <span class='ocrx_word' id='word_1_545' title='bbox 1661 2361 1737 2400; x_wconf 85' lang='lat' dir='ltr'>quia</span> 
     </span>
     <span class='ocr_line' id='line_1_89' title="bbox 966 2411 1735 2452; baseline 0.003 -10"><span class='ocrx_word' id='word_1_546' title='bbox 966 2411 1057 2442; x_wconf 82' lang='lat' dir='ltr'>Pater</span> <span class='ocrx_word' id='word_1_547' title='bbox 1071 2420 1135 2441; x_wconf 88' lang='lat' dir='ltr'>non</span> <span class='ocrx_word' id='word_1_548' title='bbox 1149 2411 1290 2442; x_wconf 82' lang='lat' dir='ltr'>tradebat</span> <span class='ocrx_word' id='word_1_549' title='bbox 1305 2412 1464 2442; x_wconf 89' lang='lat' dir='ltr'>Christum</span> <span class='ocrx_word' id='word_1_550' title='bbox 1483 2412 1550 2443; x_wconf 88' lang='lat' dir='ltr'>sine</span> <span class='ocrx_word' id='word_1_551' title='bbox 1571 2422 1625 2452; x_wconf 89' lang='lat' dir='ltr'>spe</span> <span class='ocrx_word' id='word_1_552' title='bbox 1640 2413 1735 2444; x_wconf 84' lang='lat' dir='ltr'>reha-</span> 
     </span>
     <span class='ocr_line' id='line_1_90' title="bbox 965 2464 1737 2504; baseline 0.005 -10"><span class='ocrx_word' id='word_1_553' title='bbox 965 2464 1057 2495; x_wconf 89' lang='lat' dir='ltr'>bendi</span> <span class='ocrx_word' id='word_1_554' title='bbox 1080 2464 1200 2504; x_wconf 80' lang='lat' dir='ltr'>ipsum3</span> <span class='ocrx_word' id='word_1_555' title='bbox 1218 2464 1282 2495; x_wconf 90' lang='lat' dir='ltr'>imo</span> <span class='ocrx_word' id='word_1_556' title='bbox 1303 2465 1346 2495; x_wconf 79' lang='lat' dir='ltr'>sie</span> <span class='ocrx_word' id='word_1_557' title='bbox 1365 2465 1491 2496; x_wconf 83' lang='lat' dir='ltr'>tradidit</span> <span class='ocrx_word' id='word_1_558' title='bbox 1509 2474 1583 2496; x_wconf 88' lang='lat' dir='ltr'>eum</span> <span class='ocrx_word' id='word_1_559' title='bbox 1599 2466 1638 2496; x_wconf 87' lang='lat' dir='ltr'>ad</span> <span class='ocrx_word' id='word_1_560' title='bbox 1655 2475 1737 2498; x_wconf 89' lang='lat' dir='ltr'>mor-</span> 
     </span>
    </p>
   </div>
   <div class='ocr_carea' id='block_1_10' title="bbox 967 2564 1738 2660">
    <p class='ocr_par' dir='ltr' id='par_1_18' title="bbox 967 2564 1738 2660">
     <span class='ocr_line' id='line_1_91' title="bbox 998 2564 1738 2597; baseline 0.007 -10"><span class='ocrx_word' id='word_1_561' title='bbox 998 2565 1004 2580; x_wconf 95' lang='lat'><strong>¹</strong></span> <span class='ocrx_word' id='word_1_562' title='bbox 1018 2564 1102 2594; x_wconf 27' lang='lat' dir='ltr'>Aristi,</span> <span class='ocrx_word' id='word_1_563' title='bbox 1120 2565 1222 2593; x_wconf 47' lang='lat' dir='ltr'>Postea,</span> <span class='ocrx_word' id='word_1_564' title='bbox 1238 2564 1280 2587; x_wconf 89' lang='lat' dir='ltr'>lib.</span> <span class='ocrx_word' id='word_1_565' title='bbox 1293 2565 1311 2593; x_wconf 86' lang='lat' dir='ltr'>l,</span> <span class='ocrx_word' id='word_1_566' title='bbox 1326 2566 1393 2588; x_wconf 87' lang='lat' dir='ltr'>cont.</span> <span class='ocrx_word' id='word_1_567' title='bbox 1407 2567 1430 2587; x_wconf 77' lang='lat'>5.</span> <span class='ocrx_word' id='word_1_568' title='bbox 1443 2577 1472 2582; x_wconf 91' lang='grc'><strong>-</strong></span> <span class='ocrx_word' id='word_1_569' title='bbox 1483 2564 1493 2579; x_wconf 78' lang='lat'><strong>¹</strong></span> <span class='ocrx_word' id='word_1_570' title='bbox 1504 2564 1607 2596; x_wconf 60' lang='lat' dir='ltr'>Philip„</span> <span class='ocrx_word' id='word_1_571' title='bbox 1621 2571 1650 2597; x_wconf 83' lang='lat'>1¹,</span> <span class='ocrx_word' id='word_1_572' title='bbox 1672 2567 1694 2591; x_wconf 81' lang='lat'>9.</span> <span class='ocrx_word' id='word_1_573' title='bbox 1709 2580 1738 2586; x_wconf 95' lang='lat'>—</span> 
     </span>
     <span class='ocr_line' id='line_1_92' title="bbox 967 2600 1737 2634; baseline 0.005 -11"><span class='ocrx_word' id='word_1_574' title='bbox 967 2601 975 2616; x_wconf 71' lang='lat'>²</span> <span class='ocrx_word' id='word_1_575' title='bbox 986 2601 1067 2629; x_wconf 56' lang='lat' dir='ltr'>Jowz„</span> <span class='ocrx_word' id='word_1_576' title='bbox 1083 2606 1122 2631; x_wconf 80' lang='lat'>111,</span> <span class='ocrx_word' id='word_1_577' title='bbox 1141 2601 1179 2623; x_wconf 70' lang='grc'>34.</span> <span class='ocrx_word' id='word_1_578' title='bbox 1193 2613 1222 2618; x_wconf 87' lang='lat'>--</span> <span class='ocrx_word' id='word_1_579' title='bbox 1235 2600 1244 2616; x_wconf 59' lang='grc' dir='ltr'><em>θ</em></span> <span class='ocrx_word' id='word_1_580' title='bbox 1259 2600 1382 2627; x_wconf 70' lang='grc' dir='ltr'><strong>Λυεε1111.,</strong></span> <span class='ocrx_word' id='word_1_581' title='bbox 1399 2600 1450 2623; x_wconf 72' lang='lat' dir='ltr'>Cur</span> <span class='ocrx_word' id='word_1_582' title='bbox 1468 2601 1533 2624; x_wconf 73' lang='lat' dir='ltr'>Deus</span> <span class='ocrx_word' id='word_1_583' title='bbox 1544 2601 1682 2631; x_wconf 75' lang='lat' dir='ltr'>lionzo‚lih.</span> <span class='ocrx_word' id='word_1_584' title='bbox 1701 2604 1737 2634; x_wconf 89' lang='lat' dir='ltr'>ll,</span> 
     </span>
     <span class='ocr_line' id='line_1_93' title="bbox 967 2641 1056 2660; baseline -0.022 0"><span class='ocrx_word' id='word_1_585' title='bbox 967 2643 988 2660; x_wconf 85' lang='lat' dir='ltr'>c.</span> <span class='ocrx_word' id='word_1_586' title='bbox 1004 2641 1056 2659; x_wconf 57' lang='lat' dir='ltr'>xnn</span> 
     </span>
    </p>
   </div>
  </div>
 </body>
</html>
