2017 2948
682 156 869 189 DISTINCT.
893 157 1054 189 XXXVlII.
1077 158 1167 188 ART.
1193 158 1216 188 Ι.

147 227 179 256 in
189 226 399 256 notificatione
413 225 567 255 mendacii
579 233 642 254 non
654 225 779 254 tantum
790 224 911 264 impor-

147 281 190 309 tat
201 278 341 318 decipere
353 302 361 316 ,
373 278 425 308 sed
441 278 535 307 etiam
546 277 661 307 falsum
672 277 774 307 dicere
789 286 796 308 z
809 280 840 308 et
854 279 913 308 hoc

150 334 195 363 est
209 332 297 362 omni
318 330 480 361 mendacio
505 338 673 360 commune
697 332 728 360 et
753 331 911 369 generale.

148 386 275 416 Falsum
290 385 375 415 enim
389 384 490 414 dicere
512 384 652 414 exterius
666 384 803 423 quodam
821 385 914 415 modo

149 439 255 469 fallere
270 441 335 475 est,
352 437 427 467 dum
443 437 539 467 homo
556 437 587 467 id
602 437 696 475 dicit,
714 438 798 477 quod
813 439 914 476 potest

148 492 311 522 hominem
326 491 365 521 ad
387 490 551 520 salsitatem
575 491 744 528 deducere,
763 493 793 521 et
816 491 916 521 dedu-

148 544 245 576 cendo
260 545 298 575 ad
313 544 477 574 salsitatem
486 568 494 581 ‚
511 544 618 574 fallere
632 546 663 574 et
677 544 831 583 decipere.

461 664 529 686 DUB.
554 664 598 686 lv.

148 737 227 761 Jacob
235 737 303 768 quod
313 738 392 761 matre
403 738 461 761 feeit
470 739 571 761 aneton²
580 756 587 767 ,
599 739 625 760 nt
638 736 734 761 falleret
749 738 855 767 patrem,
867 738 915 761 ete.

187 812 316 842 Videtur
329 812 389 842 hoc
412 821 474 842 non
490 813 605 842 habere
630 813 814 850 veritatem,
840 813 916 852 quia

145 865 240 895 Jacob
255 865 334 895 dixit
359 865 473 895 salsum
497 874 569 895 cum
592 865 764 895 intentione
786 866 914 896 fallendi

146 919 290 956 patrem:
317 917 496 947 intendebat
519 918 603 948 enim
628 917 810 956 significare
831 918 915 957 quod

146 970 211 1009 ipse
225 972 291 999 erat
306 969 388 1000 Esau
407 981 413 1000 z
431 979 509 1009 ergo
524 971 649 1000 videtur
664 971 747 1010 quod
764 970 915 1009 simplici-

146 1025 192 1052 ter
206 1023 263 1052 fuit
279 1023 475 1053 mendacium
492 1033 498 1053 :
515 1033 591 1062 ergo
603 1024 726 1054 videtur
741 1023 824 1063 quod
841 1023 914 1054 sim-

146 1075 269 1114 pliciter·
284 1076 379 1106 fuerit
406 1076 568 1106 mentitus.
591 1076 688 1112 Item,
710 1076 913 1107 mendacium

145 1131 191 1158 est
205 1129 246 1158 ita
263 1129 397 1165 malum,
415 1129 499 1168 quod
515 1129 604 1159 nullo
620 1129 712 1159 modo
729 1131 830 1168 potest
847 1129 915 1159 fieri

146 1181 276 1218 bonum,
293 1190 349 1211 nec
372 1191 427 1221 per
443 1190 486 1219 se,
505 1191 561 1211 nee
578 1191 633 1220 per
649 1181 915 1221 dispensationem

144 1233 282 1272 aliquam
302 1243 309 1263 ε
329 1234 453 1264 videtur
468 1243 547 1273 crgo
566 1235 650 1273 quod
665 1234 753 1264 nullo
775 1233 915 1273 Spiritus

145 1286 242 1315 sancti
266 1286 413 1322 consilio,
438 1296 494 1316 nec
520 1287 629 1316 matris
653 1287 787 1326 imperio
814 1288 916 1326 potuit

146 1339 212 1378 ipse
227 1338 321 1369 Jacob
337 1348 354 1368 a
369 1339 530 1369 mendacio
545 1340 701 1370 excusari.

186 1392 276 1431 Hesp.
295 1392 465 1422 Dicendum
486 1393 570 1431 quod
586 1393 762 1423 secundum
782 1393 915 1424 Beatum

144 1444 857 1484 Ambrosium,etetiamAugustinum¹,Jacob
867 1446 917 1477 vir

144 1497 277 1536 simplex
292 1507 310 1527 a
327 1498 489 1527 mendacio
505 1500 689 1535 excusatur,
714 1501 744 1529 et
759 1501 914 1538 quantum

144 1549 182 1579 ad
200 1549 229 1579 id
249 1550 331 1588 quod
350 1550 428 1579 dixit
449 1550 561 1587 verbo,
588 1553 618 1580 et
639 1554 797 1590 querutum
821 1551 860 1581 ad
883 1551 914 1581 id

145 1603 228 1642 quod
256 1603 326 1633 fecit
348 1603 380 1633 in
402 1603 492 1633 sacto.
518 1603 620 1634 Verbo
644 1604 729 1634 enim
754 1604 832 1635 dlxit
847 1628 854 1642 ,
884 1607 915 1635 et

145 1656 223 1685 sacto
243 1655 405 1685 simulavit
428 1665 460 1685 se
482 1665 548 1686 esse
567 1656 661 1687 Emu.
690 1657 852 1694 Quantum
875 1658 914 1688 ad

145 1708 194 1745 id,
211 1708 293 1747 quod
309 1708 387 1738 dixit
403 1709 499 1739 verbo
512 1733 519 1745 ,
543 1712 724 1748 excusatur,
750 1710 826 1749 quia
850 1720 914 1741 non

145 1760 325 1790 intendebat
340 1763 462 1800 patrem
477 1762 594 1799 fallere,
608 1762 661 1793 sed
677 1763 827 1801 dirigere.
844 1763 914 1794 Non

146 1812 324 1843 intendebat
339 1813 442 1844 dicere
457 1824 489 1844 se
507 1823 573 1844 esse
594 1814 676 1845 Esau
699 1817 855 1854 quantum
875 1817 914 1847 ad

148 1876 313 1906 personam
326 1891 334 1904 ,
351 1868 403 1898 sed
418 1871 574 1908 quantum
591 1869 628 1899 ad
644 1869 832 1908 dignitatem
848 1871 913 1909 pri-

147 1920 357 1959 mogenituiae
372 1923 402 1951 et
426 1922 668 1959 benedictionis,
692 1931 790 1961 quam
812 1922 870 1952 sibi
896 1932 915 1953 a

148 1972 208 2002 Deo
224 1973 446 2003 vindicaverat.
466 1973 501 2003 Et
517 1974 588 2012 hoc,
606 1975 749 2013 inquam,
766 1984 830 2005 non
846 1985 915 2015 pro-

146 2026 213 2065 pria
227 2027 410 2056 auctoritate
421 2050 428 2063 ,
445 2027 498 2056 sed
514 2027 624 2056 matris
639 2027 782 2066 imperio,
801 2030 831 2058 et
848 2028 915 2068 Spi-

144 2078 224 2107 ritus
255 2079 353 2108 sancti
384 2079 521 2117 consilio,
536 2080 666 2109 dicebat.
695 2079 755 2116 Qui
782 2080 913 2120 quidem

145 2131 279 2169 Spiritus
302 2133 428 2161 sanctus
443 2132 475 2161 in
493 2141 557 2162 uno
584 2134 614 2162 et
629 2132 739 2163 eodem
757 2134 913 2165 vocabulo

145 2184 351 2223 multiplicem
367 2184 460 2215 babet
478 2185 731 2224 intelligentiam.
750 2186 912 2222 Quantum

145 2236 239 2266 eliam
254 2237 292 2266 ad
308 2237 337 2267 id
359 2237 443 2276 quod
468 2238 558 2276 fecit,
583 2238 662 2268 facto
678 2239 856 2270 simulando
882 2250 913 2271 se

145 2298 211 2319 6556
237 2288 337 2326 Esau,
367 2299 431 2319 non
457 2291 611 2329 peccavit,
640 2291 716 2330 quia
738 2294 913 2325 secundum

145 2342 348 2371 Ambrosium
371 2342 489 2372 factum
508 2343 585 2373 illud
604 2344 745 2382 figuram
762 2345 913 2384 praefere-

145 2394 196 2424 bat
211 2394 402 2424 futurorum.
427 2394 513 2425 Unde
529 2399 655 2435 propter
680 2398 913 2436 praefiguratio-

179 2475 182 2486 ¹
204 2475 316 2502 ,ξηαπ-1.,
336 2475 399 2496 mal.
418 2474 540 2503 Μνηψιικ,
556 2483 576 2497 ν.

146 2509 154 2523 ⁸
170 2510 238 2536 tien„
258 2511 367 2537 xxv,;2'1,

599 2482 622 2505 x,
644 2483 669 2500 n.
686 2479 722 2500 ΞΗ.
738 2491 766 2493 -
782 2479 790 2494 ²
806 2477 868 2501 [bid.
883 2492 913 2496 —

1679 161 1733 190 181

970 234 1043 256 nem
1059 227 1090 256 et
1104 228 1223 255 rectam
1238 225 1447 256 intentionem
1459 250 1468 263 ,
1492 235 1565 266 quae
1583 226 1740 266 dirigeba-

970 280 1023 308 tur
1037 278 1212 309 secundum
1227 278 1365 318 Spiritus
1376 279 1475 309 sancti
1487 279 1737 319 inspirationem,

970 329 1044 359 dicit
1080 329 1283 367 Augustinus
1295 330 1306 345 ²
1331 329 1425 359 Jacob
1451 338 1515 359 non
1546 331 1740 361 commisisse

971 382 1184 419 mendacium,
1199 382 1253 412 scd
1267 382 1414 421 implesse
1429 383 1630 422 mysterium,
1644 384 1741 422 juxta

971 435 1141 475 Scripturae
1164 435 1401 473 testimonium,
1428 435 1513 474 quod
1537 435 1611 465 dicit
1630 438 1640 454 ⁸
1665 445 1739 466 eum

972 490 1078 520 virum
1093 489 1266 529 simplicem
1278 513 1287 527 ,
1304 491 1334 519 et
1350 497 1413 519 non
1427 489 1584 519 dolosum.

1011 543 1059 573 Ad
1070 542 1148 573 illud
1158 542 1241 582 quod
1258 542 1360 582 primo
1375 541 1533 581 objicitur,
1546 541 1631 581 quod
1644 541 1739 572 Jacob

971 598 1092 635 patrem
1112 605 1206 626 suum
1228 594 1409 626 intendebat
1429 594 1589 634 decipere,
1606 602 1741 633 respon-

971 650 1110 680 dendum
1124 651 1171 680 est
1191 658 1247 688 per
1261 648 1539 688 interemptionem
1551 671 1560 686 ,
1582 647 1666 687 quod
1682 648 1742 678 fal-

971 712 1043 733 sum
1060 705 1122 740 est,
1146 703 1226 733 sicut
1246 702 1333 742 prius
1349 703 1468 732 tactum
1491 702 1537 732 est
1553 710 1559 730 :
1577 701 1654 740 quia
1674 709 1741 731 non

972 756 1151 787 intendebat
1168 755 1271 786 dicere
1287 764 1320 785 se
1341 763 1408 785 esse
1430 754 1512 785 Esau
1531 755 1687 793 quantum
1702 755 1742 785 ad

972 810 1194 849 proprietatem
1221 817 1364 848 personae
1379 832 1388 846 ‚
1419 808 1473 838 sed
1509 809 1665 847 quantum
1703 807 1741 837 ad

971 863 1193 902 proprietatem
1225 861 1449 892 benedictionis
1476 863 1507 891 et
1536 860 1741 900 primogeni-

972 918 1063 946 turae.

1011 969 1059 1000 Ad
1082 969 1159 1000 illud
1182 969 1267 1009 quod
1296 968 1463 1008 objicitur,
1496 966 1582 1006 quod
1606 966 1742 1006 Spiritus

971 1024 1097 1053 sanctus
1113 1031 1177 1053 non
1192 1023 1292 1062 potest
1306 1022 1488 1061 dispensare
1503 1020 1541 1050 de
1555 1019 1719 1050 mendacio
1730 1043 1737 1057 ,

971 1076 1054 1115 quod
1066 1084 1131 1106 non
1144 1075 1183 1105 sit
1198 1076 1360 1114 peccatum
1373 1074 1406 1104 in
1419 1073 1571 1113 Spiritum
1582 1074 1738 1110 sanctum,

970 1128 1137 1159 dicendum
1152 1128 1236 1167 quod
1252 1127 1330 1158 illud
1340 1127 1506 1158 veritatem
1516 1126 1622 1164 habet,
1643 1134 1741 1165 quan-

970 1182 1010 1211 do
1034 1181 1235 1212 mendacium
1250 1190 1325 1212 vere
1346 1182 1376 1210 et
1398 1180 1524 1220 proprie
1539 1178 1741 1210 mendacium

970 1236 1016 1264 est
1034 1245 1040 1265 ι
1059 1234 1112 1264 sed
1126 1234 1187 1264 hoc
1202 1233 1294 1264 modo
1309 1232 1403 1264 Jacob
1419 1233 1557 1263 mendax
1578 1241 1642 1263 non
1661 1232 1739 1269 fuit,

970 1287 1046 1326 quia
1062 1287 1209 1326 quamvis
1225 1296 1327 1317 unum
1347 1285 1573 1326 praetenderet,
1590 1285 1676 1316 aliud
1690 1286 1740 1315 ta-

971 1349 1044 1370 men
1054 1341 1282 1380 praefigurabat
1294 1350 1301 1370 ε
1314 1341 1344 1370 et
1357 1339 1493 1379 Spiritus
1507 1340 1634 1369 sanctus
1648 1338 1738 1375 illud,

969 1392 1054 1431 quod
1069 1391 1349 1431 praefigurabatur,
1365 1389 1580 1430 principaliter
1594 1389 1737 1419 intende-

969 1445 1039 1482 bat,
1056 1446 1086 1475 et
1109 1444 1247 1474 Rebecca
1265 1443 1470 1482 praecipiens,
1494 1444 1524 1472 et
1544 1442 1639 1473 Jacob
1662 1442 1736 1472 obe-

969 1497 1056 1527 diens
1073 1508 1079 1528 :
1097 1498 1189 1536 cujus
1204 1496 1335 1535 signum
1357 1497 1419 1533 est,
1435 1495 1521 1535 quod
1544 1495 1612 1535 ipse
1634 1494 1739 1533 Isaac,

969 1552 1038 1589 post
1070 1550 1320 1580 benedictionem
1346 1549 1471 1586 datam,
1501 1557 1557 1588 per
1584 1548 1739 1588 Spiritum

968 1604 1113 1634 sanctum
1140 1603 1173 1632 in
1197 1602 1308 1633 ecstasi
1334 1601 1492 1633 revelatus
1511 1603 1541 1632 et
1557 1601 1741 1640 intelligens

968 1657 1150 1687 futurorum
1197 1654 1492 1695 praefigurationem
1515 1678 1523 1692 ‚
1570 1655 1739 1694 postquam

968 1710 1062 1740 etiam
1076 1709 1284 1749 deprehendit
1299 1709 1403 1748 ipsum
1418 1708 1514 1739 fuisse
1535 1707 1646 1746 Jacob,
1665 1716 1740 1738 con-

968 1763 1108 1793 firmavit
1122 1763 1210 1803 prius
1225 1763 1331 1793 datam
1346 1761 1607 1792 benedictionem.

1136 1880 1377 1914 ARTICULUS
1402 1879 1569 1913 UNICUS.

1009 1975 1057 2005 Ad
1086 1974 1330 2013 intelligentiam
1358 1974 1457 2013 huJus
1486 1972 1583 2013 partis
1607 1976 1740 2012 possunt

969 2036 1025 2058 sex
1040 2027 1179 2058 breviter
1193 2027 1308 2067 quaeri.
1332 2027 1439 2058 Primo
1455 2027 1610 2067 quaeritur
1631 2028 1740 2058 utrum

969 2080 1132 2111 essentiale
1153 2080 1191 2110 sit
1213 2080 1301 2110 omni
1324 2080 1488 2110 mendacio
1511 2089 1577 2111 esse
1599 2080 1738 2118 faisum;

968 2134 1105 2164 secundo
1122 2133 1277 2173 quaeritur
1292 2136 1402 2164 utrum
1417 2133 1583 2164 essentiale
1597 2133 1637 2163 sit
1652 2133 1741 2164 omni

968 2187 1131 2217 mendacio
1157 2196 1225 2217 esse
1253 2189 1434 2227 peccatum3
1464 2186 1557 2217 tertio
1584 2186 1739 2226 quaeritur

969 2243 1077 2271 utrum
1093 2240 1294 2271 mendacium
1308 2240 1348 2271 sit
1364 2241 1526 2280 peccatum
1541 2240 1673 2270 mortale
1690 2249 1740 2271 ra·

967 2294 1051 2324 tione
1072 2294 1122 2324 sui
1150 2293 1295 2332 generis;
1330 2294 1443 2333 quarto
1462 2317 1470 2330 ,
1498 2295 1608 2324 utrum
1644 2302 1738 2324 omne

967 2347 1168 2377 mendacium
1183 2347 1222 2377 sit
1237 2348 1400 2386 peccatum
1414 2346 1546 2377 mortale
1559 2346 1637 2377 viris
1663 2355 1735 2385 per-

966 2400 1069 2437 fectis;
1089 2399 1199 2439 quinto
1218 2400 1373 2440 quaeritur
1393 2400 1431 2430 de
1454 2408 1588 2430 numero
1604 2399 1732 2430 menda-

967 2453 1105 2490 ciorum;
1122 2454 1210 2483 sexto
1235 2455 1266 2484 et
1288 2453 1415 2491 ultimo,
1435 2452 1591 2493 quaeritur
1605 2452 1642 2483 de
1658 2460 1733 2492 gra-

967 2506 1058 2536 dibus
1073 2506 1269 2536 eorumdem.
