2017 2948
65 2303 151 2323 Dis-ism.

784 192 971 224 DISTINCT.
994 191 1124 222 XXXVI.
1690 192 1746 222 127

154 262 233 296 tiam
249 266 382 296 actuum
398 261 483 306 ipsas
497 260 634 293 virtutes
649 260 752 303 magis
768 260 820 293 vel
841 259 951 292 minus
966 259 1083 291 habere
1106 258 1236 291 dieitur.
1256 258 1364 291 Potest
1385 262 1416 291 et
1436 259 1582 302 aliquam
1603 269 1670 291 non
1685 258 1742 291 ha-

153 321 242 362 bere,
259 332 334 353 cum
350 324 458 352 tamen
473 318 572 350 simul
588 317 700 350 omnes
714 321 745 349 et
767 317 887 361 pariter
900 316 1017 348 habeat
1032 319 1193 360 quantum
1215 316 1255 348 ad
1271 316 1389 348 mentis
1403 315 1553 348 habitum
1569 316 1620 348 vel
1636 327 1743 348 essen-

153 377 233 410 tiam
247 377 415 421 cujusque.
433 376 470 408 In
485 379 559 408 actu
587 386 663 408 vero
683 375 780 407 aliam
798 375 900 417 magis
915 400 922 415 ‚
940 374 1037 406 aliam
1054 374 1163 406 minus
1178 374 1274 406 habet
1288 400 1295 415 ,
1313 374 1411 406 aliam
1426 373 1523 406 etiam
1537 384 1603 405 non
1619 373 1715 406 habet
1732 399 1740 415 ,

154 439 191 467 ut
205 435 394 478 virjustus,
410 437 505 465 utens
520 433 672 476 conjugio
686 458 693 472 ‚
711 444 776 464 uon
792 432 888 464 hahet
902 431 1135 464 continentiam
1162 431 1197 463 in
1212 435 1285 464 actu
1302 458 1308 472 ‚
1326 443 1425 475 quam
1454 435 1561 463 tamen
1588 430 1684 463 habet
1709 431 1743 463 in

152 492 277 525 habitu.
294 491 360 524 Cur
383 502 459 534 ergo
483 502 549 523 non
564 490 714 523 dicantur
728 490 819 533 paria
842 492 993 533 peccata?
1012 489 1108 522 Forte
1123 489 1201 533 quia
1219 489 1320 532 magis
1335 490 1411 521 facit
1425 493 1536 522 eontra
1554 487 1744 520 charitatem

154 549 212 593 qui
226 549 359 592 gravius
380 552 500 592 peccat,
519 548 629 580 minus
649 547 707 592 qui
730 547 836 579 levius
854 559 860 578 :
879 558 975 579 nemo
995 546 1082 578 euim
1098 551 1207 590 peccat
1229 546 1290 578 nisi
1305 546 1461 579 adversus
1476 546 1567 578 illam
1584 545 1743 586 faciendo,

153 617 227 650 quae
241 610 288 638 est
301 613 308 629 ¹
318 605 493 650 plenitudo
508 605 598 649 leqz's.
616 605 691 637 Ideo
708 608 790 637 recte
806 604 925 636 dieitur
937 611 947 626 2
964 616 970 636 :
993 604 1057 644 Qui
1071 603 1245 647 offenderit
1262 604 1297 636 in
1313 615 1388 646 uno,
1401 605 1514 648 factus
1539 609 1586 635 est
1601 603 1745 636 omnium

155 675 228 696 reus
240 690 248 702 ‚
266 663 298 696 id
314 667 371 704 est,
390 667 503 696 contra
517 662 706 695 charitatem
722 661 808 703 facit,
826 662 860 694 in
876 673 942 705 qua
958 661 1099 705 pendent
1114 662 1235 694 omnia.

200 720 282 753 Cum
299 720 364 752 sint
381 720 446 753 duo
461 724 619 764 praecepta
642 719 818 760 charitatis,
835 719 870 751 in
885 719 1005 763 quibus
1027 719 1074 760 (ut
1089 723 1305 763 praetaxatum
1321 724 1367 752 est
1379 724 1400 762 ³,
1429 725 1498 751 tota
1519 719 1571 751 lese
1579 718 1702 763 pendet
1717 725 1747 751 et

146 777 318 822 prophetae
332 782 354 818 ²,
371 777 607 810 advertendum
623 781 669 809 est
680 803 687 817 ‚
722 776 886 820 quomodo
902 776 961 808 hoc
976 776 1038 817 sit,
1054 787 1129 808 cum
1148 777 1182 808 in
1197 777 1267 819 lege
1283 781 1314 809 et
1329 776 1494 820 prophetis
1510 776 1613 808 multa
1626 776 1748 808 fuerint

155 834 395 868 caeremonialia
410 835 575 875 mandata,
593 845 666 877 quae
682 834 709 865 si
729 834 768 866 ad
789 834 955 866 charitalis
982 833 1270 867 sanctificationem
1286 834 1518 878 pertinuissent
1533 860 1540 874 ‚
1558 834 1748 866 viderentur

156 893 303 925 nondum
318 892 467 925 debuisse
481 903 615 924 cessare.
633 891 718 930 Quia
733 902 810 923 vero
826 902 891 923 non
904 891 1146 935 justificationis
1161 891 1286 934 gratia,
1311 903 1411 935 quam
1427 892 1503 923 facit
1526 891 1682 933 charitas,
1700 891 1749 923 in-

157 950 269 983 stituta
287 954 375 991 sunt,
392 949 447 982 sed
462 949 497 981 in
512 949 653 992 figuram
673 949 713 992 (a)
728 948 831 981 futuri
847 950 868 989 ⁵,
886 953 917 981 et
931 949 964 980 in
980 959 1064 980 onus
1076 951 1085 967 ⁰
1101 948 1251 992 imposita
1265 962 1272 989 3
1290 948 1374 989 ideo,
1392 949 1585 981 clarescente
1601 948 1748 989 veritate,

157 1011 364 1040 cessaverunt
390 1007 480 1039 velut
495 1006 612 1039 umbra
631 1006 688 1049 (b).
707 1006 943 1039 Verumtamen
960 1010 990 1037 et
1005 1006 1073 1049 ipsa
1088 1006 1329 1038 caeremonialia
1351 1006 1531 1038 secundum
1546 1005 1750 1049 spiritualem

157 1065 372 1105 intellectum,
398 1075 496 1107 quem
511 1063 690 1105 continent,
711 1068 741 1096 et
757 1063 867 1096 omnia
881 1063 1015 1096 moralia
1027 1063 1065 1095 ad
1081 1063 1270 1096 charitatem
1282 1063 1750 1096 referuntur.Pertinentenim

159 1122 269 1155 omnia
283 1122 323 1154 ad
338 1122 447 1154 decem
464 1121 617 1154 mandata
631 1121 665 1153 iu
682 1121 801 1153 tabulis
816 1121 933 1165 scripta
948 1147 954 1162 ,
972 1121 1028 1153 ubi
1045 1121 1195 1153 omnium
1211 1133 1340 1154 summa
1355 1121 1600 1166 perstringitur,
1617 1132 1656 1153 ex
1677 1121 1751 1165 qui-

158 1180 220 1212 bus
233 1184 346 1212 caetera
361 1183 526 1220 emanant,
543 1179 626 1211 sicut
640 1179 674 1211 in
690 1190 837 1211 sermone
851 1179 982 1211 Domini
998 1179 1007 1194 ⁷
1030 1183 1100 1211 octo
1118 1179 1256 1211 virtutes
1270 1179 1527 1223 praemittuntur,
1544 1179 1583 1211 ad
1600 1189 1682 1222 quas
1698 1189 1758 1211 cae-

166 1242 231 1270 tera
245 1237 444 1269 referuntur.
455 1237 494 1269 Et
508 1236 590 1268 sicut
605 1236 645 1268 ad
660 1236 769 1268 decem
786 1236 938 1268 mandata
953 1236 1099 1278 decalogi
1115 1240 1228 1269 caetera
1243 1237 1443 1277 referuntur,
1458 1237 1503 1269 ita
1517 1240 1548 1269 et
1563 1236 1632 1280 ipsa
1647 1236 1757 1268 decom

157 1295 197 1327 ad
213 1295 278 1327 duo
297 1294 449 1327 mandata
463 1294 628 1326 charitatis
643 1293 842 1337 pertinent&
861 1294 971 1326 omnia
985 1305 1062 1336 ergo
1085 1293 1125 1326 ad
1140 1294 1205 1326 duo
1222 1294 1375 1326 mandata
1390 1294 1556 1326 charitatis
1575 1294 1749 1337 pertinent,

158 1352 237 1396 quia
259 1363 315 1396 per
336 1351 526 1384 charitatem
548 1351 751 1395 implentur,
774 1355 804 1382 et
828 1351 867 1383 ad
889 1351 1082 1383 charitalem
1107 1355 1260 1395 tanquam
1286 1351 1325 1383 ad
1352 1351 1451 1383 finem
1478 1351 1591 1383 referri
1619 1350 1748 1383 dehent.

158 1409 251 1442 Unde
266 1409 471 1452 Augustinus
486 1414 518 1440 ³:
544 1408 689 1440 «Totam
712 1408 971 1450 magnitudinem
1001 1414 1032 1441 elv
1050 1409 1303 1452 amplitudinem
1325 1409 1514 1441 divinorum
1544 1408 1752 1452 eloquiorum

158 1466 299 1510 possidet
313 1466 463 1506 charitas,
482 1477 548 1509 qua
565 1465 667 1497 Deum
685 1466 940 1509 [11-01111111111111111Ι
955 1465 1137 1508 diligimus,
1152 1477 1227 1509 quae
1241 1466 1334 1498 radix
1351 1470 1397 1498 est
1412 1466 1561 1498 omnium
1576 1466 1750 1498 bonorum.

158 1523 251 1556 Unde
274 1523 402 1556 Veritas
427 1523 471 1555 ait
491 1527 512 1544 ¹⁰
530 1534 537 1554 ε
563 1524 604 1554 In
630 1521 752 1554 duobus
768 1522 939 1555 mandatis
957 1523 1107 1555 universa
1132 1524 1184 1556 lese
1209 1523 1325 1566 pendet
1350 1529 1380 1555 et
1399 1524 1578 1567 proplietce.
1616 1523 1651 1555 Si
1677 1534 1753 1565 ergo

158 1592 225 1614 non
236 1584 329 1613 vacat
343 1591 455 1612 omnes
470 1579 605 1623 paginas
620 1584 744 1612 sanctas
760 1582 967 1624 perscrutari,
984 1582 1095 1614 onmia
1110 1581 1281 1614 involucra
1295 1592 1484 1614 sermonum
1499 1582 1662 1622 evolvere,
1680 1585 1753 1613 tene

158 1638 350 1670 charitatem
364 1637 421 1670 ubi
437 1637 578 1681 pendent
593 1638 706 1670 omnia
723 1649 730 1670 ε
749 1638 827 1682 quia
842 1639 994 1682 perfectio
1010 1643 1057 1671 est
1079 1643 1110 1671 et
1132 1639 1208 1671 finis
1223 1639 1384 1672 omnium.
1399 1639 1491 1671 Tunc
1509 1639 1596 1671 euim
1619 1643 1650 1670 et
1672 1649 1755 1682 prae-

164 1700 256 1740 cepta
279 1701 310 1728 et
324 1695 460 1728 consilia
476 1699 560 1727 recte
575 1695 678 1736 fiunt,
695 1706 769 1727 cum
785 1696 952 1728 referuntu
960 1708 974 1728 r
989 1696 1028 1728 ad
1042 1696 1247 1739 diligendum
1264 1697 1368 1729 Deum
1384 1723 1391 1736 ,
1409 1701 1439 1729 et
1455 1696 1642 1740 proximum
1658 1707 1754 1740 prop-

162 1757 212 1786 ter
227 1753 344 1785 Deum.
362 1766 378 1784 »
398 1752 492 1791 Quod
508 1763 585 1784 vero
602 1753 716 1785 timore
732 1764 846 1796 poenae,
863 1754 914 1785 vel
930 1754 1038 1797 aliqua
1056 1754 1236 1786 intentione
1251 1754 1375 1786 carnali
1391 1754 1444 1795 fit,
1462 1758 1498 1787 ut
1513 1765 1577 1786 11011
1593 1754 1753 1786 referatur

161 1810 201 1843 ad
217 1810 420 1850 charitatem,
438 1809 585 1842 nondum
601 1809 637 1841 fit
653 1810 736 1843 sicut
752 1810 824 1842 fieri
838 1815 979 1854 oportet,
997 1812 1146 1856 quamvis
1162 1812 1231 1844 fieri
1246 1812 1406 1844 videatur.
1427 1825 1443 1842 «
1454 1812 1609 1843 Inimicus
1624 1811 1711 1843 enim
1728 1812 1745 1830 ¹¹

162 1867 296 1911 justitiae
312 1872 370 1910 est,
387 1867 445 1911 qui
459 1878 563 1911 poenae
577 1867 693 1900 timore
708 1879 774 1900 non
790 1872 897 1912 peccat
911 1881 917 1908 ;
937 1869 1060 1900 amicus
1074 1869 1308 1912 verojustitiae,
1325 1870 1383 1912 qui
1398 1869 1467 1912 ejus
1478 1880 1587 1901 amore
1602 1880 1669 1901 non
1684 1879 1756 1912 pec·-

162 1929 224 1958 cat.
242 1924 399 1958 Omnium
415 1935 492 1967 ergo
508 1925 530 1944 ¹²
540 1924 607 1957 haec
620 1936 747 1957 summa
763 1929 823 1966 est,
840 1930 877 1957 ut
892 1926 1095 1968 intelligatur
1110 1926 1190 1969 legis
1206 1931 1236 1959 et
1251 1926 1400 1958 omnium
1415 1925 1604 1959 divinarum
1619 1926 1756 1970 scriptu-

168 1994 280 2016 rarum
295 1981 466 2027 plenitudo
483 1992 549 2014 esse
563 1981 693 2014 dilectio
708 1981 766 2014 Dei
781 1986 812 2014 et
828 1983 980 2026 proximi.
998 1997 1013 2014 >›

353 2119 557 2151 EXPOSITIO
579 2119 742 2151 TEXTUS.

991 2123 1234 2154 connexionem.
1253 2122 1359 2153 Prima
1373 2124 1461 2161 parte
1475 2122 1693 2160 determinata,
1712 2122 1757 2152 in-

992 2176 1067 2215 cipit
1082 2176 1229 2207 secunda.
1249 2175 1385 2205 Intendit
1401 2175 1501 2214 igitur
1516 2175 1666 2214 Magister
1680 2176 1765 2215 prin—

267 2198 337 2223 Solet
354 2198 429 2223 etiam
446 2199 540 2230 qumri,
556 2201 640 2223 utrum
655 2199 777 2228 virtutes,
793 2201 841 2223 etc.
1595 2218 1598 2224 f

992 2229 1134 2268 cipuliter
1149 2229 1180 2258 in
1195 2228 1254 2258 hac
1269 2228 1421 2268 particula
1434 2237 1529 2267 agere
1544 2228 1581 2258 de
1597 2229 1764 2259 habituum

208 2281 283 2312 Pars
296 2282 371 2318 ista,
390 2283 421 2312 111
436 2291 500 2322 qua
520 2282 669 2321 Magister
683 2282 753 2321 agit
767 2282 804 2312 ‹le
820 2282 937 2313 habiti-

169 2336 228 2365 bus
242 2334 391 2373 gratuitis
406 2335 581 2365 secundum
597 2344 677 2374 quos
693 2335 847 2365 habemus
862 2345 937 2366 con-

169 2387 297 2418 minari
317 2386 456 2423 Christo,
479 2387 578 2418 divisa
597 2388 656 2417 fuit
670 2388 702 2417 iu
718 2391 821 2427 partes
838 2388 916 2418 duas
928 2412 935 2422 ‚

168 2441 201 2470 111
222 2448 359 2480 quarum
381 2439 485 2478 prima
505 2440 572 2478 agit
591 2440 629 2471 de
650 2440 698 2470 his
719 2443 876 2480 quantum
900 2441 939 2472 ad

167 2493 418 2529 distinctionem
436 2492 469 2522 in
484 2493 621 2523 secunda
636 2502 710 2523 vero
729 2496 885 2533 quantum
901 2494 937 2524 ad

203 2557 208 2572 ¹
224 2556 301 2584 Rom„
316 2560 373 2585 1111,
392 2557 427 2578 10.
439 2566 468 2571 —
482 2555 563 2584 Mac„
576 2560 604 2584 11,
620 2557 657 2579 10.
670 2569 699 2572 -
713 2556 723 2572 ³
734 2556 796 2580 Dis-t.
812 2562 894 2580 xxvn.
911 2570 940 2574 —

169 2592 179 2608 ὁ
190 2591 291 2622 Mami„
306 2596 369 2621 xxii,
384 2591 478 2614 *lust-⁸
492 2590 596 2618 Coloss„
611 2596 639 2619 11,
655 2591 691 2614 ¹7.
706 2604 736 2608 —
749 2592 884 2622 ⁶Act.‚xV,
903 2593 940 2621 10,

170 2628 208 2651 28.
218 2627 264 2644 -ἵ
274 2626 358 2656 Helm,
369 2631 395 2655 x,
410 2628 432 2656 ¹,
444 2627 466 2650 9.
477 2625 631 2655 —⁸Mam1.,
645 2631 669 2656 v,
678 2627 691 2649 3
701 2628 726 2649 et
738 2633 791 2657 seq.
803 2640 830 2644 —-
840 2628 851 2643 ⁹
864 2628 941 2655 Rom„

170 2667 228 2692 ¹111,
239 2664 261 2685 9.
274 2674 303 2678 —-—
316 2662 414 2691 '⁰Aug.,
423 2660 452 2684 cle
462 2661 557 2686 laudib.
568 2661 671 2691 clcaa*1l.;
681 2661 793 2692 anchir„
803 2670 825 2686 c.
835 2668 905 2693 (LXXI,
914 2669 939 2686 u.

994 2282 1207 2320 gratuitorum
1218 2282 1429 2319 co*inexi0ne;
1442 2284 1472 2312 et
1482 2282 1634 2321 quoniam
1645 2282 1683 2312 ad
1694 2291 1766 2312 con-

996 2334 1164 2364 nexionem
1184 2334 1327 2374 sequitur
1347 2335 1508 2374 {equalitas
1530 2335 1561 2364 in
1582 2335 1693 2365 merito
1706 2345 1712 2371 ;
1735 2336 1766 2365 et

994 2388 1146 2426 quoniam
1167 2388 1331 2427 aequalitas
1353 2397 1426 2417 cum
1444 2388 1639 2418 connexione
1658 2389 1763 2417 ortum

995 2440 1090 2470 habet
1099 2449 1140 2470 ex
1151 2449 1214 2470 uno
1226 2439 1390 2479 principio,
1407 2449 1447 2470 ex
1458 2440 1517 2470 hoc
1527 2440 1670 2471 videlicet
1680 2440 1765 2480 quod

996 2494 1025 2523 vi
1032 2496 1128 2524 rtutes
1137 2502 1248 2523 omues
1256 2493 1398 2532 ligantur
1407 2496 1437 2523 et
1448 2493 1659 2523 informantur
1668 2502 1687 2523 a
1696 2493 1767 2523 cha-

997 2584 1069 2606 ¹52.—
1080 2583 1093 2595 ¹¹
1109 2581 1155 2611 ld„
1166 2581 1245 2610 1511111.
1258 2584 1344 2609 (;1;1,1ν,
1354 2579 1385 2602 al.
1398 2584 1457 2608 cxv,
1467 2585 1491 2601 11.
1502 2581 1561 2602 4.-
1573 2582 1588 2593 ¹³
1600 2580 1646 2610 fij„
1657 2579 1686 2603 (le
1698 2580 1766 2605 Docp·

997 2618 1095 2645 olimst„
1111 2617 1152 2639 lib.
1171 2617 1225 2643 1,‹;.
1243 2616 1409 2645 xx'xv‚11..''0.

1029 2661 1061 2689 (α)
1073 2659 1141 2682 Etlec.
1157 2658 1212 2680 Vra.
1225 2659 1345 2686 liguriu—
1356 2655 1389 2684 (b)
1398 2656 1483 2686 Vulg„
1493 2656 1605 2680 umbram
1614 2659 1769 2694 futurorum.
