2017 2948
97 1653 200 1674 Asscrunt

103 1685 189 1710 quidum

108 1716 187 1736 dictum

109 1752 184 1772 pani-ni

97 1775 186 1795 transire

96 1806 117 1826 in
125 1812 202 1832 corpus

106 1837 192 1858 Christi.

97 1939 190 1960 Haeresis

102 1970 197 1991 Luthcri.

107 2115 205 2136 Confuta-

100 2147 129 2167 tio
149 2152 206 2166 erro·

98 2184 133 2198 1111.

200 135 258 164 476
758 106 1064 165 SENTENrIARIJtt
1089 134 1162 166 LlB.
1184 135 1234 166 lv.

200 200 278 244 quia
302 211 368 233 non
392 211 429 233 ea
450 201 574 233 ratione
595 201 715 234 dicitur
738 212 855 245 corpus
877 200 995 233 Christi
1017 202 1132 234 confici
1158 203 1256 236 verbo
1277 204 1397 236 coelesti
1411 230 1419 245 ‚
1436 204 1524 248 quod
1548 205 1656 250 ipsum
1671 217 1788 251 corpus

200 257 235 290 in
250 261 407 302 conceptu
422 257 569 301 Virginis
590 258 766 291 formatum
781 258 933 303 deinceps
948 259 1109 292 formetur
1116 272 1124 301 ;
1141 260 1194 293 sed
1215 261 1292 305 quia
1315 262 1495 294 substantia
1517 263 1610 307 panis
1628 264 1680 296 vel
1695 264 1765 297 vini
1778 290 1786 306 ,

202 326 276 360 quae
292 319 367 348 ante
382 326 448 348 non
466 315 571 348 fuerat
589 328 705 360 corpus
719 315 837 348 Christi
855 316 905 348 νο]
927 317 1060 359 sanguis
1073 343 1081 359 ,
1098 318 1195 351 verbo
1215 319 1335 351 coelesti
1355 319 1391 351 fit
1410 330 1527 364 corpus
1542 325 1572 352 et
1587 321 1732 364 sanguis.
1751 321 1790 354 Et

201 372 274 406 ideo
289 373 468 406 sacerdotes
486 373 640 406 dicuntur
655 369 812 405 conticere
827 384 944 418 corpus
961 375 1079 407 Christi
1100 380 1130 408 ct
1146 377 1339 417 sanguinem
1353 402 1360 417 ,
1376 377 1453 421 quia
1475 388 1588 410 eorum
1610 378 1790 411 ministerio

202 430 381 463 substantia
396 431 487 475 panis
503 432 540 463 fit
554 442 627 463 caro
640 457 647 471 ,
664 435 695 462 et
709 431 891 464 substantia
916 431 985 464 vini
1006 432 1043 464 fit
1058 434 1190 475 sanguis
1206 433 1344 475 Christi;
1362 445 1419 466 nec
1436 438 1543 467 tamen
1558 435 1683 480 aliquid
1701 434 1791 469 addi-

202 492 257 521 tur
272 488 398 533 corpori
415 489 465 521 vel
481 488 633 530 sanguini
649 514 657 529 ‚
674 499 733 520 nec
748 493 888 530 augetur
904 500 1022 534 corpus
1037 490 1156 523 Christi
1172 516 1180 531 ,
1197 491 1246 523 vel
1264 492 1409 533 sanguis.
1623 526 1626 527 γ

248 544 283 578 Si
307 556 384 578 vero
407 546 528 590 quaeris
552 546 686 578 modum
700 572 708 587 ,
733 558 800 590 quo
822 546 854 578 id
880 546 950 579 lieri
975 548 1096 591 possit,
1118 549 1259 581 breviter
1284 550 1486 593 respondeo:
1506 550 1699 595 Mysterium
1716 550 1791 584 fidei

203 602 290 636 credi
313 603 487 635 salubriter
510 607 632 647 potest,
656 604 846 646 investigari
869 605 1045 637 salubriter
1068 617 1133 638 non
1155 610 1258 650 potest
1281 612 1301 639 ¹.
1321 606 1414 645 Quod
1436 608 1521 651 ergo}
1535 619 1652 652 corpus
1674 608 1794 641 Christi

203 661 296 705 panis
308 661 487 693 mutatione
503 661 536 693 111
553 661 584 693 id
601 672 665 695 non
681 666 926 705 augmentatur,
940 674 995 696 nee
1011 664 1145 706 sanguis
1161 676 1200 697 ex
1217 665 1283 697 vini
1299 665 1530 707 conversione,
1545 666 1616 709 ejus
1632 666 1795 699 voluntati

204 723 234 751 et
251 718 399 762 potentiae
415 718 633 760 adscribatur,
651 720 707 763 qui
724 720 809 752 1110111
825 731 941 764 corpus
956 721 995 753 de
1015 722 1148 764 Virgine
1166 722 1279 755 eduxit
1297 735 1304 754 ε
1323 722 1359 754 fit
1376 734 1452 765 ergo
1469 723 1649 756 substantia
1664 723 1721 756 illa
1735 723 1797 757 ista

205 776 273 808 sine
295 776 367 820 ejus
391 781 578 817 augmenta
596 776 660 809 Noe
684 781 792 809 tamen
815 778 996 811 concedunt
1020 779 1153 823 quidam
1167 806 1174 820 ,
1191 780 1279 823 quod
1305 780 1487 813 substantia
1510 781 1603 825 panis
1617 781 1796 825 aliquando

205 834 246 866 sit
259 845 333 867 caro
349 834 488 875 Christi,
507 834 564 866 etsi
589 834 647 866 fiat
669 845 743 867 caro
767 835 912 868 Christi:
931 837 1014 869 sicut
1038 837 1144 870 larino.
1168 838 1251 870 facta
1275 843 1321 870 cst
1344 838 1457 882 panis,
1481 843 1511 871 et
1535 850 1620 883 aqua
1643 839 1727 872 facta
1751 843 1798 873 est

206 892 343 933 vinum;
361 903 418 924 nec
441 896 549 925 tamen
572 892 691 925 dicitur
708 905 714 925 :
732 893 850 926 Farina
866 898 913 926 est
927 895 1019 938 panis
1034 921 1041 935 ‚
1061 899 1092 927 et
1113 907 1199 939 aqua
1219 900 1265 928 est
1281 895 1407 928 vinum.
1426 896 1493 928 Alii
1516 907 1592 928 vero
1617 897 1799 929 concedunt

205 949 288 982 illud
313 949 401 994 quod
426 954 493 982 erat
509 950 601 994 panis
617 951 668 982 vel
686 951 797 983 vinum
813 978 819 992 ,
840 955 911 996 post
932 953 1206 985 consecrationem
1231 964 1298 985 esse
1322 964 1439 998 corpus
1455 958 1485 986 et
1500 954 1714 996 sanguinem
1732 965 1799 987 non

208 1013 316 1040 tamen
337 1008 485 1052 sequitur
504 1021 510 1040 :
529 1008 626 1040 Panis
650 1013 696 1041 051
721 1020 794 1041 caro
817 1009 955 1051 Christi,
972 1011 1022 1042 vel
1038 1011 1153 1042 vinum
1179 1015 1225 1043 est
1246 1011 1400 1053 sanguis;
1417 1011 1496 1056 quia
1510 1011 1693 1044 substantia
1707 1012 1800 1056 panis

208 1065 258 1098 vel
276 1065 342 1097 vini
354 1091 362 1106 ,
380 1069 552 1109 postquam
570 1066 654 1098 facta
675 1070 721 1098 est
735 1078 807 1099 caro
824 1067 943 1100 Christi
958 1068 1009 1100 vel
1034 1068 1182 1111 sanguis,
1201 1079 1266 1101 non
1287 1073 1333 1100 est
1348 1069 1529 1101 substantia
1543 1069 1635 1113 panis
1649 1069 1700 1103 vel
1716 1069 1798 1112 vini,

209 1123 264 1156 sed
283 1134 357 1155 caro
382 1127 411 1155 et
434 1123 578 1166 sanguis.
594 1123 669 1156 Ideo
690 1124 960 1167 distinguendum
978 1126 1128 1166 videtur,
1148 1138 1222 1158 eum
1245 1126 1364 1158 dicitur
1381 1138 1388 1158 .·
1406 1125 1596 1158 Substantia
1614 1126 1723 1170 panis,
1747 1127 1800 1160 vel

210 1181 241 1213 id
257 1181 343 1224 quod
360 1184 428 1212 erat
441 1181 548 1224 panis,
568 1181 662 1213 modo
675 1185 722 1214 est
735 1193 853 1226 corpus
868 1182 1000 1215 Christi.
1020 1183 1155 1215 Manens
1172 1183 1259 1215 enim
1275 1184 1367 1227 panis
1383 1195 1449 1215 non
1465 1188 1511 1215 est
1532 1195 1649 1228 corpus
1662 1183 1798 1226 Christi;

209 1238 263 1271 sed
279 1238 459 1271 substantia
475 1243 615 1279 imitata,
633 1239 664 1271 id
691 1243 759 1280 est,
778 1240 808 1271 id
831 1240 920 1283 quod
943 1240 1027 1273 facta
1041 1245 1104 1282 est,
1121 1245 1168 1273 est
1191 1252 1308 1284 corpus
1328 1240 1458 1272 Christi.
1476 1240 1541 1273 Nec
1565 1241 1704 1274 dicimus
1725 1241 1802 1274 sub—

210 1296 361 1328 stantiam
377 1296 470 1340 panis
484 1297 536 1329 vel
557 1297 625 1328 vini
646 1297 814 1329 materiam
839 1310 906 1330 esse
925 1298 1068 1342 eorporis
1093 1298 1144 1331 vel
1160 1298 1330 1341 sanguinis
1346 1298 1477 1330 Domini
1491 1323 1499 1339 ‚
1516 1298 1594 1341 quia
1608 1309 1675 1330 non
1689 1298 1728 1331 de
1744 1310 1781 1331 ea
1792 1325 1800 1340 ,

211 1358 248 1386 ut
271 1353 310 1386 de
336 1354 487 1394 materia,
505 1354 827 1399 formaturcorpus3
853 1356 907 1388 sed
931 1356 1000 1400 ipsa
1026 1356 1189 1388 formatur
1213 1356 1247 1388 in
1273 1355 1376 1393 illud,
1394 1359 1424 1387 et
1440 1354 1580 1388 efficitur
1595 1355 1690 1388 illud.
1707 1355 1802 1390 Unde

212 1412 464 1454 Augustinus2:
486 1412 642 1457 «Corpus
666 1413 785 1446 Christi
810 1413 949 1445 dicimus
972 1413 1076 1455 illud,
1093 1414 1181 1457 quod
1207 1425 1247 1446 ex
1270 1414 1430 1446 tractibus
1454 1418 1548 1447 terrae
1567 1418 1732 1458 acceptum
1747 1439 1756 1455 ,
1773 1418 1804 1447 ct

212 1481 304 1513 prece
321 1470 455 1514 mystica
476 1475 696 1503 consecratum
718 1471 880 1503 sumimus
901 1471 935 1503 in
958 1471 1148 1504 memoriam
1168 1471 1347 1504 Dominicae
1361 1471 1530 1516 passionis.
1548 1471 1642 1510 Quod
1657 1482 1731 1504 cum
1747 1481 1804 1515 per

214 1538 330 1560 manus
346 1527 488 1560 hominis
511 1528 551 1561 ad
575 1528 665 1561 illam
692 1529 854 1561 visibilem
877 1529 1014 1573 speciem
1039 1529 1252 1573 perducatur,
1280 1541 1345 1561 non
1369 1529 1591 1561 sanctificatur
1616 1533 1651 1561 ut
1675 1528 1716 1561 sit
1740 1532 1804 1561 tam

213 1585 352 1628 dignum
367 1589 604 1618 sacramentum
617 1613 626 1625 ,
644 1586 707 1618 nisi
725 1589 878 1630 operante
893 1586 1104 1619 invisibiliter
1119 1587 1235 1630 spiritu
1254 1587 1323 1619 Dei.
1342 1600 1358 1617 »

259 1643 400 1682 Quidam
420 1655 496 1676 vero
511 1644 555 1676 sic
572 1644 685 1676 dicunt
700 1645 943 1677 convezsionem
960 1644 1051 1677 illam
1068 1656 1135 1676 esse
1150 1644 1415 1687 intelligendam,
1431 1648 1467 1676 nt
1489 1644 1549 1676 sub
1574 1644 1639 1676 illis
1661 1643 1807 1676 acciden-

217 1701 320 1742 tibus,
339 1700 399 1733 sub
415 1701 535 1745 quihus
551 1705 619 1734 erat
634 1702 681 1746 pri
689 1713 725 1734 us
741 1702 921 1734 substantia
936 1702 1029 1746 panis
1044 1702 1156 1734 etvini
1172 1728 1180 1743 ‚
1196 1707 1265 1745 post
1282 1702 1554 1734 consecrationem
1569 1702 1611 1734 sit
1624 1700 1805 1734 substantia

217 1759 360 1803 corporis
374 1763 404 1791 et
419 1759 588 1802 sanguinis
604 1772 611 1800 3
629 1760 672 1791 sic
688 1764 816 1801 tamen,
836 1764 872 1792 ut
894 1771 960 1792 non
985 1760 1030 1792 eis
1050 1760 1222 1792 afficiatur.
1241 1760 1281 1792 Et
1300 1760 1344 1792 sie
1369 1763 1518 1792 asserunt
1541 1759 1664 1791 dictum
1689 1768 1805 1802 panem

217 1817 355 1850 transire
370 1817 403 1848 in
419 1828 536 1860 corpus
550 1817 690 1858 Christi,
708 1817 786 1861 quia
809 1817 864 1850 ubi
888 1822 956 1849 erat
976 1818 1069 1862 panis
1083 1843 1090 1857 ‚
1117 1829 1204 1850 1111110
1229 1822 1275 1849 est
1298 1828 1414 1861 eorpus
1433 1817 1564 1849 Christi.
1589 1815 1683 1855 Quod
1697 1815 1724 1848 si
1739 1819 1804 1856 est,

218 1875 294 1918 quid
325 1885 402 1917 ergo
432 1874 470 1906 fit
494 1874 532 1907 de
554 1875 733 1907 substantia
760 1875 851 1919 panis
874 1879 905 1907 et
933 1875 1025 1907 vini‘?
1041 1875 1094 1907 Illi
1115 1875 1228 1907 dicunt
1251 1875 1303 1907 vel
1328 1875 1362 1907 in
1389 1875 1613 1919 praejacentem
1637 1872 1806 1906 materiam

219 1932 357 1972 resolvi,
375 1932 425 1964 vel
441 1932 475 1964 in
497 1932 640 1964 nihilum
662 1933 777 1975 redigi.
806 1933 871 1964 Alii
895 1944 969 1965 vero
995 1937 1195 1977 putaverunt
1216 1933 1261 1965 ibi
1286 1932 1500 1965 substantiam
1523 1931 1615 1976 panis
1628 1934 1659 1963 et
1674 1929 1743 1962 vini
1759 1940 1809 1962 re-

221 2000 351 2021 manere
365 2015 373 2030 ,
390 1993 421 2021 et
437 1989 556 2022 ibidem
573 2001 689 2034 corpus
704 1990 824 2023 Christi
839 2002 906 2023 esse
921 1995 951 2023 et
965 1991 1179 2033 sanguinem
1195 1995 1226 2023 et
1240 1991 1299 2023 hac
1314 1991 1439 2022 ratione
1463 1990 1526 2022 (1101
1545 1989 1636 2021 illam
1660 1987 1808 2020 substan-

220 2046 296 2078 tiam
314 2047 385 2078 fieri
401 2046 495 2079 istam
511 2073 518 2088 ,
536 2048 613 2091 quia
628 2048 685 2080 ubi
701 2052 747 2080 est
763 2048 840 2088 haee,
858 2052 888 2080 et
903 2048 960 2080 illa
974 2074 981 2088 ‚
997 2048 1083 2092 quod
1106 2049 1228 2080 mirum
1244 2052 1351 2089 est3et
1366 2048 1467 2092 ipsam
1482 2045 1695 2079 substantiam
1716 2043 1809 2088 panis

222 2104 272 2136 vel
288 2104 359 2137 vini
373 2104 486 2137 dicunt
503 2116 569 2137 esse
585 2110 836 2138 sacramentum.
853 2106 916 2138 Sed
931 2106 1018 2150 quod
1042 2117 1107 2138 non
1133 2106 1173 2138 sit
1196 2106 1241 2138 ibi
1263 2105 1443 2138 substantia
1455 2131 1463 2146 ,
1479 2104 1543 2136 nisi
1558 2113 1676 2146 corpus
1690 2101 1807 2134 Christi

220 2166 251 2195 et
266 2162 399 2205 sanguis
413 2188 421 2203 ,
440 2174 477 2194 ex
495 2163 654 2207 praedictis
674 2167 705 2196 et
727 2163 865 2196 subditis
880 2167 988 2207 aperte
1004 2163 1199 2196 ostenditur.
1218 2164 1272 2195 Ait
1289 2163 1377 2195 enim
1393 2161 1586 2195 Ambrosius
1601 2160 1611 2176 ³
1628 2172 1635 2192 :
1657 2159 1807 2192 «Panem

221 2221 320 2253 istum
333 2246 341 2262 ,
358 2231 457 2264 quem
478 2221 640 2253 sumimus
658 2222 697 2263 ,in
722 2222 877 2266 mysterio
891 2247 899 2263 ,
916 2222 1011 2253 illum
1036 2221 1187 2263 intelligo
1203 2221 1335 2265 utique,
1352 2221 1409 2264 qui
1434 2230 1534 2252 manu
1552 2217 1654 2251 sancti
1669 2216 1810 2261 Spiritus

220 2278 379 2310 formatus
402 2282 448 2310 est
472 2278 506 2310 in
528 2283 620 2311 utero
644 2279 812 2322 Virginis,
830 2283 861 2311 et
882 2279 959 2321 igne
989 2278 1147 2323 passionis
1170 2278 1318 2311 decoctus
1342 2278 1375 2310 in
1397 2288 1453 2310 ara
1476 2276 1592 2309 crucis.
1609 2274 1707 2308 Panis
1722 2273 1809 2307 enim

220 2336 413 2378 angelorum
429 2335 531 2368 factus
547 2340 592 2368 est
607 2336 697 2369 cibus
721 2336 906 2369 hominum.
925 2336 1018 2369 Unde
1034 2336 1163 2370 Veritas
1177 2336 1223 2368 ait
1244 2340 1266 2368 ⁴:
1285 2337 1356 2380 qu
1371 2346 1443 2368 sum
1453 2334 1556 2379 panis
1572 2333 1662 2366 vivus
1674 2359 1684 2372 ,
1702 2331 1757 2376 qui
1770 2328 1810 2362 de

222 2394 300 2426 coelo
314 2392 476 2426 descendi.
493 2393 534 2425 Et
548 2394 667 2426 iterum
683 2398 692 2413 ⁶
712 2406 718 2426 ε
737 2395 840 2427 Panis
853 2421 860 2435 ‚
880 2406 973 2439 quem
988 2406 1044 2439 eqo
1059 2394 1159 2433 dabo,
1178 2406 1253 2427 caro
1278 2406 1351 2426 mea
1380 2399 1427 2426 est
1447 2404 1507 2438 pro
1529 2390 1646 2424 mundi
1659 2390 1740 2422 vita.
1761 2387 1809 2420 Ex

223 2451 273 2483 his
291 2462 433 2495 namque
455 2451 583 2484 duabus
605 2452 773 2484 sententiis
797 2457 906 2496 aperte
927 2452 1025 2485 datur
1051 2453 1209 2495 intelligi,
1229 2453 1307 2497 quia
1322 2452 1413 2496 panis
1431 2451 1487 2484 ille
1502 2454 1533 2483 et
1547 2450 1624 2489 iste,
1641 2458 1707 2480 non
1722 2445 1787 2478 duo
1798 2471 1807 2486 ,

257 2541 260 2553 ¹
282 2540 316 2563 lta
333 2540 486 2570 Augustinus
506 2540 530 2564 in
548 2541 613 2564 libro
636 2541 820 2564 Sententiarum
843 2542 969 2572 Prosperi.
985 2555 1015 2558 —
1036 2542 1044 2555 2
1059 2543 1134 2572 Aug„
1151 2542 1180 2564 de
1200 2542 1277 2570 Tria„
1297 2541 1340 2565 lib.
1363 2542 1404 2570 tlt,
1422 2548 1443 2564 c.
1463 2546 1495 2568 iv,
1513 2546 1539 2563 u.
1562 2539 1596 2567 10,
1614 2538 1638 2560 et
1650 2535 1768 2575 habetur,
1783 2533 1813 2557 de

226 2575 349 2605 Consecr„
365 2575 414 2598 dist
438 2581 468 2605 11,
482 2583 504 2599 c.
522 2576 624 2606 (loz-pue.
646 2590 671 2593 -
692 2577 701 2592 ³
720 2577 818 2607 Ambr.,
838 2577 867 2600 cle
886 2577 1010 2607 Sacram„
1025 2579 1049 2600 et
1066 2576 1205 2607 allegatur,
1220 2577 1249 2600 de
1270 2576 1400 2605 Consecrm
1429 2575 1486 2599 disi.
1510 2580 1538 2603 11,
1559 2580 1580 2597 0.
1602 2572 1688 2595 Omma
1709 2577 1813 2601 <Im--

225 2611 232 2623 ⁴
243 2610 324 2640 loun„
339 2615 374 2639 v1,
390 2611 427 2634 41.
440 2623 470 2628 ·—
485 2612 494 2627 ⁵
510 2610 639 2640 1bid.‚52.
