2017 2948
206 114 264 144 358

205 180 283 210 fecte
295 203 303 217 ,
320 179 494 220 baptizatus
507 181 554 210 est
572 179 743 220 parvulus;
761 179 785 208 si
805 179 911 208 autem
931 176 974 206 ita

207 234 351 272 corrupte
367 233 502 273 profert,
519 233 602 273 quod
622 232 756 271 intelllgi
775 240 839 261 non
862 231 974 270 potest,

207 288 238 316 et
249 286 383 316 formam
398 287 441 317 ita
457 287 615 326 infringit,
631 289 665 316 ut
684 285 908 316 convenienter
924 283 976 312 in-

208 338 308 377 telligi
323 347 387 370 non
402 340 511 380 possit,
527 343 573 370 est
588 337 843 378 rebaptizandus

526 455 593 476 mm.
613 453 659 476 111.

413 528 485 557 Quod
502 528 574 552 novit
590 528 714 559 Joannes,
733 530 781 552 etc.

254 605 382 636 Videtur
411 605 513 636 dicere
546 608 655 636 contra
689 606 923 645 Hieronymum
955 607 985 635 et

212 659 472 698 Chrysostomum
493 659 547 698 qui
572 658 680 689 dicunt
695 660 715 689 ¹.
741 659 825 698 quod
846 668 911 689 uon
931 668 985 689 no-

215 714 304 742 verat
319 720 385 741 esse
401 711 578 749 Chrisium;
596 715 626 742 et
649 713 691 742 ita
714 712 839 743 videtur
859 714 984 742 contra-

216 765 320 794 rietus.
337 764 497 801 Quaeritur
521 774 600 804 ergo
615 765 688 805 quis
711 765 825 795 mclius
840 765 988 795 intereos

217 817 367 855 senserit3
385 820 415 848 et
430 818 555 848 videtur
570 818 654 858 quod
680 818 896 857 Augustinus,
913 818 989 857 quia

218 871 346 911 quando
360 870 452 901 Jesus
466 871 505 901 ad
526 871 680 902 Joannem
697 871 800 909 venit,
819 873 895 902 tunc
911 871 990 901 dixit

218 924 231 955 J
236 933 354 954 oannes
366 933 373 954 ε
387 924 456 964 EcJo
468 933 487 955 α
498 928 525 956 te
534 925 624 957 debeo
633 925 807 964 baptizari,
822 925 903 955 sicut
916 925 992 955 dici-

220 979 291 1008 tur’
301 986 394 1017 :ergo
403 979 611 1017 cognoscebat
622 979 725 1018 ipsum
738 988 805 1009 esse
819 978 988 1009 Christum.

223 1030 309 1067 Quod
325 1033 431 1061 autem
450 1031 563 1061 melius
574 1031 653 1062 dicat
671 1032 924 1071 Chrysostomus,
943 1032 991 1062 vi·

223 1084 327 1122 detur,
351 1084 427 1124 quia
451 1084 585 1123 Joanni,
610 1086 737 1125 quando
754 1086 868 1116 missus
890 1089 934 1116 est
956 1087 993 1116 nd

225 1137 468 1177 baptizandum,
494 1138 613 1169 dictum
638 1139 696 1169 suit
711 1142 721 1157 ³
745 1148 752 1169 :
783 1140 883 1178 Super
905 1148 995 1178 quem

226 1190 348 1221 vz'clerz's
366 1191 521 1229 Spiritum
546 1191 798 1230 descendentem,
815 1193 867 1224 ltz'c
883 1196 927 1224 est
941 1194 998 1231 qui

227 1244 372 1283 baptizat
388 1253 492 1283 :ergo
508 1247 677 1284 antequam
699 1246 819 1276 veniret
844 1246 882 1276 ad
901 1256 995 1279 cum,

229 1297 345 1328 sciebat
360 1298 444 1337 quod
460 1298 544 1328 solus
561 1298 627 1338 ipse
640 1300 740 1334 esset,
759 1299 813 1338 qui
829 1300 1001 1338 baptizaret

230 1351 379 1388 interius;
398 1351 451 1382 sed
467 1353 572 1382 tamen
592 1362 655 1383 non
678 1354 887 1392 cognoscebat
912 1355 999 1383 exte-

231 1404 298 1434 rius
312 1403 428 1443 ipsum.

273 1456 363 1496 Resp.
381 1457 553 1488 Dicendum
577 1459 660 1498 quod
681 1462 853 1499 utrumque
873 1460 931 1490 suit
948 1469 1002 1490 ve-

234 1520 324 1547 rum,
342 1511 422 1541 sicut
446 1511 534 1541 docet
554 1520 610 1541 nos
624 1513 800 1551 intelligere
820 1512 1002 1552 Clirysost‹i›-

237 1573 320 1594 uuis.
338 1563 445 1594 Primo
461 1564 597 1595 Jounnes
612 1566 700 1596 novit
723 1565 882 1595 Clu-isium
901 1566 933 1595 iu
955 1566 1006 1595 in-

237 1617 335 1647 fantia
349 1618 461 1647 notitia
476 1618 628 1657 corporali
642 1629 648 1655 ;
663 1618 863 1658 postmodum
880 1620 1008 1649 recessit

239 1672 272 1701 in
286 1671 461 1709 desertum,
478 1674 507 1702 et
524 1674 599 1702 tuuc
615 1674 683 1711 post
705 1672 839 1710 longum
862 1674 1005 1712 tempus,

240 1725 367 1764 quando
383 1725 497 1755 missus
517 1728 562 1756 est
576 1725 614 1755 ad
636 1725 873 1765 baptizandum,
890 1726 1009 1755 dictum

241 1780 287 1808 est
302 1778 329 1808 ei
343 1802 350 1816 ‚
366 1779 451 1818 quod
474 1777 616 1808 Christus
633 1780 815 1818 potestatem
832 1778 1010 1817 baptizandi

242 1831 303 1862 sibi
318 1832 466 1862 retineret
484 1843 490 1862 z
508 1832 562 1862 sed
581 1833 650 1871 Jam
665 1832 782 1862 oblitus
803 1834 862 1869 est,
886 1834 1012 1871 propter

243 1893 395 1924 magnam
428 1894 550 1916 moram
565 1909 572 1923 ‚
602 1885 673 1925 quis
685 1909 693 1923 ,
723 1885 772 1916 vel
802 1885 904 1924 qualis
932 1886 1014 1915 esset

244 1937 386 1968 Christus
409 1938 442 1968 in
464 1947 599 1978 persona
624 1949 631 1969 ι
657 1940 687 1969 et
711 1938 833 1977 judicio
859 1938 1014 1969 columhae

244 1993 418 2031 utrumque
434 1991 561 2029 didicit,
580 1991 654 2031 quia
669 2000 724 2030 per
744 1991 805 2021 hoc
824 1990 914 2021 scivit
931 1991 1015 2030 quod

245 2045 311 2084 ipse
335 2047 415 2076 esset
436 2045 596 2082 Christus,
618 2046 649 2074 et
669 2044 751 2083 quod
773 2044 838 2084 ipse
859 2047 941 2074 esset
961 2044 1015 2083 qui

247 2100 372 2138 peccata
386 2098 567 2136 dimitteret,
585 2099 615 2127 et
631 2097 783 2137 Spiritum
799 2100 945 2127 sanctum
960 2098 1014 2127 da-

248 2153 295 2182 ret
313 2160 320 2182 :
343 2153 516 2190 utrumque
539 2159 617 2189 ergo
632 2149 720 2189 prius
736 2150 851 2180 sciebat
868 2151 899 2180 in
915 2159 1017 2189 gene-

249 2204 306 2235 rali
318 2228 328 2241 ,
363 2204 415 2234 sed
442 2203 643 2243 postmodum
668 2203 776 2233 didicit
805 2203 837 2233 in
868 2204 1014 2243 speciali:

247 2258 338 2298 prius
348 2260 454 2288 tamen
464 2257 616 2296 cognovit
628 2256 698 2295 quis
709 2259 799 2292 esset,
817 2266 914 2296 quam
928 2258 1019 2296 cujus

248 2311 409 2352 potestatis
419 2312 509 2341 esset.
525 2309 666 2340 PrImum
681 2310 765 2339 enim
777 2310 868 2341 scivit
881 2319 936 2349 per
948 2319 1019 2340 con-

248 2364 462 2395 versationem
478 2362 635 2400 infantiae,
659 2362 833 2393 secundum
848 2372 904 2402 per
925 2371 1019 2393 reve-

251 2419 403 2449 lationem
431 2416 606 2458 prophetiae

251 2482 323 2513 que.

629 2427 635 2446 :
659 2418 689 2447 et
713 2416 757 2446 sic
783 2419 867 2456 patet
895 2418 1020 2447 utrum-

284 2555 384 2584 ¹Supcr
399 2553 500 2581 Matth„
515 2559 549 2581 xx,
566 2554 588 2576 ἓ.
601 2565 629 2570 -
640 2553 647 2566 ²
661 2551 760 2581 Μιιίιί.,
777 2558 815 2579 11¹.
832 2554 867 2575 14.
880 2565 908 2569 —·
921 2551 929 2568 ³
941 2552 1020 2581 lomi„

253 2596 270 2619 ι,
286 2593 323 2613 35¹3.
334 2602 364 2607 —
380 2591 385 2603 ²
403 2589 439 2613 Ad
455 2589 586 2620 antiphon.
603 2587 676 2612 Salve
689 2588 787 2617 Bessum.

765 107 1074 143 SENTENTIARUM
1093 109 1165 142 Llss.
1188 109 1237 140 lV.

1346 213 1415 235 DUB.
1438 213 1483 234 lv.

1089 276 1124 299 Ne
1146 283 1234 300 servus
1258 277 1283 300 in
1308 283 1382 301 scri-o
1403 283 1474 307 spem
1496 278 1618 307 poneret,
1638 275 1745 308 baptizat

1322 313 1455 342 Dominus,
1469 314 1516 336 etc.

1077 381 1238 417 Quaeritur
1251 381 1289 411 de
1304 382 1424 412 ratione
1444 381 1504 411 ista
1517 405 1524 418 ‚
1550 390 1645 421 quam
1665 382 1806 421 assignat

1038 433 1200 472 Magister,
1212 446 1226 463 α
1238 444 1276 465 ne
1287 444 1397 466 servus
1412 438 1540 476 poneret
1552 444 1640 475 spem
1654 435 1688 466 in
1698 425 1806 466 hoini-

1039 496 1090 526 ne,
1103 498 1116 515 »
1131 488 1206 527 quia
1216 488 1294 519 illud
1303 489 1427 519 nullum
1436 488 1806 527 videturinconveniens,

1040 541 1114 580 quia
1145 550 1314 581 possumus
1341 542 1372 572 iu
1402 542 1598 573 orationibus
1628 544 1808 573 sanctorum

1041 594 1197 624 confidere
1215 605 1221 624 z
1239 595 1324 625 unde
1340 595 1515 625 clamamus
1530 595 1568 626 de
1590 594 1684 626 Beata
1700 594 1808 634 Virgi-

1043 656 1083 677 ne
1097 647 1106 662 ¹·
1124 656 1130 677 :
1155 647 1236 685 Vita,
1253 648 1403 686 dulcedo,
1420 652 1448 680 et
1462 656 1531 688 spes
1546 651 1673 687 nostra,
1694 649 1789 681 salve.

1084 700 1175 741 Resp.
1196 701 1367 732 Dicendum
1383 702 1467 740 quod
1483 704 1528 732 est
1546 711 1617 741 spes
1631 701 1740 732 auxilii
1756 726 1763 740 ‚
1781 703 1813 733 et

1044 756 1090 784 est
1110 764 1181 794 spes
1202 756 1325 794 praemii
1353 767 1359 786 ς
1383 756 1551 786 (licendum
1575 764 1654 794 ergo
1679 755 1763 796 quod
1786 756 1813 787 si

1045 810 1179 847 potestas
1189 809 1365 840 dimittendi
1373 812 1497 849 peccata
1505 811 1585 840 esset
1592 809 1664 840 data
1678 809 1812 848 homini,

1042 862 1110 900 jam
1127 865 1230 901 posset
1240 862 1336 893 homo
1347 871 1473 902 sperare
1483 863 1522 893 ab
1533 862 1661 893 homine
1677 862 1815 902 gratiam

1047 917 1077 945 et
1096 915 1222 946 veniam
1233 940 1241 953 ‚
1267 919 1296 946 et
1316 916 1358 946 ita
1375 925 1430 956 per
1444 925 1641 956 cousev1uens
1657 916 1793 955 gloriam
1806 940 1815 954 ,

1048 968 1086 999 ad
1101 978 1198 1008 quam
1215 969 1318 1008 gratia
1334 972 1380 1000 est
1395 970 1481 1001 velut
1496 969 1657 1009 dispositio
1672 978 1818 1000 necessa-

1050 1022 1095 1051 ria
1110 1033 1116 1052 :
1134 1022 1187 1052 sed
1203 1022 1271 1053 haic
1286 1024 1324 1053 ab
1341 1023 1471 1053 homine
1487 1023 1606 1062 spurari
1622 1031 1687 1054 non
1705 1023 1818 1063 potest,

1050 1085 1107 1106 nec
1123 1076 1223 1106 (lohet.
1241 1075 1302 1105 Sed
1315 1084 1387 1105 cum
1402 1076 1498 1106 homo
1513 1076 1610 1116 possit
1622 1075 1821 1106 orationibus

1052 1130 1204 1168 adjuvare
1217 1152 1224 1165 ,
1241 1129 1377 1168 quadam
1393 1130 1592 1168 congruitate
1607 1131 1709 1169 potest
1724 1129 1821 1159 homo

1054 1191 1181 1221 sperare
1200 1183 1232 1212 in
1247 1182 1355 1222 aliquo
1375 1185 1482 1212 sancto
1503 1184 1655 1222 tauquam
1677 1182 1709 1212 in
1728 1182 1824 1222 adiu*

1055 1236 1166 1271 vante,
1184 1244 1247 1264 uon
1263 1237 1416 1274 tanquam
1433 1235 1463 1264 iu
1480 1235 1657 1273 relevante,
1675 1234 1748 1274 quia
1764 1235 1826 1265 hoc

1056 1290 1102 1317 est
1116 1288 1220 1325 gratia
1237 1288 1380 1327 specialis
1396 1289 1494 1319 solius
1511 1288 1627 1320 Christi
1642 1299 1648 1319 :
1665 1291 1697 1319 et
1712 1288 1756 1319 sic
1769 1297 1825 1328 pa-

1056 1343 1100 1371 tet
1114 1341 1201 1372 illud.

1383 1413 1451 1435 nun.
1476 1413 1508 1435 v.

1269 1484 1316 1507 Tot
1331 1484 1415 1507 essent
1429 1482 1561 1514 baptismi,
1577 1484 1624 1506 etc.

1104 1556 1159 1585 llic
1174 1556 1330 1595 quaeritur
1344 1556 1382 1585 sle
1398 1556 1458 1585 alia
1479 1555 1618 1592 ratione,
1637 1564 1736 1595 quam
1753 1554 1834 1585 assi-

1066 1611 1143 1647 gnat
1155 1633 1163 1645 ,
1190 1617 1262 1638 cum
1278 1608 1352 1638 <licit
1370 1619 1375 1638 :
1397 1620 1411 1635 «
1427 1607 1470 1638 Ne
1486 1610 1531 1637 tot
1545 1609 1648 1638 essent
1663 1607 1807 1647 baptismi
1822 1630 1830 1645 ‚

1065 1664 1143 1701 quot
1158 1662 1312 1701 baptistae.
1325 1672 1338 1689 n
1358 1661 1487 1691 Videtur
1499 1661 1583 1691 enim
1598 1661 1680 1691 ratio
1690 1669 1754 1691 non
1767 1669 1834 1691 esse

1067 1716 1159 1750 bona,
1176 1715 1251 1754 quia
1266 1717 1321 1744 aut
1336 1715 1483 1753 intelligit
1499 1717 1541 1746 lot
1557 1722 1704 1752 numero,
1722 1715 1777 1744 aut
1793 1715 1836 1745 lot

1068 1769 1170 1808 specie
1189 1780 1194 1798 :
1213 1778 1277 1798 non
1293 1771 1336 1798 tot
1351 1769 1467 1808 specie,
1491 1769 1627 1803 constat,
1645 1767 1720 1806 quia
1733 1767 1837 1796 consi-

1070 1823 1153 1853 milis
1164 1823 1276 1860 forma,
1294 1825 1323 1853 et
1337 1822 1508 1853 consimilis
1521 1821 1653 1852 effectus
1665 1823 1712 1851 est
1725 1821 1758 1851 in
1772 1829 1838 1850 om-

1070 1876 1183 1913 nibus;
1201 1876 1227 1906 si
1242 1878 1288 1906 tot
1304 1885 1439 1906 numero
1452 1900 1459 1912 ,
1483 1874 1609 1905 nullum
1630 1876 1710 1905 esset
1727 1874 1837 1904 incon-

1070 1930 1212 1960 veniens.

1113 1983 1204 2022 Resp.
1237 1982 1408 2013 Dicendum
1433 1981 1514 2022 quod
1540 1979 1730 2019 intelligitur
1755 1977 1841 2018 quod

1073 2040 1117 2068 tot
1133 2039 1237 2068 essent
1252 2035 1523 2069 denominatione,
1540 2036 1569 2064 et
1586 2034 1628 2063 ita
1643 2032 1779 2062 scissura
1793 2039 1842 2061 es-

1072 2094 1118 2121 set
1142 2091 1176 2120 in
1200 2089 1355 2126 Ecclesia,
1381 2088 1455 2128 quia
1474 2096 1559 2118 unus
1582 2089 1685 2126 posset
1709 2084 1812 2114 dicere
1834 2094 1841 2114 :

1075 2147 1138 2185 qu
1152 2152 1222 2175 sum
1235 2143 1340 2180 Pauli,
1354 2143 1433 2172 alius
1447 2143 1552 2171 autem
1568 2151 1574 2170 :
1590 2140 1654 2178 qu
1666 2147 1737 2169 sum
1747 2136 1844 2177 Apol-

1076 2201 1122 2238 Io,·
1134 2201 1165 2229 et
1179 2199 1221 2227 sic
1237 2206 1302 2227 nou
1323 2195 1459 2235 perfecta
1475 2195 1556 2224 esset
1569 2192 1675 2223 unitas
1692 2191 1724 2221 in
1739 2190 1843 2221 Eccle-

1076 2253 1121 2283 sia
1137 2276 1144 2289 ,
1166 2252 1257 2290 cujus
1282 2248 1411 2280 unitatis
1430 2246 1579 2287 perfectio
1602 2245 1844 2276 fundamentum

1076 2305 1171 2336 habet
1184 2304 1218 2334 in
1234 2311 1300 2333 uno
1316 2300 1484 2340 baptismo.

1286 2418 1563 2455 ARTICULUS
1592 2419 1619 2451 1.

1119 2520 1166 2551 Ad
1181 2515 1426 2556 intelligentiam
1437 2522 1548 2545 eorum
1563 2520 1635 2552 quae
1648 2510 1798 2541 dicuntur
1812 2507 1847 2537 in

1080 2573 1228 2616 praesenti
1239 2569 1448 2607 distinctione,
1462 2567 1523 2598 tria
1535 2563 1748 2607 principaliter
1760 2569 1849 2601 quae·
