2017 2948
29 2322 116 2345 Divisio.

757 185 944 216 DlSTlNCT.
970 186 992 216 I.
1018 187 1118 218 PARS
1142 188 1164 217 1.
1694 192 1752 223 245

167 255 287 288 tionem
302 267 401 299 quam
424 255 476 287 lex
491 253 640 294 mundat,
656 253 719 285 nisi
741 257 924 286 contactum
949 254 1070 286 mortui
1094 254 1248 295 hominis,
1267 267 1283 284 ))
1303 266 1401 298 quem
1426 256 1483 299 qui
1507 257 1667 299 tetigerat,
1689 258 1751 290 im-

166 313 309 345 mundus
323 316 391 344 erat
405 316 524 356 septem
542 311 672 351 diebus3
690 310 743 343 sed
759 311 996 354 purificabatur
1010 311 1189 343 secundum
1206 312 1311 354 legem
1326 313 1377 345 die
1396 313 1491 346 tertio
1505 317 1536 345 et
1551 315 1700 357 septimo,
1717 319 1749 347 et

164 369 209 402 ita
224 369 367 402 mundus
381 372 448 402 erat
466 373 501 400 ut
522 368 590 411 jam
615 368 751 400 intraret
770 368 804 400 in
826 368 996 412 templum.
1019 368 1223 401 Mundabant
1246 369 1342 402 etiam
1365 370 1530 402 interdum
1551 382 1570 403 a
1591 373 1751 415 corporali

164 427 255 470 lepra
269 427 326 459 illa
340 426 469 468 legalia,
487 425 549 457 Sed
564 436 734 469 nunquam
762 437 801 457 ex
823 425 971 469 operibus
993 426 1072 470 leqis
1088 427 1206 470 aliquis
1221 427 1430 470 justificatus
1452 434 1509 466 est,
1527 431 1564 460 ut
1583 428 1628 460 ait
1648 430 1752 473 Apos-

164 484 250 516 tolus
265 487 287 524 ¹,
303 483 429 516 etiamsi
443 483 477 514 in
492 483 554 515 fide
569 486 600 514 et
613 482 769 514 charitate
783 482 910 514 fierent.
928 482 1059 521 Quare?
1075 484 1153 527 quia
1168 484 1324 527 imposuit
1340 496 1376 516 ea
1392 484 1479 517 Deus
1495 485 1529 517 in
1546 485 1749 527 servitutem,

163 552 229 573 non
243 542 277 573 in
289 540 568 584 justificationem,
586 543 616 571 et
633 543 668 571 ut
681 539 788 581 figura
803 539 906 571 futuri
920 545 1023 572 esseut
1035 553 1042 579 ;
1056 541 1170 573 volens
1186 542 1248 573 sibi
1264 542 1324 585 ipsi
1340 542 1447 585 potius
1457 542 1567 574 offerri
1583 554 1632 583 ea,
1649 555 1748 587 quam

162 598 269 631 idolis.
286 598 346 630 Illa
360 609 436 640 ergo
451 597 542 640 signa
557 601 666 638 eraut;
684 597 738 629 sed
755 600 862 629 tamen
882 601 912 629 et
927 603 1138 640 sacramenta,
1157 599 1232 631 licet
1249 599 1358 632 minus
1373 600 1514 643 proprie,
1532 600 1565 632 in
1582 600 1750 644 scripturis

161 667 245 700 saepe
261 659 429 696 vocantur,
455 655 533 699 qnia
556 655 647 698 signa
669 659 761 687 erant
783 656 830 687 rei
853 666 962 696 sacrae,
981 667 1079 699 quam
1098 656 1212 700 utique
1236 667 1302 689 non
1327 657 1532 700 praestabant.
1560 657 1622 689 Illa
1638 660 1748 690 autem

161 713 336 757 Apostolus
354 725 451 758 opera
473 713 552 757 leqz's
579 713 656 745 dicit
671 714 692 754 ²,
710 724 783 756 quae
808 716 933 745 tantum
956 712 1163 755 significandi
1185 713 1305 756 gratia,
1329 714 1380 746 vel
1407 714 1441 746 in
1465 725 1545 746 onus
1568 715 1578 732 ³
1600 714 1749 748 instituta

160 774 248 803 sunt.

204 827 338 871 Triplici
353 831 462 860 autem
480 828 519 860 de
533 839 629 860 causa
652 832 852 860 sacramenta
867 828 1015 861 instituta
1030 833 1122 870 sunt;
1141 834 1272 874 propter
1296 830 1573 871 humiliationem,
1592 830 1749 863 eruditio-

159 896 246 926 nem,
264 885 538 918 exercitationem.
555 886 692 929 Propter
709 885 972 918 humiliationem
989 886 1134 930 quidem,
1152 892 1187 918 ut
1202 887 1281 919 dum
1297 887 1395 920 homo
1410 887 1444 919 in
1469 887 1677 920 sensibilibus
1700 899 1749 920 re-

158 942 231 982 bus,
242 954 315 986 quae
324 947 439 976 natura
447 944 533 976 infra
541 944 609 987 ipsu
617 955 647 975 m
657 947 745 984 sunt,
756 954 795 975 ex
805 947 960 987 praecepto
969 944 1129 976 Creatoris
1139 956 1171 976 se
1184 945 1361 977 reverendo
1370 944 1512 988 subjicit,
1524 956 1561 977 ex
1570 944 1629 976 hac
1640 945 1749 977 humi-

157 1000 247 1032 litate
267 1004 298 1032 et
313 1000 495 1033 obedientia
519 1001 585 1033 Deo
600 1000 703 1043 magis
722 1000 857 1044 placeat,
875 1004 904 1032 et
925 1000 1012 1044 apud
1038 1012 1113 1033 eum
1138 1005 1312 1042 mereatur,
1335 1001 1429 1045 cnjus
1450 1001 1587 1045 imperio
1611 1002 1748 1034 salutem

159 1058 275 1101 quaerit
289 1057 324 1089 in
339 1057 549 1090 inferioribus
564 1069 608 1098 se,
626 1058 685 1089 etsi
700 1068 765 1089 non
781 1057 820 1089 ab
836 1057 914 1097 illis,
932 1057 986 1089 sed
1002 1069 1059 1101 per
1073 1058 1130 1090 illa
1145 1070 1163 1090 a
1177 1058 1254 1090 Deo.
1268 1060 1402 1101 Propter
1416 1058 1633 1091 eruditionem
1650 1058 1748 1091 etiam

157 1114 306 1147 instituta
320 1120 408 1155 sunt,
422 1119 458 1146 ut
473 1125 530 1158 per
544 1115 578 1146 id
592 1114 680 1158 quod
699 1114 777 1147 foris
800 1114 835 1146 in
856 1114 958 1158 specie
975 1114 1098 1147 visibili
1118 1115 1275 1156 cernitur,
1289 1115 1328 1147 ad
1351 1115 1550 1148 invisibilem
1573 1115 1746 1157 virtutem,

157 1183 229 1215 quae
244 1172 333 1204 intus
347 1176 405 1212 est,
420 1172 676 1214 cognoscendam
694 1183 783 1204 mens
799 1171 979 1204 erudiatur.
993 1172 1099 1204 Homo
1110 1172 1197 1204 enim
1213 1173 1271 1216 qni
1286 1176 1360 1204 ante
1376 1177 1541 1216 peccatum
1558 1173 1627 1205 sine
1642 1173 1748 1206 medio

157 1228 261 1261 Deum
277 1229 419 1270 videbat,
436 1240 493 1273 per
508 1233 672 1272 peccatum
689 1229 768 1261 adeo
784 1229 911 1269 habuit,
931 1234 965 1260 ut
980 1240 1188 1273 nequaquam
1214 1229 1326 1261 divina
1345 1234 1443 1273 queat
1457 1241 1582 1273 capere,
1600 1230 1663 1262 nisi
1686 1230 1749 1263 hu-

158 1286 263 1318 manis
278 1287 483 1319 exercitatus.
501 1287 638 1330 Propter
652 1286 914 1319 exercitationem
930 1286 1080 1318 similiter
1095 1287 1244 1319 instituta
1258 1291 1346 1326 sunt,
1363 1287 1443 1331 quia
1458 1298 1533 1319 cum
1554 1288 1653 1320 homo
1669 1288 1749 1320 otio-

156 1355 211 1376 sus
225 1354 291 1376 esse
306 1355 372 1376 non
388 1344 498 1388 possit,
516 1344 709 1388 proponitur
724 1343 752 1375 ei
767 1343 858 1375 utilis
880 1347 911 1375 et
930 1344 1070 1376 salubris
1094 1344 1279 1376 exercitatio
1306 1345 1339 1376 in
1363 1345 1583 1387 sacramentis,
1605 1356 1672 1389 qua
1692 1356 1748 1378 va-

156 1412 233 1433 nam
248 1405 279 1433 et
293 1402 424 1434 noxiam
449 1401 587 1434 declinet
607 1401 862 1445 occupationem.
887 1400 959 1433 Non
980 1401 1066 1433 enim
1083 1401 1176 1433 facile
1197 1401 1323 1444 capitur
1343 1413 1362 1434 a
1375 1406 1552 1443 tentatore,
1576 1403 1634 1446 qui
1661 1402 1747 1436 bono

155 1462 245 1490 vacat
259 1459 422 1491 exercitio.
441 1459 534 1492 Unde
549 1459 770 1502 Hieronymus
785 1461 895 1490 monet
908 1457 919 1473 ‘⁹
936 1470 943 1490 ε
966 1471 981 1489 (ε
998 1458 1133 1502 Semper
1154 1458 1280 1502 aliquid
1296 1459 1402 1502 operis
1417 1458 1525 1500 facito,
1543 1463 1580 1492 ut
1601 1464 1631 1492 te
1653 1471 1747 1493 occu-

155 1520 267 1560 patum
282 1516 431 1549 diabolus
445 1516 604 1549 inveniat,
622 1529 638 1546 »

199 1573 284 1607 Sunt
298 1578 407 1606 autem
423 1574 691 1606 exercitationum
702 1576 765 1605 tres
779 1573 898 1616 species
912 1585 918 1604 ε
937 1584 1003 1605 una
1014 1573 1054 1605 ad
1069 1572 1316 1624 aedificationem
1329 1573 1444 1606 animae
1454 1573 1610 1617 pertinet;
1628 1573 1692 1607 alia
1705 1575 1745 1607 ad

153 1632 296 1675 corporis
309 1632 510 1672 fomentum3
526 1631 591 1664 alia
604 1630 644 1663 ad
656 1631 826 1675 utriusque
841 1630 1090 1663 subventionem
1105 1632 1160 1673 (a).
1174 1630 1256 1663 Cum
1273 1630 1375 1672 igitur
1389 1631 1511 1675 absque
1520 1632 1741 1673 sacramentis,

152 1689 274 1733 quibus
288 1700 353 1722 non
369 1689 518 1731 alligavit
533 1689 709 1732 potentiam
725 1699 818 1720 suam
834 1688 932 1729 Deus,
949 1688 1075 1720 homini
1090 1688 1228 1731 gratiam
1244 1687 1364 1720 donare
1386 1692 1503 1731 posset,
1525 1688 1687 1732 praedictis
1701 1689 1741 1722 de

151 1747 256 1778 causis
269 1751 470 1779 sacramenta
495 1746 648 1779 institnit.
666 1746 739 1778 Duo
761 1750 870 1778 autem
885 1750 974 1786 sunt,
1000 1745 1034 1777 in
1048 1746 1169 1789 quibus
1193 1749 1431 1777 sacramentum
1446 1745 1603 1787 consistit,
1620 1746 1740 1778 scilicet

151 1803 262 1844 verba,
279 1808 310 1835 et
324 1814 374 1836 res
392 1816 398 1835 :
415 1804 527 1844 verba,
544 1808 580 1836 ut
595 1803 756 1836 invocatio
772 1802 959 1843 Trinitatis;
978 1814 1039 1843 res,
1057 1807 1092 1834 ut
1107 1814 1205 1846 aqua,
1222 1802 1344 1842 oleum,
1362 1807 1393 1835 et
1408 1802 1610 1846 hujusmodi.

194 1860 266 1892 Jam
280 1861 390 1893 videre
405 1864 503 1893 restat
516 1860 734 1893 differentiam
756 1864 1032 1892 sacramentorum
1054 1863 1200 1891 veterum
1225 1863 1256 1891 et
1277 1870 1452 1900 novorum,
1478 1864 1515 1892 ut
1529 1867 1741 1893 sacramenta

151 1928 303 1950 vocemus
315 1928 387 1961 quae
402 1918 584 1961 antiquitus
598 1929 648 1950 res
667 1929 771 1950 sacras
785 1917 1025 1960 significabant,
1052 1921 1089 1949 ut
1112 1916 1278 1957 sacrificia,
1303 1921 1334 1949 et
1356 1917 1548 1958 oblationes,
1571 1921 1602 1950 et
1625 1918 1741 1962 hujus-

152 1974 250 2007 modi.
268 1975 391 2007 Eorum
407 1978 515 2007 autem
530 1975 747 2007 differentiam
760 1975 902 2007 breviter
916 1974 1122 2016 Augustinus
1144 1974 1300 2017 assignat,
1318 1974 1427 2007 dicens
1442 1980 1464 2016 ⁵,
1481 1974 1560 2019 quia
1587 1975 1646 2007 illa
1670 1986 1745 2020 pro-

152 2031 324 2064 mittebant
340 2036 480 2074 tantum,
498 2036 528 2065 et
542 2032 788 2075 significabant3
807 2033 875 2065 haec
889 2036 999 2065 autem
1017 2032 1095 2064 dant
1110 2032 1262 2064 salutem.

341 2129 542 2161 EXPOSITIO
564 2130 726 2161 TEXTUS.

364 2184 537 2208 Samaritanus
551 2184 629 2215 enim,
639 2186 697 2208 etc..

189 2239 357 2279 Postquam
376 2239 527 2278 Magister
545 2249 641 2279 supra
665 2240 698 2269 in
721 2240 812 2270 tertio
834 2240 915 2270 libro

147 2293 213 2331 egit
227 2292 265 2323 de
279 2292 492 2331 reparatione,
510 2301 565 2332 per
580 2293 716 2331 gratiam
734 2293 914 2325 Mediatoris

146 2345 198 2376 Dei
221 2347 251 2375 et
269 2345 453 2382 hominum,
477 2346 597 2376 homini
621 2347 775 2386 praestita,
801 2357 911 2378 conse-

145 2401 277 2438 quenter
292 2399 325 2428 iu
339 2398 398 2428 hoc
413 2400 526 2437 quarto
541 2399 607 2438 agit
627 2400 666 2430 de
685 2401 889 2431 sacramentis
902 2426 909 2439 ‚

143 2451 259 2491 quibus
271 2451 449 2490 fragilitatis
464 2451 613 2482 humanae
628 2455 829 2492 peccatorum
844 2454 912 2485 vul-

143 2512 218 2534 nera
233 2504 373 2543 ligantur
388 2506 418 2534 et
433 2506 595 2534 curantur.
613 2504 650 2535 Et
669 2505 821 2537 dividitur
840 2507 910 2538 haec

176 2584 182 2599 1
204 2583 397 2613 [50111.,111,:*0.;
425 2585 492 2614 (ΜΛ,
511 2591 535 2607 ιτ.
557 2586 592 2607 Μ.
606 2598 631 2601 -
650 2585 657 2599 ²
671 2586 747 2613 nonu,
770 2592 807 2613 ιιι,
829 2588 866 2610 22.
881 2601 908 2604 »-

145 2618 155 2633 ³
166 2619 230 2649 Acer,
243 2624 284 2650 xv,
300 2621 333 2649 10,
346 2620 412 2643 28.—
428 2620 437 2634 ⁴
451 2620 562 2649 llierou.,
579 2620 612 2643 ml
626 2621 758 2652 Rusticum,
771 2621 800 2645 de
812 2622 909 2646 vivendi

975 2144 1047 2174 pars
1061 2135 1095 2164 in
1109 2134 1187 2164 duas
1200 2135 1325 2174 partes:
1343 2135 1376 2165 in
1390 2135 1493 2174 prima
1507 2135 1575 2174 agit
1588 2135 1627 2167 de
1638 2144 1743 2168 sacra-

974 2188 1089 2217 mentis
1102 2188 1276 2218 secundum
1291 2188 1456 2218 sanitatem
1471 2197 1568 2227 quam
1580 2189 1741 2229 tribuunt;

973 2241 1005 2271 in
1021 2241 1159 2271 secunda
1173 2241 1240 2279 agit
1255 2241 1294 2271 de
1315 2241 1434 2280 gloria,
1455 2241 1494 2272 ad
1512 2251 1610 2281 quam
1633 2243 1742 2282 dispo-

971 2296 1062 2331 nunt,
1079 2294 1170 2330 infra,
1183 2293 1381 2324 distinctione
1402 2303 1498 2333 xmv3
1514 2297 1685 2334 postremo,
1703 2296 1741 2327 de

970 2346 1148 2377 conditione
1163 2347 1402 2385 resurgentium
1420 2346 1468 2385 (b).
1484 2346 1590 2377 Prima
1600 2356 1672 2387 pars
1684 2348 1741 2379 ha-

970 2400 1022 2429 bet
1036 2399 1131 2429 duas:
1147 2399 1180 2428 in
1194 2398 1298 2438 prima
1312 2399 1501 2429 determinat
1510 2399 1548 2429 de
1562 2408 1738 2431 sacramen-

968 2452 1009 2482 tis
1022 2452 1055 2482 in
1068 2452 1224 2491 generali;
1239 2452 1272 2482 in
1285 2452 1423 2483 secunda
1434 2453 1467 2483 in
1481 2453 1626 2492 speciali,
1641 2453 1735 2493 infra,

966 2547 1058 2575 formu,
1071 2545 1148 2576 Epist.
1165 2551 1198 2569 [v.
1209 2558 1235 2563 —
1249 2546 1258 2562 ὓ
1272 2547 1346 2575 Aug„
1361 2546 1455 2569 Enarr.
1469 2546 1494 2569 in
1504 2546 1545 2570 Ps.
1563 2551 1658 2576 Lxxux,
1672 2553 1699 2571 n.
1712 2549 1735 2572 2.

998 2587 1171 2625 (a)Erli(.Ven.
1189 2587 1428 2623 subversionem—
1442 2587 1475 2618 (b)
1493 2588 1528 2612 lta
1542 2589 1602 2612 Mss.
1616 2588 1688 2618 Rem„
1699 2589 1733 2615 al.

966 2622 1168 2647 resurrectionis.

1801 833 1832 854 De

1789 870 1850 885 eausa

1781 894 1861 916 institu-

1790 926 1851 946 imnis

1785 962 1852 977 sacra-

1781 990 1859 1008 {uento-

1795 1024 1850 1039 rum.

1804 1582 1833 1602 De

1779 1614 1858 1640 triplici

1774 1650 1857 1670 genere

1763 1676 1864 1695 exercita-

1785 1706 1855 1729 tionis.

1767 1855 1797 1873 De
1809 1853 1867 1876 diffe-

1780 1885 1848 1905 rentia

1782 1922 1850 1937 sacra-

1774 1953 1854 1969 mento·
1866 1946 1871 1949 '

1769 1983 1814 1998 rum
1823 1985 1856 1999 ve-

1760 2011 1827 2028 terum
1843 2012 1864 2030 et

1760 2036 1863 2062 novoru'ui
