2017 2948
215 182 272 210 412

213 248 315 276 stare:
338 253 419 284 ergo
443 253 507 276 non
530 254 655 283 necesse
678 247 726 276 est
750 243 884 275 cadere:
906 251 985 282 ergo

214 298 317 338 gratia
331 298 581 329 confirmationis
595 307 659 329 non
672 299 718 328 est
732 296 918 327 necessaria.

254 353 283 382 3.
300 351 395 390 Item,
417 362 537 391 magna
559 353 696 383 charitas
714 351 830 381 suffieit
850 350 889 381 ad
908 348 984 380 tole-

215 404 346 435 randam
362 408 495 436 mortem
510 417 516 436 z
531 405 584 435 seri
602 405 748 445 possibile
763 406 809 434 est
820 412 910 440 eum,
927 401 983 442 qui

215 457 402 497 baptizatur,
418 462 587 498 antequam
599 458 659 488 hoc
670 458 903 488 sacramentum
918 464 985 495 per-

213 511 325 551 cipiat,
346 519 402 551 per
424 511 508 541 bona
526 519 622 551 opera
645 510 684 541 ad
706 509 891 541 charitatem
916 517 983 538 ma-

213 573 313 604 gnam
329 563 494 604 pervenire
507 575 512 594 :
533 573 613 603 ergo
627 563 695 595 sine
714 563 774 594 hoc
788 563 985 593 sacramento

213 619 261 647 est
273 616 358 647 salus
369 617 599 656 pugnantibus.

486 730 710 763 CONCLUSIO.

214 817 431 850 Confirmationis
459 818 654 843 sacramentum
678 818 715 843 est
737 816 913 842 necessarium
934 822 986 841 non

249 862 399 888 necessitate
424 861 560 891 absoluta,
585 861 630 887 sed
652 861 852 891 conditionata:
874 862 898 887 ct
922 867 984 886 con-

249 907 372 936 temnens,
386 905 505 940 peviczilo
519 913 547 932 se
562 907 683 940 exponit.

256 990 348 1030 Resp.
361 990 400 1020 ad
417 999 486 1029 arg.
502 989 676 1020 Dicendum
691 989 774 1029 quod
790 990 837 1019 est
852 989 986 1019 necessi-

214 1046 260 1074 tas
273 1043 466 1083 simpliciter,
482 1045 511 1073 et
535 1045 580 1073 est
598 1043 635 1082 (a)
654 1043 822 1073 necessitas
835 1041 986 1072 conditio-

213 1099 297 1128 nata.
324 1097 515 1136 Simpliciter
533 1096 569 1136 (b)
598 1105 662 1126 non
679 1098 725 1126 est
748 1095 851 1134 gratia
871 1095 985 1125 contir-

214 1151 362 1181 mationis
377 1151 569 1187 necessaria;
592 1150 644 1180 scd
666 1149 842 1180 necessaria
858 1158 897 1179 ex
914 1157 986 1179 con-

213 1204 345 1242 ditione,
361 1204 476 1234 scilicet
492 1203 649 1243 pugnanti
667 1205 696 1233 et
714 1203 839 1233 vincere
854 1202 983 1239 volenti,

213 1257 292 1287 sicut
317 1257 480 1288 comedere
502 1259 547 1287 est
571 1256 783 1286 necessarium
800 1256 909 1286 vivere
928 1264 985 1285 vo-

212 1310 298 1341 lenti.
312 1310 398 1341 Unde
409 1309 596 1340 Melchiasles
614 1309 697 1349 Papa
708 1309 792 1347 dicit,
805 1311 833 1339 et
850 1308 986 1339 habetur

212 1364 250 1393 (Ie
264 1364 503 1395 consecratione
519 1367 527 1382 ¹
543 1375 548 1393 :
565 1362 666 1400 «Quia
677 1363 708 1393 in
721 1363 780 1393 hoc
790 1362 910 1392 mundo
922 1364 985 1391 tota

212 1419 303 1447 aetate
317 1417 450 1447 victuris
469 1417 550 1446 iuter
569 1416 674 1446 hostes
692 1415 869 1445 invisibiles
886 1417 916 1445 et
930 1423 982 1453 pe-

211 1470 311 1500 ricula
326 1469 538 1509 gradiendum
553 1471 609 1506 cst,
627 1469 660 1499 in
675 1468 831 1508 baptismo
847 1476 983 1507 regene-

213 1532 321 1553 ramur
336 1523 375 1554 ad
390 1523 489 1553 vitain
499 1545 506 1559 ‚
523 1524 592 1562 post
604 1522 800 1561 baptismum
815 1522 984 1551 confirma-

213 1584 285 1606 mur
301 1575 338 1606 ad
352 1584 497 1616 pugnam
512 1575 522 1591 ²
536 1587 541 1605 ·.
555 1587 567 1601 n
583 1575 660 1614 quia
674 1584 784 1605 omnes
795 1574 937 1604 viventes
952 1574 985 1604 in

211 1636 323 1668 pugna
338 1628 464 1665 vivunt,
480 1628 554 1667 quia
570 1628 580 1644 ¹
596 1627 714 1659 me'licz‘a
734 1631 779 1658 est
797 1628 867 1659 vita
882 1627 983 1658 homi-

211 1683 264 1713 nis
283 1690 377 1720 super
397 1685 521 1712 terram.
550 1680 595 1711 Ex
616 1681 811 1711 institutione
833 1689 911 1719 ergo
931 1680 986 1711 Ec-

212 1735 315 1765 clesiae
337 1737 394 1772 est,
418 1734 502 1774 quod
523 1733 630 1764 nullus
653 1733 692 1763 ab
712 1734 771 1764 hoc
789 1736 986 1764 sacramento

212 1788 378 1827 excipitur,
403 1787 456 1818 sed
480 1796 591 1817 omnes
615 1786 773 1827 suscipere
794 1786 925 1824 debent,
950 1788 986 1817 ut

212 1842 275 1872 sint
295 1840 417 1871 strenui
436 1842 651 1880 pugnatores:
677 1842 708 1870 et
730 1840 817 1876 ideo,
843 1840 870 1870 si
895 1840 984 1879 quis,

212 1903 286 1925 cum
301 1893 397 1924 habet
416 1894 536 1931 locum,
553 1894 585 1923 et
600 1895 736 1933 tempuS,
753 1895 784 1923 et
797 1893 984 1932 opportuni-

212 1949 325 1984 tatem,
349 1946 543 1985 negligendo
569 1946 757 1983 contemnit,
790 1946 930 1986 periculo
952 1955 984 1976 se

212 2000 351 2039 exponit.
367 1999 515 2030 Rationes
531 2008 608 2038 ergo
623 1999 792 2039 probantes
805 1999 888 2039 quod
905 1999 982 2030 sim-

212 2052 332 2092 pliciter
342 2052 555 2083 necessarium
565 2052 615 2088 sit,
629 2061 692 2082 non
703 2052 820 2083 valent.
832 2052 869 2082 Et
881 2052 984 2092 primo

212 2105 380 2136 auctoritas
395 2105 514 2135 Rabani
528 2104 719 2143 intelligitur
733 2105 771 2135 de
786 2104 983 2144 plenitudine

213 2158 327 2198 copiae,
347 2166 411 2188 non
429 2157 640 2195 sufficientiae;
663 2157 712 2188 vel
731 2157 770 2188 de
788 2157 986 2197 plenitudine

214 2220 278 2242 non
294 2211 328 2241 in
343 2219 420 2248 esse,
437 2210 490 2241 sed
503 2210 536 2240 in
548 2211 671 2241 robore.
683 2211 862 2241 Auctoritas
878 2211 984 2250 [lugo-

212 2263 262 2294 nis
281 2263 470 2302 intelligitur
492 2263 529 2293 de
553 2272 605 2300 eo,
629 2263 684 2303 qui
705 2263 813 2294 vivere
837 2264 929 2294 debet
950 2263 984 2294 in

212 2325 334 2356 pugna.
359 2316 503 2355 Sequens
522 2316 692 2346 auc-toritas
718 2316 908 2354 intelligitur
931 2325 985 2347 ra-

212 2369 296 2400 tione
310 2369 531 2408 negligentiae,
550 2371 580 2399 et
594 2371 793 2408 contemptus
808 2369 980 2400 institutio-

213 2422 263 2452 nis
277 2421 433 2453 Ecclesiae.

246 2501 252 2514 ¹
266 2501 339 2531 Cor-p.
349 2501 405 2531 jur.
418 2508 481 2529 cair„
496 2501 526 2525 de
538 2501 661 2531 Consecra,
676 2501 733 2525 dist.
745 2507 769 2531 v,
786 2509 808 2525 c.
825 2502 860 2525 De
874 2502 914 2525 his
931 2509 985 2526 vero

214 2536 317 2566 quibus;
331 2537 409 2560 Labb.
428 2537 513 2564 Coum,
527 2539 588 2561 tom.
606 2538 624 2565 l,
640 2537 688 2561 col.
709 2538 773 2561 1398.
786 2550 815 2554 -
825 2538 834 2553 ²
848 2538 984 2568 Hucusque

215 2570 366 2595 Melcbiades
378 2572 453 2602 Papa.
464 2585 494 2590 —
505 2572 513 2586 ³
525 2572 588 2602 Job„
600 2578 645 2601 vu,
659 2575 679 2596 1.
689 2584 718 2589 —
728 2572 735 2586 ⁴
750 2572 789 2601 Cf.
803 2572 877 2595 Alex.
888 2573 984 2603 Ateus„

215 2612 239 2635 p.
255 2606 296 2635 lV,
311 2614 336 2636 q.
350 2613 387 2635 rx,
405 2607 513 2631 membr.
532 2609 555 2635 12,
575 2610 621 2631 art.
641 2610 667 2637 1;
690 2609 716 2632 S.
729 2607 831 2637 Thom„
850 2615 875 2638 p.
898 2609 939 2639 iil,
958 2616 983 2639 q.

216 2643 485 2671 Lxx11,art.s;et1v
503 2644 580 2672 Seut.y
595 2644 652 2667 dist.
668 2650 711 2673 in,
728 2651 752 2674 q.
767 2650 795 2670 Η,
812 2646 859 2667 art.
877 2645 900 2674 1,
912 2651 936 2674 q.
953 2647 982 2674 3;

770 175 1078 208 SENTENTiARUM
1098 175 1174 207 LlB.
1196 175 1246 207 [v.

1082 242 1130 273 Ad
1143 242 1223 273 illud
1237 243 1321 283 quod
1336 243 1484 284 objicitur
1503 245 1541 275 de
1561 245 1754 277 confessione
1767 247 1807 277 fl-

1040 295 1110 333 dei,
1131 295 1300 326 dicendum
1323 296 1409 336 quod
1434 296 1510 328 illud
1531 307 1596 328 nou
1615 300 1662 329 est
1684 298 1806 339 simile,

1040 349 1116 389 quia
1142 349 1268 380 credere
1294 350 1507 380 necessarium
1531 353 1577 381 est
1599 351 1745 390 cuilibet,
1769 361 1810 384 ex

1041 411 1104 442 quo
1120 404 1168 432 est
1188 402 1315 433 adultus
1336 414 1342 434 ι
1360 402 1414 433 sed
1435 404 1577 434 confiteri
1599 413 1663 435 non
1684 407 1810 437 tenetur

1040 455 1100 486 nisi
1116 464 1173 495 pro
1188 455 1255 486 loco
1271 458 1302 486 et
1317 458 1471 496 tempore.

1080 511 1109 539 1.
1127 508 1175 539 Ad
1190 508 1267 539 illud
1283 509 1366 548 quod
1381 510 1530 549 objicitur
1550 511 1589 542 ad
1607 511 1788 551 oppositum
1800 535 1810 550 ‚

1040 561 1123 602 quod
1139 570 1204 592 non
1219 564 1266 592 est
1279 563 1455 594 necessaria
1474 563 1679 604 simpliciter,
1697 573 1812 596 verum

1040 616 1101 650 est,
1117 614 1192 654 quia
1211 615 1358 645 morienti
1381 618 1412 646 et
1431 625 1494 646 non
1512 617 1725 648 contemnenti
1743 617 1810 649 sut-

1040 667 1104 698 sscit
1118 667 1221 706 gratia
1235 668 1444 708 baptismalis.

1080 723 1110 752 2.
1126 721 1174 752 Ad
1188 721 1266 752 illud
1281 731 1357 752 vero
1372 722 1457 762 quod
1471 722 1629 763 objicitur,
1648 722 1733 763 quod
1746 732 1812 755 non

1040 776 1088 805 cst
1102 775 1278 805 necessaria
1291 775 1331 806 ad
1348 784 1494 815 pugnam
1506 800 1514 814 ,
1535 776 1705 807 dicendum
1726 775 1812 816 quod

1041 829 1188 868 quamvis
1211 828 1350 859 liberum
1374 829 1542 859 arbitrium
1570 838 1634 860 non
1657 831 1810 869 cogatur,

1040 883 1147 912 tamen
1170 882 1214 912 ita
1237 882 1435 913 infirmatum
1464 885 1511 913 est
1534 882 1811 922 pusillanimitate,

1041 935 1125 975 quod
1150 944 1316 975 nunquam
1340 937 1457 973 staret,
1482 935 1542 966 nisi
1569 935 1672 974 gratia
1699 935 1811 966 fortifi-

1041 990 1131 1019 cante
1146 990 1377 1018 sustentaretur
1388 1012 1395 1025 ‚
1412 990 1443 1019 et
1461 988 1514 1019 illa
1535 988 1702 1019 infirmitas
1720 997 1814 1020 cura-

1021 1044 1024 1048 '
1041 1044 1131 1072 retur
1148 1052 1154 1072 :
1171 1043 1202 1072 et
1224 1042 1294 1072 ideo
1314 1041 1490 1072 necessaria
1512 1044 1559 1072 est
1582 1041 1621 1072 ad
1643 1042 1810 1079 standum,

1041 1103 1105 1125 non
1120 1097 1248 1134 propter
1261 1094 1477 1134 impellentem
1492 1096 1620 1125 tantum
1629 1118 1639 1133 ‚
1655 1094 1706 1125 sed
1722 1103 1814 1135 prop-

1041 1150 1088 1178 ter
1103 1148 1286 1178 interiorem
1302 1147 1510 1178 debilitatem.

1082 1202 1110 1230 3.
1128 1200 1176 1230 Ad
1198 1200 1276 1230 illud
1297 1201 1382 1240 quod
1405 1200 1572 1239 objicitur,
1589 1200 1675 1240 quod
1694 1209 1813 1240 magna

1041 1254 1178 1284 charitas
1191 1255 1291 1293 potest
1307 1253 1439 1292 augeri,
1461 1253 1629 1284 dicendum
1646 1253 1749 1293 quod,
1766 1253 1813 1284 si-

1041 1309 1094 1337 cut
1109 1306 1142 1336 in
1158 1306 1315 1346 baptismo
1329 1306 1487 1345 contingit
1502 1306 1587 1345 quod
1603 1306 1716 1344 bomo,
1734 1306 1814 1338 bene

1041 1369 1074 1390 se
1088 1359 1315 1399 praeparamlo,
1337 1359 1433 1389 habet
1451 1360 1588 1397 gratiam
1601 1383 1608 1396 ,
1625 1368 1697 1399 quae
1719 1360 1814 1391 datur

1040 1412 1073 1443 in
1089 1413 1262 1452 baptismo,
1286 1414 1457 1452 antequam
1481 1412 1673 1452 baptizetur,
1690 1413 1734 1444 sic
1756 1422 1814 1453 po-

1041 1467 1100 1496 test
1114 1474 1181 1496 esse
1196 1465 1229 1495 in
1245 1465 1350 1504 gratia
1366 1465 1617 1496 confirmationis
1634 1476 1640 1497 :
1659 1469 1689 1496 et
1703 1468 1812 1497 tamen

1040 1519 1275 1549 sacramentum
1289 1518 1438 1558 baptismi
1451 1520 1496 1549 est
1510 1518 1737 1556 necessarium,
1747 1528 1813 1550 non

1041 1572 1238 1611 superfluum
1253 1595 1261 1609 ,
1282 1572 1355 1610 quia
1379 1572 1465 1601 illam
1490 1573 1628 1610 gratiam
1653 1572 1813 1603 efficacius

1041 1624 1112 1661 dat,
1129 1626 1159 1654 et
1173 1624 1236 1654 illis
1256 1624 1308 1654 dat
1329 1624 1383 1664 qui
1405 1633 1461 1664 per
1483 1633 1516 1654 se
1540 1633 1604 1655 non
1627 1627 1761 1665 possunt
1780 1634 1813 1657 se

1041 1677 1235 1708 sufficienter
1249 1677 1415 1716 disponere
1431 1677 1498 1707 sine
1514 1680 1712 1708 sacramento
1733 1688 1740 1708 :
1757 1686 1813 1717 per

1041 1730 1127 1760 hunc
1139 1739 1217 1769 ergo
1229 1730 1361 1760 modum
1375 1730 1621 1770 intelligendum
1633 1732 1679 1761 est
1693 1730 1727 1761 in
1742 1739 1813 1762 con-

1041 1783 1232 1813 firmatione.
1249 1782 1302 1813 Est
1317 1783 1418 1822 igitur
1431 1783 1607 1814 necessaria
1622 1783 1726 1822 gratia
1741 1792 1814 1815 con-

1042 1836 1248 1874 firmationis,
1278 1845 1341 1866 non
1368 1836 1435 1866 sine
1456 1845 1519 1876 qua
1542 1835 1726 1876 simpliciter
1748 1845 1813 1867 non

1041 1890 1075 1920 fit
1092 1890 1126 1929 (c)
1144 1890 1239 1926 salus,
1257 1889 1311 1919 sed
1326 1889 1392 1919 sine
1412 1898 1475 1928 qua
1490 1889 1538 1920 vel
1555 1898 1611 1929 per
1633 1898 1811 1919 sacramen-

1042 1944 1122 1979 tum,
1134 1942 1185 1973 vel
1199 1942 1276 1972 alias
1291 1944 1426 1981 accepta,
1446 1941 1620 1981 pugnando
1630 1950 1693 1972 non
1703 1950 1814 1981 perve-

1042 1995 1129 2026 nitur
1144 1994 1183 2026 ad
1197 1994 1344 2025 salutem.

1295 2099 1474 2137 QUAESTIO
1497 2099 1549 2130 111.

1059 2187 1105 2212 An
1118 2188 1317 2213 sacramentum
1332 2186 1539 2218 confirmationis
1551 2186 1638 2219 possit
1656 2185 1717 2213 dari
1736 2188 1797 2213 ante

1331 2229 1492 2264 baptismum
1504 2227 1523 2254 ⁶.

1081 2314 1123 2345 De
1139 2314 1232 2344 modo
1246 2314 1391 2344 sumendi
1414 2313 1489 2344 illud
1513 2315 1747 2344 sacramentum
1758 2337 1766 2351 ,
1782 2315 1813 2343 et
1826 2329 1929 2351 rmum

1041 2368 1079 2399 de
1100 2367 1229 2404 ordine;
1254 2370 1284 2397 et
1305 2367 1482 2398 ostenditur
1497 2367 1581 2406 quod
1597 2367 1682 2397 istud
1705 2374 1811 2396 sacra-

1042 2423 1185 2452 mentum
1199 2429 1264 2451 non
1277 2420 1376 2460 possit
1387 2420 1455 2451 dari
1469 2422 1543 2450 ante
1555 2419 1759 2460 baptismum.
1773 2417 1812 2448 Et

1041 2518 1105 2542 Guil.
1123 2518 1229 2544 Altisio..
1248 2518 1279 2542 lv
1296 2517 1374 2548 Sent„
1392 2519 1450 2542 trat.
1465 2524 1501 2547 w,
1522 2524 1544 2541 c.
1565 2522 1604 2547 nr,
1624 2522 1649 2548 q.
1669 2521 1705 2546 ης
1720 2515 1809 2546 Steph.

1042 2554 1145 2582 Brulef„
1163 2554 1192 2578 lV
1207 2554 1285 2583 Seni„
1298 2553 1356 2578 dist.
1370 2559 1424 2584 vin,
1435 2560 1460 2584 q.
1474 2559 1510 2577 ix.

1073 2608 1108 2638 (a)
1126 2607 1193 2630 Edit.
1219 2607 1275 2631 Ven.
1290 2609 1329 2631 est
1342 2607 1383 2630 de.
1398 2619 1427 2624 —
1443 2606 1476 2636 (b)
1493 2605 1551 2628 Cat.
1567 2604 1627 2627 edit.
1646 2604 1761 2634 simplex.
1781 2617 1811 2623 -

1043 2647 1069 2674 w)
1085 2644 1146 2668 Coet.
1163 2642 1223 2667 edit.
1243 2642 1284 2666 sit.

1824 251 1918 279 Respon-

1822 283 1854 303 sio
1900 283 1926 303 ad

1823 316 1860 335 ult.
1888 322 1926 343 pro

1823 346 1918 368 (undam.

2010 347 2017 458 ἐ
