2017 2948
140 2332 170 2351 De
189 2334 243 2352 cau»-

264 110 322 140 384
821 102 1132 136 SENTENTIARUM
1152 104 1226 136 LlB.
1251 105 1300 137 lV.

263 176 360 208 etiam
383 182 390 198 ¹
413 185 479 207 non
504 178 534 206 te
557 176 706 214 moveat,
723 171 812 216 quod
835 171 969 216 quidam
991 182 1057 203 non
1079 183 1116 204 ea
1134 171 1198 204 fide
1224 173 1378 217 parvulos
1397 174 1437 206 ad
1452 171 1652 217 baptismum
1667 175 1799 218 ferunt,
1819 181 1854 209 ut

263 245 321 278 per
336 233 495 277 Spiritum
519 231 559 264 ad
581 231 682 264 vitam
701 233 935 272 regenerentur
949 233 1122 269 aeternam3
1140 229 1195 262 sed
1210 241 1263 262 eos
1279 235 1393 274 putant
1410 231 1469 263 hoe
1484 231 1628 264 remedio
1643 234 1853 276 temporalem

263 291 405 335 accipere
421 290 603 323 sanitatem.
622 289 695 321 Non
711 288 797 321 enim
811 290 981 332 propterea
999 286 1123 320 illinon
1141 292 1396 330 regenerantur,
1414 288 1469 332 qui
1484 300 1542 321 nec
1559 300 1577 320 a
1591 289 1632 321 ab
1647 289 1719 322 aliis
1733 289 1792 323 hac
1805 291 1855 324 in-

267 349 408 381 tentione
423 349 619 382 offeruntur.
638 360 653 378 ³>

313 420 329 437 «
344 405 596 449 Aguosceudum
613 408 659 437 est
676 404 773 437 etiarn
790 409 800 425 ²
815 403 850 435 in
866 402 1070 447 baptiZandis
1085 403 1193 435 electis
1208 403 1273 436 duo
1289 407 1435 448 tempora
1458 416 1525 436 esse
1542 405 1701 438 servanda
1713 432 1721 446 ‚
1739 405 1770 438 id
1786 409 1854 447 est,

212 464 247 511 Ἰώ
267 464 388 497 Pascha
403 469 433 497 et
448 464 659 497 Pentecosten
673 487 681 503 ,
699 465 735 494 ut
757 461 791 493 in
809 460 942 493 sabbato
966 460 1097 494 I'aschae
1112 487 1119 502 ,
1137 461 1187 493 vel
1212 461 1416 494 Pentecostes
1440 462 1593 506 baptismi
1617 468 1856 496 sacramentum

264 521 456 555 celebretur.
482 521 545 560 Qui
570 531 645 553 vero
673 519 860 552 necessitate
885 519 999 552 mortis
1026 518 1078 552 vel
1104 519 1242 562 periculi
1258 523 1439 562 urgentur,
1463 520 1553 552 omni
1573 524 1718 565 tempore
1738 520 1857 554 debent

209 592 236 625 “rr
263 580 433 625 baptizari.
452 591 468 609 »

308 643 409 674 l'orro
424 641 531 673 cuncti
547 640 587 673 ad
603 640 804 684 baptismum
820 639 987 672 venientes
998 663 1006 679 ,
1024 638 1121 671 fidem
1144 650 1235 671 suam
1254 638 1398 682 profiteri
1421 639 1541 672 debent
1553 666 1560 680 ‚
1584 644 1615 672 et
1631 651 1793 684 exponere
1816 640 1856 674 ad

158 694 244 737 ,“,ῗζζ’,’,”
263 699 342 743 quid
359 698 534 743 petendum
552 698 701 730 venerint
715 697 755 729 ad
772 696 956 729 Ecclesiam.
976 695 1070 729 Unde
1085 696 1181 729 etium
1194 708 1211 728 a
1229 696 1422 739 baptizando
1437 697 1595 740 quaeritur
1613 710 1620 730 z
1640 697 1728 738 Quid
1740 698 1859 732 venisti

263 757 308 790 acl
321 757 504 790 Ecclesiam
516 757 647 800 petere?
662 755 725 794 Qui
743 755 769 787 si
785 754 918 787 adultus
932 759 998 795 est,
1018 765 1074 798 pro
1090 765 1122 785 se
1138 754 1309 797 respondet
1327 766 1333 785 ε
1352 753 1467 786 Fidem
1482 781 1489 793 ,
1508 755 1539 787 id
1556 759 1602 788 est
1617 760 1856 789 sacramentum

262 815 338 847 fidei
355 841 362 856 ,
379 819 410 847 et
427 814 620 847 doctrinam.
638 813 683 846 lta
698 813 796 846 etiam
812 824 870 857 per
884 812 1016 855 singula
1030 812 1270 853 interrogatus,
1288 811 1459 855 respondet
1474 823 1506 844 se
1518 811 1646 844 credere
1662 812 1695 845 in
1711 812 1855 854 Patrem,

260 878 291 905 et
306 873 428 906 Filium
443 899 451 914 ,
468 876 499 905 et
513 872 676 917 Spiritum
691 875 852 904 sanctum.
871 870 906 903 Si
919 874 1029 903 autem
1050 869 1210 914 parvulus
1225 873 1290 910 est,
1310 880 1375 901 non
1392 869 1503 902 valens
1523 869 1652 902 credere.
1674 870 1726 903 vel
1741 870 1855 915 loqui,

260 931 345 963 alius
359 942 418 975 pro
440 942 476 963 eo
499 930 683 975 respondet.
710 929 804 963 Unde
828 928 997 961 Isidorus³
1015 940 1025 959 :
1045 940 1061 959 «
1085 927 1221 960 Parvuli
1248 927 1314 959 alio
1338 927 1510 971 profitente
1534 927 1767 971 baptizantur,
1798 929 1856 973 qui

260 989 367 1022 adhuc
390 989 478 1032 loqui
501 989 551 1021 vel
576 988 705 1020 credere
720 987 869 1021 nesciunt
884 1000 891 1027 ;
909 986 992 1018 sicut
1014 985 1110 1018 etiam
1127 996 1184 1030 pro
1201 985 1296 1028 aegris
1309 1011 1317 1026 ‚
1336 985 1433 1017 mutis
1446 1011 1453 1025 ,
1472 984 1523 1018 vel
1539 985 1645 1017 surdis
1655 985 1740 1018 alius
1751 985 1856 1030 profi-

262 1051 359 1088 tetur,
376 1047 456 1079 dum
473 1046 690 1090 baptizantur.
717 1058 733 1076 »
752 1045 804 1078 sie
820 1049 850 1077 et
874 1045 913 1077 de
935 1043 1170 1088 poenitentibus
1193 1042 1357 1085 agendum
1382 1047 1440 1075 cst.
1467 1042 1503 1075 Si
1528 1054 1604 1075 vero
1629 1054 1687 1087 pro
1710 1054 1747 1075 eo
1763 1069 1771 1084 ,
1797 1043 1856 1087 qui

260 1105 455 1149 respondere
469 1107 589 1148 potest,
603 1103 688 1136 alius
701 1102 893 1147 respondeat
907 1127 914 1144 ‚
932 1113 999 1134 non
1015 1101 1128 1134 itidem
1143 1101 1240 1142 valet,
1253 1100 1336 1133 sicut
1350 1100 1473 1134 dictum
1485 1106 1532 1133 est
1545 1102 1555 1118 ⁴
1569 1113 1575 1133 :
1587 1103 1732 1135 ,litatem
1743 1100 1853 1143 habet,

254 1173 318 1206 pro
332 1173 364 1195 sc
378 1163 543 1207 loquatur.
562 1161 598 1194 Si
621 1172 699 1194 vero
724 1160 887 1205 quaeritur
910 1171 951 1192 ex
973 1170 1039 1203 quo
1055 1170 1151 1192 sensu
1175 1170 1231 1202 pro
1257 1158 1394 1202 parvulo
1416 1158 1543 1191 dicatur
1561 1172 1567 1191 :
1590 1172 1606 1190 ‹<
1622 1159 1724 1192 Credo
1738 1185 1746 1200 ,
1767 1172 1783 1190 »
1803 1158 1854 1191 vel

262 1234 277 1251 «
294 1220 408 1253 Fidem
424 1224 515 1264 peto3
534 1233 550 1251 >›
569 1219 707 1252 dicimus
721 1218 760 1250 de
779 1220 981 1250 sacramento
1002 1216 1079 1249 fidei
1094 1217 1127 1249 id
1147 1228 1214 1248 esse
1235 1216 1504 1257 intelligendum,
1531 1216 1618 1260 quod
1642 1216 1856 1260 respondetur

262 1282 386 1322 petere,
404 1289 479 1310 cum
494 1277 640 1310 defertur
660 1276 701 1310 ad
717 1275 893 1309 Ecclesiam
908 1301 916 1316 ‚
944 1278 975 1307 ct
1000 1274 1120 1306 habere
1146 1273 1244 1306 tidem
1267 1284 1340 1305 cum
1366 1273 1550 1317 baptizatur
1569 1286 1575 1305 :
1595 1278 1631 1306 ut
1654 1274 1695 1306 sit
1718 1285 1852 1316 sensus,

264 1347 338 1369 cum
355 1336 474 1368 dicitur
487 1348 493 1368 z
508 1335 728 1379 Fidempeto,
746 1334 779 1366 id
794 1337 841 1367 est
856 1336 1098 1365 sacramentum
1114 1331 1190 1363 fidei
1207 1335 1321 1374 przesto
1335 1342 1406 1363 sum
1424 1331 1581 1375 recipere3
1600 1331 1704 1365 Credo
1717 1358 1726 1371 ,
1744 1331 1776 1364 id
1792 1336 1852 1372 est,

261 1398 500 1427 sacramentum
518 1393 594 1426 fidei
609 1393 749 1436 suscipio
765 1418 772 1434 ,
789 1391 878 1436 quod
895 1394 941 1423 est
957 1402 963 1422 :
981 1390 1041 1422 Hic
1061 1393 1220 1433 parvulus
1239 1393 1354 1432 praesto
1372 1393 1418 1421 est
1440 1393 1678 1422 sacramentum
1703 1388 1779 1422 fidei
1803 1401 1853 1422 ac-

260 1452 378 1496 cipere.
395 1451 490 1484 Unde
504 1451 712 1493 Augustinus
728 1450 737 1466 ⁵
757 1462 763 1481 :
782 1463 797 1480 «
815 1449 906 1482 Niliil
928 1452 975 1481 est
995 1447 1087 1480 aliud
1109 1447 1239 1479 credere
1255 1458 1353 1490 quam
1371 1446 1470 1480 fidem
1486 1447 1605 1480 habere
1622 1459 1629 1479 ε
1645 1451 1676 1480 et
1689 1447 1762 1481 ideo
1776 1458 1852 1481 cum

261 1509 475 1554 respondetur
494 1509 623 1541 credere
648 1508 827 1552 parvulus,
850 1506 909 1550 qui
933 1505 1010 1538 fidei
1036 1505 1184 1538 nondum
1210 1504 1360 1537 effectum
1383 1504 1500 1546 habet,
1519 1505 1733 1549 respondetur
1752 1504 1851 1538 fidem

261 1568 379 1601 habore
395 1571 526 1611 propter
541 1565 618 1598 fidei
633 1568 872 1597 sacramentum
887 1590 895 1605 ,
913 1568 944 1596 et
958 1566 1145 1595 convertere
1167 1574 1200 1594 se
1223 1562 1264 1594 ad
1279 1562 1385 1595 Deum
1408 1566 1538 1606 propter
1557 1563 1780 1596 conversionis
1803 1574 1852 1596 sa—

260 1629 476 1658 cramentum.
495 1637 510 1655 ))
530 1623 594 1656 Sed
616 1623 722 1655 adhuc
746 1621 908 1666 quaeritur
929 1632 969 1653 ex
989 1632 1054 1665 quo
1078 1632 1174 1653 sensu
1192 1632 1248 1664 pro
1264 1620 1402 1664 parvulo
1418 1621 1653 1664 respondeatur
1672 1633 1678 1653 :
1699 1620 1803 1654 Credo
1818 1620 1853 1653 in

259 1685 363 1716 Deum
381 1683 514 1716 Patrem
529 1707 536 1723 ,
552 1688 580 1715 ct
594 1681 629 1713 in
644 1682 753 1713 Jesum
773 1679 941 1713 Christum
954 1704 962 1717 ,
981 1684 1011 1711 ct
1031 1678 1193 1722 Spiritum
1214 1684 1366 1711 sanctum
1379 1704 1387 1719 ,
1407 1678 1568 1722 numquid
1592 1678 1631 1711 de
1653 1683 1854 1711 sacramento

260 1740 357 1782 fidei,
374 1751 416 1772 an
431 1739 470 1772 de
495 1739 559 1771 fide
584 1738 702 1771 mentis
726 1737 771 1769 ibi
795 1736 927 1779 agitur?
944 1735 980 1768 Si
1004 1735 1043 1767 de
1066 1739 1285 1776 sacramento,
1302 1746 1361 1767 cur
1385 1735 1579 1768 nominatim
1604 1736 1855 1779 distinguuntur

261 1800 428 1842 [101501111ῑίν
446 1797 481 1830 Si
496 1807 573 1830 vero
590 1796 627 1829 de
651 1795 728 1828 fidei
754 1794 871 1827 affeetu
887 1820 895 1835 ‚
921 1792 1086 1838 quomodo
1111 1804 1226 1826 verum
1250 1796 1315 1834 est,
1334 1804 1406 1825 cuni
1431 1804 1467 1825 ea
1482 1793 1640 1837 parvulus
1655 1795 1784 1826 careat?
1802 1795 1853 1826 An

260 1856 344 1889 illud
370 1856 517 1888 facturus
540 1854 700 1899 parvulus
726 1852 944 1897 respondetur
966 1862 1042 1884 cum
1065 1850 1221 1893 creverit,
1245 1850 1327 1882 sicut
1351 1854 1382 1882 ct
1406 1850 1559 1883 omnibus
1583 1851 1710 1895 pompis
1732 1850 1855 1883 diaboli

260 1913 439 1957 spondetur
462 1912 721 1952 abrenunciare;
742 1910 831 1955 quod
858 1909 884 1942 si
910 1920 977 1942 non
1003 1908 1182 1941 servaverit
1202 1908 1307 1940 factus
1332 1908 1485 1949 adultus,
1507 1908 1671 1941 tenebitur
1691 1908 1778 1952 ipse,
1802 1908 1855 1941 vel

260 1974 420 2015 sponsor?
438 1971 524 2003 Sane
539 1970 636 2003 etiam
656 1969 719 2002 dici
734 1971 839 2012 potest
862 1967 908 2000 ibi
930 1966 1084 2011 sponderi
1106 1977 1164 2010 pro
1179 1966 1318 2010 parvulo
1329 1991 1337 2007 ‚
1354 1965 1443 2009 quod
1458 1966 1498 1998 ad
1514 1965 1670 2010 majorem
1685 1970 1812 1999 aetatem
1827 1966 1854 1998 si

260 2029 404 2070 venerit,
421 2033 451 2061 et
467 2028 597 2073 pompis
610 2027 733 2060 diaboli
749 2024 1008 2065 abrenuntiabit,
1021 2028 1052 2056 et
1069 2035 1181 2057 sanam
1197 2023 1295 2056 fidem
1312 2023 1453 2064 tenebit,
1469 2022 1563 2066 cujus
1580 2027 1655 2055 tunc
1669 2034 1853 2055 sacramen-

262 2092 330 2119 tum
347 2086 471 2130 recipit.
489 2086 556 2118 Hac
571 2089 681 2118 autem
702 2083 875 2128 sponsione
898 2081 1056 2127 parvulus
1074 2092 1133 2126 pro
1155 2092 1221 2125 quo
1237 2080 1296 2121 fit,
1314 2080 1496 2122 tenebitur,
1514 2091 1580 2113 non
1593 2092 1741 2124 sponsor,
1761 2081 1788 2113 si
1808 2086 1854 2113 ta-

262 2155 348 2186 men,
367 2148 404 2176 ut
420 2143 527 2176 cautio
543 2143 738 2187 impleatur,
754 2144 917 2186 quantum
933 2139 968 2171 in
983 2150 1015 2171 se
1030 2142 1094 2179 est,
1111 2149 1242 2183 operam
1258 2138 1383 2171 dederit
1401 2150 1406 2169 :
1425 2138 1503 2182 quia
1517 2138 1661 2181 exigitur
1676 2150 1694 2170 a
1709 2138 1852 2182 patrino,

261 2206 296 2234 ut
311 2201 351 2234 sit
366 2201 507 2243 diligens
528 2200 612 2232 circa
626 2211 701 2232 eum
717 2210 775 2243 pro
790 2209 857 2242 quo
879 2196 1069 2241 spopondit,
1084 2195 1266 2229 solicitudo.
1292 2195 1338 2228 De
1353 2195 1414 2228 hoc
1427 2195 1633 2238 Augustinus
1648 2195 1658 2211 ⁸
1676 2207 1683 2228 :
1705 2208 1722 2227 «
1736 2195 1855 2228 Certis-

259 2261 376 2293 simam
393 2257 546 2291 emisistis
561 2257 745 2290 cautionem
759 2281 768 2298 ‚
784 2267 849 2300 qua
865 2254 1058 2288 renunciare
1072 2253 1199 2298 pompis
1213 2252 1334 2286 diaboli
1350 2253 1579 2297 spopondistis.
1598 2267 1613 2285 η

306 2316 367 2349 llla
383 2319 492 2349 autem
508 2314 722 2358 interrogatio
737 2317 769 2347 et
784 2312 952 2357 responsio
967 2311 1044 2345 fidei
1065 2310 1103 2343 fit
1124 2311 1158 2343 in
1173 2310 1366 2343 catechismo
1381 2337 1388 2352 ,
1405 2311 1458 2343 eui
1479 2306 1610 2344 additur
1630 2311 1827 2344 exorcismus
1846 2322 1853 2342 :

293 2417 297 2430 ¹
315 2417 387 2445 Aug..
404 2415 434 2438 ad
452 2414 544 2442 Bonis..
559 2413 631 2444 epist.
646 2418 725 2442 xxiii,
739 2412 771 2435 al.
785 2417 875 2441 xcvul,
889 2418 915 2434 11.
928 2412 952 2437 ὅ,
964 2412 989 2433 et
1003 2410 1119 2439 liabetur,
1132 2409 1160 2431 (le
1174 2409 1296 2435 szsecr.v
1310 2409 1366 2433 dist.
1382 2416 1417 2437 iv,
1429 2416 1451 2433 0.
1464 2410 1517 2433 Non
1530 2411 1552 2433 te
1564 2411 1699 2433 moveat.—
1711 2408 1720 2423 ²
1733 2409 1783 2432 Leo
1798 2407 1856 2435 Pe„

259 2451 292 2474 acl
309 2451 373 2474 unz'v.
388 2458 432 2481 per
448 2449 562 2472 Siciliam
576 2448 729 2476 constitutos,
746 2447 819 2476 epist.
839 2453 875 2473 iv,
890 2447 914 2469 et
932 2445 1049 2474 habetur,
1066 2444 1095 2467 de
1110 2444 1234 2472 Consecu,
1252 2453 1256 2466 1
1270 2445 1308 2469 ist,
1326 2451 1360 2475 iv,
1377 2452 1397 2468 0.
1416 2445 1469 2468 Duo
1485 2447 1606 2475 tempora,
1623 2445 1648 2468 et
1663 2451 1684 2468 0.
1700 2444 1729 2467 Si
1745 2450 1793 2474 qun
1811 2449 1855 2465 ne-

259 2487 425 2509 ’,κω-1111111-
445 2485 452 2498 ³
470 2484 537 2514 lsid.,
555 2483 584 2507 dc
604 2483 685 2514 offic-2
705 2482 747 2505 lib.
765 2483 793 2506 ΙΙ.
811 2490 832 2505 ‹·.
849 2487 920 2509 miv,
937 2482 961 2503 et
975 2479 1089 2507 liabetur,
1107 2478 1135 2501 (Ie
1151 2480 1274 2508 Cous-err..
1295 2481 1352 2504 dist.
1372 2486 1406 2510 iv,
1426 2487 1448 2503 c.
1465 2480 1584 2510 Parvum·
1603 2486 1634 2503 ex
1650 2481 1724 2509 Aug„
1737 2477 1767 2501 de
1781 2477 1853 2507 Bam.

261 2522 323 2544 cont.
345 2520 500 2550 !)011‹1e.,lib.
518 2521 559 2549 lv,
582 2527 603 2543 c.
627 2524 699 2548 xxiv,
717 2524 741 2540 n.
758 2519 796 2540 111.
811 2529 840 2534 -
859 2519 866 2531 ⁸
884 2516 966 2544 doun„
983 2521 1018 2542 is,
1038 2517 1076 2538 21.
1090 2527 1119 2531 -
1136 2515 1143 2528 ³
1161 2518 1236 2545 Aug„
1251 2516 1283 2539 ad
1300 2516 1395 2546 Bonis„
1412 2515 1485 2545 epist.
1501 2521 1579 2545 xxm,
1594 2514 1627 2538 al.
1641 2518 1734 2543 xcvin,
1748 2519 1774 2536 u.
1791 2514 1813 2535 9.
1830 2515 1854 2536 et.

262 2555 378 2583 habitur,
394 2555 422 2577 cle
439 2556 562 2585 Com-erza,
578 2553 634 2577 dist.
656 2559 689 2580 lv,
706 2559 728 2576 c.
745 2553 791 2575 Pro
806 2551 927 2580 paruulis.
943 2562 973 2569 -
985 2550 994 2565 ὃ
1009 2550 1055 2581 ld„
1070 2549 1100 2573 de
1118 2549 1213 2580 Symb.‚
1229 2552 1255 2575 et
1269 2550 1386 2581 habetur,
1405 2550 1436 2574 de
1451 2550 1573 2580 Consecr„
1594 2549 1650 2574 dist.
1672 2554 1706 2577 tv,
1726 2554 1748 2571 c.
1769 2548 1853 2572 Primo

263 2590 351 2620 iqilur.
