2017 2948
28 277 123 303 Praecep-

34 310 77 327 tum
97 310 117 328 2.

621 151 717 182 DIST.
739 151 884 181 XXXVII.
908 149 999 180 ΛΒΤ.
1024 149 1047 179 Ι.
1071 148 1220 185 QUAEST.
1245 149 1268 179 l.

146 221 283 252 hibenda
293 219 539 256 deordinatioue,
553 226 626 257 quae
638 219 684 248 est
695 219 804 248 contra
814 217 915 257 ipsius

146 284 213 305 esse
229 274 396 311 individui,
412 274 442 303 et
455 273 499 302 sic
514 274 560 301 est
572 271 651 301 illud
668 281 674 299 :
693 271 763 302 Non
778 270 915 303 occides,-

146 330 201 358 aut
217 329 324 358 contra
340 327 478 357 debitam
495 325 766 355 conservationem
791 323 914 363 speciei,

147 384 177 412 et
191 381 235 411 sic
250 383 296 411 est
310 380 405 410 illud:
420 379 491 410 Νοη
507 377 724 415 moechaberz‘s;
741 379 794 407 aut
809 379 917 406 contra

147 434 375 474 possessionem
390 431 571 471 temporalis
595 431 737 467 subsidii,
762 432 792 460 et
813 430 856 459 sic
873 431 918 459 est

148 486 224 517 illud
242 497 248 516 :
266 486 335 517 Non
351 485 472 523 furlum
487 484 596 522 facies.
623 483 655 513 Si
669 485 775 513 autem
790 482 916 512 ordine-

149 549 222 570 mur
248 539 286 569 ad
310 538 493 578 proximum
514 536 688 567 secundum
713 537 818 565 actum
842 535 916 572 oris,

148 593 192 622 sic
205 594 252 622 est
267 591 343 621 illud
362 591 547 621 mandatum
566 601 572 620 ε
597 589 668 621 Non
691 589 807 627 falsum
831 588 920 619 tesci-

148 646 289 677 mom'um
303 645 401 676 dices.
418 644 450 674 Si
462 653 539 675 vero
549 643 725 673 secundum
737 644 842 672 actum
853 650 919 671 cor-

149 698 216 735 dis,
241 697 296 737 qui
324 697 451 737 quidem
473 696 613 726 consistit
641 695 673 725 iu
698 694 828 732 affectu⁷
861 694 921 724 hoc

149 751 305 790 contingit
328 750 493 790 dupliciter
509 759 517 779 ε
534 751 589 779 aut
606 748 788 785 liberaliter,
812 752 921 778 contra

150 804 368 842 cupiditatem,
393 805 448 832 aut
468 802 617 839 honeste,
641 803 749 831 contra
771 801 918 839 volupta-

150 859 213 886 tem
232 867 238 886 :
256 858 286 886 et
307 855 481 885 secundum
496 855 554 884 boc
570 856 644 884 sunt
668 854 730 883 duo
747 853 895 883 mandata
912 864 918 883 :

151 918 252 939 unum
267 910 376 938 contra
389 907 562 947 voluptatis
577 905 878 945 concupiscentiam,
892 907 922 935 et

152 961 195 991 sic
208 963 253 991 est
266 960 342 990 illud
356 971 362 991 :
377 960 447 991 Non
461 960 660 999 concupisces
672 966 803 990 uoeorem
813 967 825 997 ,·
837 958 921 988 aliud

151 1023 227 1044 vero
242 1016 357 1044 contra
373 1013 575 1052 cupiditatem
590 1015 620 1042 et
633 1012 811 1049 avaritiam,
835 1013 865 1041 ct
879 1011 922 1040 sic

153 1069 199 1097 est
215 1067 290 1097 illud
310 1076 317 1096 ι
341 1067 411 1098 Non
432 1066 631 1105 concupisces
656 1073 728 1096 rem.
756 1064 792 1094 Et
807 1064 850 1093 sic
869 1073 924 1103 per

152 1129 279 1150 omnem
296 1119 427 1150 modum
447 1121 531 1158 patet
554 1127 707 1148 numerus
723 1119 753 1147 et
766 1117 924 1147 sufficien-

152 1173 196 1203 tia
223 1173 446 1202 mandatorum
474 1171 623 1210 Decalogi
653 1180 660 1200 :
686 1170 838 1209 quoniam
865 1169 925 1199 tria

152 1227 237 1263 sunt,
254 1234 326 1265 quae
341 1224 488 1255 ordinant
503 1224 665 1254 hominem
681 1225 822 1262 respectu
840 1231 925 1252 sum-

152 1288 214 1309 mae
232 1278 411 1315 Trinitatis;
441 1280 471 1308 et
491 1279 610 1316 septem
635 1279 720 1314 sunt,
743 1285 815 1315 quae
839 1275 925 1305 ordi-

152 1334 228 1362 nant
243 1331 405 1362 hominem
420 1332 564 1370 respectu
576 1330 672 1360 totius
684 1329 844 1359 inferioris
858 1328 925 1358 uni-

152 1385 326 1416 versitatis:
338 1386 372 1415 ut
387 1384 430 1414 sic
440 1393 506 1414 non
520 1385 644 1413 tantum
660 1383 699 1412 sit
715 1381 926 1421 congruentia

153 1437 279 1468 numeri
305 1428 345 1467 eir
368 1439 455 1476 parte
479 1437 546 1474 rei,
575 1436 628 1466 sed
654 1436 748 1466 etiam
773 1444 812 1465 ex
839 1436 926 1473 parte

153 1490 252 1530 ipsius
267 1489 441 1520 numeralis
456 1489 679 1528 proportIOnis,
704 1497 801 1526 quam
817 1487 925 1517 rectis-

154 1543 233 1573 sime
253 1542 410 1581 contingit
434 1542 466 1571 in
486 1542 614 1572 denario
638 1541 788 1577 inveniri⁷
814 1549 927 1569 secun-

154 1596 230 1627 dum
245 1596 330 1636 quod
351 1595 440 1625 docet
454 1595 656 1634 Augustinus
681 1594 713 1623 in
727 1593 807 1623 libro
823 1593 928 1623 Musi-

154 1649 230 1686 cae¹,
256 1649 311 1679 ubi
333 1647 469 1678 ostendit
484 1648 515 1677 in
532 1647 661 1678 denario
682 1646 853 1686 quamdam
871 1655 927 1676 ex-

154 1703 317 1734 cellentem
333 1711 400 1732 esse
410 1702 646 1741 perfectionem,
659 1701 699 1731 ob
712 1709 809 1740 quam
825 1702 925 1729 status

155 1758 199 1786 est
223 1756 255 1786 in
270 1764 406 1785 numero
430 1754 501 1791 11103
529 1756 560 1783 et
575 1754 659 1784 ultra
681 1754 713 1783 in
730 1753 928 1783 numerando

155 1819 219 1840 non
240 1808 437 1848 procedimus
454 1816 537 1837 nova
550 1807 783 1844 numeratione,
810 1806 861 1836 sed
878 1815 929 1835 re-

157 1863 262 1893 dimus
276 1862 313 1891 ad
331 1863 424 1900 caput
439 1870 444 1889 :
458 1864 488 1891 et
504 1861 573 1891 ideo
584 1861 615 1890 in
629 1870 763 1890 numero
780 1860 832 1889 illo
845 1860 930 1889 dece-

158 1916 211 1946 bat
225 1914 388 1944 terminari
412 1916 443 1944 et
464 1913 689 1952 comprehendi
714 1913 823 1943 divina
846 1922 928 1951 prse-

159 1969 257 2006 cepta,
275 1975 346 2006 quae
362 1970 434 1995 sunt
449 1965 499 1996 via
515 1965 701 1996 deveniendi
715 1965 752 1995 ad
769 1965 931 2004 perfectio-

160 2031 233 2052 nem
265 2030 436 2051 summam.
478 2020 717 2050 Concedendum
750 2023 796 2050 est
831 2020 931 2059 igitur

160 2075 244 2116 quod
260 2075 367 2106 decem
383 2076 456 2104 sunt
472 2074 619 2104 mandata
633 2074 793 2113 Decalogi,
817 2083 932 2104 secun-

161 2129 237 2159 dum
260 2128 344 2168 quod
363 2127 416 2158 lex
439 2127 530 2164 dicit,
556 2135 614 2157 nec
638 2127 741 2166 plura⁷
770 2136 828 2157 nec
852 2136 930 2166 pau-

162 2182 257 2211 ciora.

205 2238 232 2265 l.
263 2234 311 2265 Ad
338 2233 414 2264 illud
441 2242 516 2264 vero
542 2233 626 2273 quod
650 2234 755 2273 primo
784 2233 932 2273 objicitur

165 2290 197 2319 in
213 2287 418 2324 contrarium,
434 2287 519 2326 quod
541 2287 595 2326 qui
610 2287 713 2326 diligit
729 2287 911 2326 proximum
924 2311 932 2325 ,

167 2335 272 2382 legem
302 2341 444 2380 implevit
458 2364 465 2377 ‚
499 2341 668 2372 dicendum
703 2342 786 2381 quod
823 2351 936 2381 quam-

168 2397 216 2427 vis
240 2396 272 2426 in
297 2394 462 2425 dilectione
488 2394 626 2432 proximi
649 2394 834 2424 claudantur
848 2403 936 2424 man-

169 2451 241 2481 data
262 2446 439 2478 ordinantia
469 2445 508 2475 ad
525 2447 706 2485 proximum
739 2447 771 2476 in
797 2447 935 2486 quadam

170 2500 387 2542 generalitate,
404 2500 510 2528 tamen
520 2502 648 2538 propter
666 2500 936 2530 obnubilationem

171 2557 288 2598 peccati
302 2556 519 2596 opportunum
535 2555 602 2584 erat
615 2556 646 2585 et
655 2563 835 2593 congruum
851 2563 937 2585 man-

204 2621 209 2634 ¹
224 2620 299 2649 Aug„
312 2618 341 2641 de
353 2616 554 2646 Musz'c.,1ih.1t,
571 2623 592 2643 c.
609 2622 644 2641 xl.

1681 149 1737 178 169

970 216 1042 246 data
1057 215 1121 252 illa,
1142 224 1199 255 per
1213 224 1286 255 quae
1307 215 1465 246 evitantur
1485 214 1633 254 speciales
1646 214 1738 245 deor-

971 269 1158 306 dinationes,
1177 269 1326 308 explicari
1350 268 1381 298 in
1402 268 1537 307 speciali.
1557 267 1644 298 Unde
1661 267 1740 298 sicut

972 322 1076 353 unitas
1099 322 1225 360 generis
1257 331 1319 352 non
1345 321 1481 352 excludit
1504 321 1740 351 multitudinem

973 374 1159 414 specierum,
1176 384 1233 404 nec
1249 375 1355 404 unitas
1365 374 1438 403 finis
1449 373 1586 402 excludit
1601 373 1742 402 multitu-

973 428 1080 458 dinem
1103 437 1213 458 eorum
1242 437 1314 467 quae
1338 429 1413 457 sunt
1433 426 1471 456 ad
1493 428 1607 461 tinem;
1635 425 1678 454 sic
1702 435 1741 455 vx

975 481 1096 511 unitate
1132 481 1271 511 mandati
1296 479 1469 510 dilectionis
1497 478 1529 508 in
1558 477 1742 516 proximum

975 543 1039 563 non
1053 536 1153 573 potest
1168 533 1324 570 concludi,
1345 532 1428 572 quod
1444 540 1508 561 non
1527 531 1567 560 sit
1582 530 1744 570 pluralitas

975 586 1197 616 mandatorum
1208 586 1246 616 ad
1261 586 1452 625 proximum.

1015 641 1045 669 ΞΣ.
1063 639 1110 669 Ad
1123 639 1200 670 illud
1216 639 1301 679 quod
1314 638 1473 677 objicitur,
1490 637 1574 676 (111011
1598 637 1648 667 lex
1672 646 1745 676 pro-

975 692 1112 722 hibendo
1127 692 1412 732 concupiscentiam
1428 690 1574 730 prohibet
1588 690 1680 726 mala,
1699 690 1746 719 di-

977 745 1113 775 00011001
1138 745 1222 784 quod
1246 744 1499 783 concupiscentia
1520 742 1658 773 sumitur
1688 752 1744 781 ge-

977 799 1136 835 neraliter,
1153 801 1183 828 et
1199 798 1375 837 specialiter
1393 808 1398 826 z
1419 797 1608 835 generaliter
1630 805 1746 826 concu-

977 852 1128 890 piscentia
1143 851 1256 881 dicitur
1277 851 1409 890 quilibet
1425 850 1583 888 appetitus
1598 849 1746 879 libidino-

978 914 1031 934 sus
1046 906 1076 933 et
1086 904 1335 940 immoderatus;
1354 902 1525 942 specialiter
1542 911 1617 931 vero
1634 901 1749 931 dicitur

978 966 1043 987 esse
1058 957 1214 996 appetitus
1225 955 1416 986 delectabilis
1426 954 1599 984 secundum
1617 957 1749 991 gustum

978 1013 1008 1041 et
1022 1012 1152 1040 tactum.
1172 1010 1208 1039 Et
1221 1010 1323 1048 primo
1338 1008 1466 1048 quidem
1485 1007 1576 1037 modo
1593 1007 1626 1036 in
1643 1007 1750 1046 prohi-

978 1063 1095 1093 bitione
1111 1061 1530 1100 concupiscentiaedit-untur
1543 1060 1649 1089 omnia
1666 1059 1751 1089 mala

979 1116 1157 1156 probiberi3
1175 1115 1310 1146 secundo
1326 1117 1432 1144 autem
1448 1113 1542 1143 1110110
1559 1115 1642 1143 tenet
1656 1113 1750 1143 ratio-

979 1179 1053 1200 nem
1071 1169 1215 1208 specialis
1234 1168 1390 1205 mandati,
1415 1169 1445 1197 et
1465 1168 1653 1196 numeratur
1669 1166 1750 1196 inter

980 1223 1128 1252 mandata
1143 1221 1299 1260 Decalogi.

1021 1278 1049 1306 3.
1067 1276 1114 1306 Ad
1128 1276 1205 1305 illud
1221 1275 1305 1314 quod
1323 1274 1483 1313 objicitur,
1501 1273 1585 1312 quod
1601 1273 1655 1312 qui
1677 1282 1748 1312 pec-

981 1331 1029 1359 cat
1057 1328 1240 1365 mortaliter,
1265 1328 1404 1367 seipsum
1427 1326 1558 1363 occidit,
1582 1326 1751 1356 dicendum

981 1382 1066 1421 quod
1086 1382 1117 1411 in
1140 1381 1352 1420 prohibitione
1380 1379 1544 1409 homicidii
1563 1387 1626 1408 non
1642 1378 1749 1417 prohi-

981 1435 1073 1465 betur
1101 1434 1295 1464 dem-dinatio
1328 1434 1559 1471 cujtiscumque
1594 1431 1642 1461 vis
1658 1454 1666 1468 ,
1698 1431 1751 1461 sed

981 1487 1177 1518 deordinatio
1188 1486 1337 1526 potentiae
1353 1485 1527 1522 irascibilis,
1544 1493 1616 1524 quae
1631 1484 1662 1514 in
1682 1486 1753 1514 actu

981 1540 1139 1578 interiori,
1167 1540 1217 1570 vel
1239 1539 1278 1569 ad
1301 1541 1407 1568 aetum
1432 1537 1621 1567 exteriorem
1645 1536 1753 1576 aliquo

982 1595 1075 1625 modo
1088 1594 1183 1624 habet
1195 1592 1345 1623 ordinari.
1371 1591 1458 1621 Unde
1474 1591 1622 1630 quamvis
1643 1590 1751 1629 prohi-

982 1649 1094 1678 beatur
1110 1648 1152 1677 ibi
1167 1646 1374 1677 homicidium
1389 1643 1492 1683 operis
1514 1646 1544 1673 et
1568 1642 1752 1679 voluntatis,

983 1713 1047 1733 11011
1068 1706 1175 1733 tamen
1198 1701 1384 1742 prohibetur
1409 1708 1502 1730 omne
1524 1700 1701 1738 peccatum.
1718 1697 1755 1727 Et

984 1758 1148 1795 propterea
1160 1765 1199 1785 ex
1210 1755 1269 1784 hoc
1284 1763 1347 1783 non
1363 1754 1463 1792 potest
1478 1750 1623 1781 concludi
1639 1759 1751 1789 super-

983 1809 1089 1839 ssuitas
1108 1809 1244 1838 aliorum
1260 1806 1484 1837 mandatorum
1500 1803 1657 1841 Deciilogi.

1024 1865 1053 1891 4.
1071 1862 1117 1891 Ad
1132 1861 1208 1890 illud
1226 1859 1309 1899 quod
1331 1858 1490 1897 objicitur,
1508 1857 1593 1896 quod
1608 1856 1657 1885 lex
1682 1865 1756 1894 pro—

984 1915 1072 1944 hibet
1096 1922 1245 1950 manum,
1263 1914 1293 1942 et
1316 1921 1380 1941 non
1401 1910 1562 1946 animum,
1587 1908 1755 1939 dicendum

985 1967 1068 2007 quod
1084 1968 1143 1997 boc
1158 1976 1221 1996 non
1244 1965 1370 2002 dicitur,
1388 1964 1472 2003 quod
1493 1963 1543 1993 lex
1560 1971 1625 1992 non
1648 1961 1754 2001 prohi-

986 2022 1056 2051 beat
1078 2022 1239 2060 peccatum
1260 2018 1379 2054 cordis3
1397 2017 1451 2047 sed
1466 2016 1667 2052 hocvdicitur,
1683 2014 1757 2053 quia

986 2077 1147 2114 peccatum
1165 2073 1265 2103 cordis
1278 2080 1342 2101 non
1358 2072 1449 2110 punit
1465 2078 1558 2109 prena
1575 2068 1694 2105 mortis,
1709 2076 1757 2097 se-

986 2129 1127 2159 cundum
1142 2127 1225 2166 quod
1242 2128 1406 2166 peccatum
1422 2124 1537 2163 operis,
1556 2122 1640 2162 quod
1658 2123 1758 2161 potest

987 2181 1126 2211 exterius
1144 2179 1269 2219 probari
1297 2190 1303 2208 :
1328 2178 1412 2208 unde
1436 2185 1492 2216 per
1514 2174 1760 2215 prohibitionem

988 2234 1165 2272 intelligere
1181 2240 1350 2272 possumus
1365 2239 1468 2270 poenae
1492 2228 1707 2258 inflictionem.
1725 2225 1762 2256 Et

989 2297 1027 2317 ex
1052 2288 1112 2317 hoc
1139 2295 1201 2316 non
1225 2286 1327 2325 potest
1351 2283 1461 2313 haberi
1484 2281 1568 2321 quod
1599 2280 1762 2319 peccatum

989 2340 1091 2370 cordis
1118 2349 1183 2369 non
1212 2338 1322 2368 debeat
1347 2335 1508 2376 prohiberi
1543 2334 1575 2363 in
1606 2331 1763 2362 mandatis

991 2393 1148 2431 Decalogi.

1032 2447 1061 2476 5.
1078 2445 1126 2475 Ad
1140 2444 1217 2475 illud
1233 2443 1318 2483 quod
1333 2441 1493 2480 objicitur,
1511 2438 1594 2479 (111011
1615 2436 1765 2467 deberent

991 2508 1057 2530 esse
1072 2499 1173 2538 plura⁷
1195 2497 1270 2537 quia
1291 2496 1382 2535 plura
1402 2494 1554 2524 debemus
1578 2490 1649 2527 Deo,
1667 2497 1764 2528 quam

993 2551 1128 2588 homini,
1146 2550 1313 2581 dicendum
1335 2547 1419 2587 quod
1442 2545 1550 2576 omnia
1571 2552 1646 2583 quae
1668 2542 1765 2573 debe-

994 2613 1066 2636 mus
1080 2603 1213 2641 homini,
1230 2599 1463 2643 quodammodo
1482 2597 1634 2628 debemus
1652 2597 1683 2626 et
1698 2595 1764 2625 sol-
