2017 2948
825 154 1014 186 DISTINCT.
1040 156 1090 187 IX.
1110 156 1200 186 ART.
1226 157 1248 186 l.

551 260 619 282 DUB.
639 259 685 281 111.

379 317 427 346 Qui
444 323 505 341 vero
522 318 548 341 in
566 324 606 341 me
623 324 676 342 non
693 320 792 347 manet,
811 319 858 342 etc.

276 379 407 410 Videtur
422 379 502 409 male
516 379 629 415 dicere,
645 379 721 419 quia
734 388 806 409 cum
822 389 915 410 nemo
928 380 1005 410 sciat

236 435 344 463 utrum
361 436 483 463 maneat
500 433 531 462 in
548 442 603 471 eo,
622 442 702 472 ergo
720 442 812 463 nomo
824 433 880 463 scit
894 436 1003 463 utrum

236 487 356 525 peccet,
373 485 498 524 quando
515 486 626 525 accipit
643 488 875 515 sacramentum
897 496 904 515 z
926 494 1004 524 ergo

236 538 379 578 quilibet,
394 538 520 577 quando
542 539 666 578 accipit,
689 538 856 568 committit
878 547 911 568 se
936 538 999 568 dis-

235 590 370 621 crimini.

276 643 366 684 Resp.
383 644 523 675 Verbum
540 643 616 674 illud
633 643 876 683 intelligendum
898 646 945 674 est
966 643 1003 673 de

234 707 271 728 eo
283 699 339 737 qui
353 698 409 728 scit
425 707 457 728 se
472 707 539 728 esse
559 699 650 727 extra
665 697 823 727 Christum
837 721 844 734 ,
860 697 903 727 ila
919 696 1004 736 quod

235 751 327 790 plura
342 751 433 789 signa
443 753 474 781 et
484 750 612 781 fortiora
627 750 742 780 habeat
757 750 795 779 ad
810 750 1003 789 oppositum,

233 812 332 843 quam
359 803 399 834 ad
426 803 631 843 propositum.
665 802 744 833 Nam
773 802 796 831 si
826 802 1001 841 probabilia

234 856 328 895 signa
342 856 456 886 habeat
470 857 508 886 de
522 857 645 895 gratia,
663 855 778 885 suflicit
801 855 861 884 sibi
882 855 922 884 ad
944 854 1004 885 hoc

233 909 317 948 quod
334 911 495 949 peccatum
511 918 573 939 non
594 909 751 945 incurrat,
776 907 850 948 quia
875 916 939 937 non
953 907 1002 936 in-

233 962 332 992 currit
355 964 595 1001 contemptum:
622 961 769 1000 quamvis
791 969 853 990 non
880 962 1003 990 tautum

233 1025 265 1046 50
282 1017 442 1055 disponat,
459 1016 544 1055 quod
559 1015 640 1045 Deus
655 1017 791 1054 acceptet
807 1014 948 1044 omuino.

549 1108 617 1130 DUB.
645 1108 689 1129 IV.

404 1168 430 1191 lu
447 1166 489 1190 illo
508 1167 577 1190 euim
594 1167 768 1194 sacramento,
787 1167 834 1188 etc.

273 1229 404 1259 Videtur
422 1228 503 1259 male
525 1228 644 1263 dicere,
667 1227 742 1267 quia
762 1227 787 1256 si
812 1235 869 1256 nos
891 1235 1004 1257 sumus

233 1291 283 1313 res
309 1281 515 1318 sacramenti,
537 1289 615 1319 ergo
643 1290 716 1310 cum
741 1279 912 1318 recipimus
936 1288 1004 1309 rem

233 1334 420 1365 sacramenti
441 1357 450 1372 ,
489 1334 717 1363 manducamus
764 1333 1000 1372 nosmetipsos:

233 1388 316 1428 qnod
337 1389 383 1418 est
399 1387 529 1417 omnino
553 1386 795 1423 inconveniens,
812 1388 846 1415 ut
867 1386 1002 1415 videtur.

274 1439 364 1479 Resp.
383 1439 554 1470 Dicendum
571 1439 653 1478 quod
669 1448 726 1468 1105
746 1448 858 1468 snmus
876 1448 926 1468 res
941 1438 1002 1468 hu-

229 1495 284 1533 jus
298 1492 486 1524 sacramenti
500 1501 563 1522 non
578 1492 771 1530 simpliciter,
789 1491 842 1521 sed
858 1491 890 1521 in
907 1501 1005 1531 quan—

232 1549 302 1577 tum
317 1555 428 1576 sumus
450 1546 612 1580 membra,
629 1544 696 1574 sive
713 1544 745 1573 in
767 1547 924 1583 quantum
947 1553 1003 1574 su-

233 1609 304 1630 mus
325 1599 405 1629 uniti
431 1599 490 1638 ipsi
520 1598 637 1636 capiti:
660 1597 743 1627 unde
770 1599 1003 1627 sacramentum

232 1652 309 1683 illud
332 1652 441 1691 signat
465 1651 617 1681 unionem
645 1650 784 1690 corporis
808 1650 923 1682 Christi
948 1659 1004 1690 per

232 1706 502 1745 comparationem
523 1704 743 1734 membrorum
760 1704 798 1734 ad
822 1704 959 1734 invicem
975 1706 1005 1733 et

233 1760 270 1790 ad
287 1761 392 1799 caput.
409 1757 540 1796 Quando
559 1766 639 1796 ergo
655 1765 712 1786 nos
727 1757 785 1786 51111
803 1757 916 1795 univit,
933 1757 1005 1787 fecit

233 1821 306 1850 nos,
322 1812 353 1842 id
368 1814 432 1849 est,
453 1811 555 1850 ipsam
576 1810 727 1840 unionem
746 1818 815 1840 rem
834 1810 934 1849 hujus
953 1819 1003 1840 sa-

234 1865 409 1901 crementi,
433 1864 510 1903 quia
532 1863 624 1893 nobis
646 1872 713 1893 rem
737 1863 923 1893 sacramenti
948 1862 1004 1893 tri-

235 1919 303 1949 buit
320 1929 326 1946 :
343 1926 416 1957 quae
431 1917 507 1947 unio
524 1916 664 1956 quotidie
687 1916 719 1946 in
741 1916 832 1946 nobis
853 1916 962 1946 0105011
977 1918 1008 1946 01

236 1971 434 2008 melioratur,
460 1969 634 2000 secundum
657 1969 743 2008 quod
767 1969 878 1999 devote
901 1977 1004 1999 sacra·

237 2025 381 2054 mentum
396 2022 576 2062 suscipitur.

559 2120 625 2142 DUB.
651 2120 682 2141 V.

267 2184 314 2213 Qui
337 2184 473 2208 manducat
491 2187 516 2207 et
533 2183 596 2207 bibit
613 2183 716 2207 calicem
736 2183 838 2207 Domini
857 2183 974 2213 indigne,

355 2220 478 2249 judicium
494 2220 542 2243 sibi
555 2220 692 2243 manducat
707 2221 731 2243 et
745 2219 817 2248 bibit,
833 2221 882 2242 etc.

276 2289 435 2326 Quaeritur
459 2288 510 2318 hic
530 2311 537 2325 ,
567 2288 644 2328 quid
669 2289 708 2318 sit
737 2288 929 2318 manducare
956 2287 1007 2317 in·-

237 2342 345 2381 digne.

276 2394 367 2434 Resp.
384 2394 554 2425 Dicendum
569 2394 654 2434 quod
670 2394 785 2434 triplex
800 2396 846 2425 est
864 2394 1004 2432 indigni-

237 2451 294 2485 tas,
305 2447 480 2477 secundum
496 2447 581 2486 quod
596 2447 762 2485 distinguit
779 2446 887 2477 Glossa
900 2450 920 2483 ¹,
933 2455 1006 2486 quae

238 2500 310 2531 facit
331 2500 494 2530 bominem
519 2500 664 2530 accedere
686 2500 828 2539 indigne.
852 2500 1008 2539 Indignus

239 2556 287 2585 est
301 2554 357 2594 qui
372 2562 435 2584 non
449 2552 563 2584 devota
577 2555 682 2583 mente
696 2553 813 2583 aceedit
829 2554 868 2584 ad
882 2553 1008 2585 Eucha-

272 2616 279 2628 Λ
292 2615 374 2639 61055.
391 2615 415 2637 in
433 2616 439 2638 1
455 2614 522 2643 Cor„
538 2621 574 2638 ιι.

1775 163 1830 191 437

1060 222 1200 259 ristiam,
1222 223 1271 253 vel
1290 223 1322 253 in
1347 225 1507 257 voluntate
1529 227 1675 266 peccandi
1701 230 1808 258 manet
1822 251 1830 264 ,

1060 274 1111 305 vel
1126 275 1181 314 qui
1200 274 1290 306 aliter
1312 276 1447 308 celebrat
1464 279 1650 318 mysterium
1667 303 1675 316 ,
1698 288 1796 319 quam
1812 288 1831 310 a

1061 328 1182 359 Christo
1196 328 1374 360 institutum
1394 333 1451 361 est.
1473 332 1518 362 Ex
1542 332 1603 362 hoc
1621 333 1733 363 elicere
1759 341 1830 372 pos-

1061 391 1173 412 sumus
1201 382 1353 422 triplicem
1382 384 1608 423 indignitatem
1637 397 1643 416 :
1674 386 1830 425 primam,

1061 445 1134 475 quae
1149 437 1194 465 est
1213 436 1246 465 in
1268 437 1440 474 memoria·,
1458 437 1628 468 secundam
1640 461 1649 475 ,
1667 438 1698 467 in
1718 439 1831 468 volun-

1061 490 1141 524 tate;
1160 488 1283 518 tertiam
1305 490 1366 527 (a),
1391 490 1422 520 in
1445 499 1548 530 opere.
1576 490 1683 521 Prima
1705 492 1833 531 respicit

1061 543 1223 580 peccatum
1240 543 1451 581 praeteritum,
1467 543 1504 573 de
1521 552 1585 583 quo
1602 552 1665 573 non
1681 544 1828 583 poenitet,

1061 595 1091 622 et
1110 592 1178 623 haec
1193 596 1323 623 vocatur
1346 595 1525 633 indevoti03
1543 595 1681 626 secunda
1704 596 1831 635 respicit

1062 647 1222 684 peccatum
1247 646 1408 685 futurum,
1427 648 1512 688 quod
1537 648 1684 688 proponit
1706 648 1828 686 facere,

1061 701 1091 729 et
1113 700 1195 729 hanc
1215 702 1305 730 vocat
1327 701 1522 731 voluntatem
1544 701 1713 741 peccandi;
1739 701 1833 731 tertia

1061 752 1186 790 respicit
1220 755 1383 792 peccatum
1420 763 1560 793 praesens
1587 778 1594 791 ,
1632 755 1663 783 et
1692 753 1761 783 haec
1788 755 1834 783 est

1061 806 1188 844 quando
1201 806 1292 836 aliter
1313 806 1449 837 celebrat
1465 807 1651 846 mysterium
1664 829 1671 843 ,
1689 807 1732 836 ita
1746 806 1831 846 quod

1061 859 1133 888 actu
1148 860 1270 897 peccat,
1288 859 1364 888 dum
1388 859 1522 889 conficit.
1545 858 1582 889 Et
1605 858 1674 888 haec
1695 858 1832 897 indigni-

1062 912 1126 947 tas,
1150 910 1326 941 secundum
1349 911 1505 950 triplicem
1531 910 1761 947 differentiam,
1779 910 1830 940 in-

1061 963 1148 993 ducit
1165 965 1401 1002 contemptum,
1428 972 1464 993 ac
1488 971 1543 1001 per
1567 962 1627 993 hoc
1650 962 1724 992 facit
1749 971 1834 993 acce-

1061 1015 1134 1045 dere
1149 1015 1296 1054 indigne,
1313 1018 1344 1046 et
1357 1016 1400 1046 ita
1415 1018 1488 1046 actu
1503 1024 1641 1055 peccare.

1381 1109 1449 1130 DUB.
1474 1109 1517 1130 VI.

1271 1167 1373 1189 Factum
1391 1168 1429 1189 est
1446 1166 1555 1196 malum,
1574 1168 1622 1190 etc.

1102 1228 1231 1258 Videtur
1254 1228 1335 1257 male
1350 1227 1468 1264 dicere,
1485 1228 1560 1267 quia
1583 1236 1698 1267 corpus
1719 1228 1832 1259 Christi

1061 1284 1089 1311 ct
1116 1281 1182 1320 ipse
1208 1280 1348 1311 Christus
1363 1283 1408 1311 est
1432 1282 1552 1311 bonum
1575 1282 1749 1312 secundum
1775 1291 1830 1312 se:

1061 1343 1139 1372 ergo
1156 1342 1217 1363 non
1239 1335 1340 1372 potest
1363 1334 1431 1363 fieri
1452 1334 1573 1364 malum
1595 1334 1703 1375 aliquo
1726 1335 1831 1366 modo.

1101 1386 1191 1425 Resp.
1217 1386 1387 1416 Dicendum
1405 1387 1487 1425 quod
1504 1388 1736 1417 sacramentum
1753 1388 1830 1418 dici-

1061 1442 1113 1470 tur
1128 1439 1195 1469 fieri
1212 1439 1331 1469 malum
1344 1448 1407 1469 non
1422 1439 1454 1469 in
1470 1448 1502 1469 se
1514 1463 1522 1477 ,
1540 1439 1592 1470 sed
1608 1439 1658 1470 isti
1675 1450 1681 1470 :
1699 1442 1729 1470 et
1743 1440 1787 1470 ita
1798 1442 1833 1471 ut

1061 1495 1279 1532 comparatum
1292 1493 1329 1523 ad
1344 1493 1402 1523 hoc
1415 1516 1422 1529 ,
1440 1496 1641 1532 comparetur
1657 1503 1712 1533 per
1725 1502 1834 1533 sump-

1060 1546 1178 1576 tionem
1193 1548 1222 1576 et
1238 1545 1512 1576 manducationem
1529 1555 1535 1576 :
1559 1549 1590 1576 et
1610 1546 1652 1576 ita
1665 1547 1735 1577 vult
1749 1547 1834 1578 dice-

1061 1608 1095 1629 re
1107 1623 1114 1636 ,
1138 1598 1223 1638 quod
1237 1607 1362 1629 sumere
1378 1607 1492 1637 corpus
1510 1598 1643 1637 Christi,
1666 1599 1751 1639 quod
1768 1601 1835 1630 erat

1060 1652 1180 1682 bouum
1197 1651 1229 1680 in
1245 1660 1362 1690 genere
1375 1674 1384 1689 ,
1407 1651 1474 1682 sive
1492 1652 1525 1682 in
1547 1661 1597 1689 se,
1622 1661 1678 1691 per
1697 1651 1833 1683 circum-

1061 1705 1209 1735 stantiam
1230 1705 1349 1735 factum
1370 1706 1417 1735 est
1437 1705 1576 1742 malum,
1598 1714 1661 1736 non
1685 1705 1718 1736 in
1734 1715 1831 1745 quan-

1062 1759 1131 1788 tum
1156 1758 1261 1797 ipsum
1289 1758 1374 1797 quod
1407 1758 1555 1796 sumitur,
1584 1758 1637 1789 sed
1661 1761 1749 1790 actus
1780 1768 1836 1789 su-

1064 1811 1181 1842 mendi.

1271 1925 1488 1959 ARTICUL
1503 1926 1562 1959 Us
1595 1927 1621 1959 l.

1103 2024 1150 2054 Ad
1172 2023 1416 2062 intelligentiam
1435 2032 1546 2054 corum
1558 2048 1567 2062 ‚
1592 2033 1665 2064 quae
1685 2024 1835 2065 Magister

1064 2076 1252 2107 determinat
1283 2076 1316 2106 in
1342 2077 1491 2116 praesenti
1519 2077 1717 2109 distinctione
1729 2101 1738 2116 ,
1772 2077 1835 2109 duo

1063 2129 1276 2169 principaliter
1290 2131 1479 2168 quaeruntur
1493 2140 1498 2160 :
1514 2130 1617 2169 primo
1628 2131 1786 2169 quaeritur
1798 2130 1836 2161 de

1066 2181 1308 2212 manducatione
1329 2181 1362 2211 in
1384 2178 1544 2220 generali,
1561 2183 1699 2213 secundo
1716 2183 1748 2213 in
1762 2192 1834 2222 spe-

1065 2234 1133 2265 01011
1147 2243 1203 2274 per
1216 2235 1485 2273 comparationem
1498 2236 1537 2266 ad
1550 2236 1661 2266 malos,
1677 2235 1763 2266 Circa
1776 2235 1838 2275 pri-

1066 2297 1156 2318 mum
1171 2289 1362 2326 quaeruntur
1382 2291 1519 2327 quatuor
1534 2299 1541 2319 :
1564 2288 1667 2328 primo
1681 2289 1838 2327 quaeritur

1065 2341 1102 2371 de
1119 2340 1219 2370 modis
1237 2340 1459 2378 manducandi,
1477 2350 1557 2381 quos
1571 2341 1657 2380 ponit
1673 2340 1835 2380 Magister,

1066 2393 1144 2424 duos
1160 2393 1286 2431 scilicet,
1304 2394 1564 2424 sacramentalem
1576 2396 1608 2426 et
1619 2393 1815 2433 spiritualem
1828 2403 1836 2432 ;

1067 2446 1223 2484 secundo,
1250 2447 1327 2486 quid
1348 2447 1387 2476 sit
1407 2447 1599 2477 manducare
1623 2446 1836 2486 spiritualiter,

1068 2500 1133 2530 sive
1149 2509 1206 2540 pro
1221 2502 1339 2540 quanto
1354 2500 1477 2530 dicatur
1491 2500 1563 2540 quis
1577 2500 1768 2530 manducare
1780 2500 1838 2540 spi-

1067 2553 1241 2590 ritualiter;
1258 2554 1368 2590 tertio,
1385 2553 1461 2593 quid
1475 2553 1514 2583 sit
1528 2552 1719 2584 manducare
1734 2562 1837 2583 sacra·

1102 2615 1135 2644 (a)
1150 2614 1209 2639 emt.
1224 2616 1275 2638 edil
1290 2615 1400 2645 prima..
1415 2614 1557 2637 secunda...
1573 2615 1653 2637 tertia.
