<?xml version="1.0" encoding="UTF-8"?>
<!DOCTYPE html PUBLIC "-//W3C//DTD XHTML 1.0 Transitional//EN"
    "http://www.w3.org/TR/xhtml1/DTD/xhtml1-transitional.dtd">
<html xmlns="http://www.w3.org/1999/xhtml" xml:lang="en" lang="en">
 <head>
  <title>
</title>
<meta http-equiv="Content-Type" content="text/html;charset=utf-8" />
  <meta name='ocr-system' content='tesseract 3.04.00' />
  <meta name='ocr-capabilities' content='ocr_page ocr_carea ocr_par ocr_line ocrx_word'/>
</head>
<body>
  <div class='ocr_page' id='page_1' title='image "./operaomniasixtiv05bonauoft/operaomniasixtiv05bonauoft_0343.png"; bbox 0 0 2017 2948; ppageno 0'>
   <div class='ocr_carea' id='block_1_1' title="bbox 770 150 1217 183">
    <p class='ocr_par' dir='ltr' id='par_1_1' title="bbox 770 150 1217 183">
     <span class='ocr_line' id='line_1_1' title="bbox 770 150 1217 183; baseline 0.002 -2"><span class='ocrx_word' id='word_1_1' title='bbox 770 150 957 183; x_wconf 85' lang='lat' dir='ltr'>DISTINCT.</span> <span class='ocrx_word' id='word_1_2' title='bbox 982 151 1032 182; x_wconf 83' lang='lat' dir='ltr'>lv.</span> <span class='ocrx_word' id='word_1_3' title='bbox 1059 151 1169 183; x_wconf 84' lang='lat' dir='ltr'><strong>PARS.</strong></span> <span class='ocrx_word' id='word_1_4' title='bbox 1194 151 1217 182; x_wconf 87' lang='grc' dir='ltr'>Ι.</span> 
     </span>
    </p>
   </div>
   <div class='ocr_carea' id='block_1_2' title="bbox 196 217 969 1208">
    <p class='ocr_par' dir='ltr' id='par_1_2' title="bbox 196 217 969 1208">
     <span class='ocr_line' id='line_1_2' title="bbox 196 217 964 257; baseline 0.001 -10"><span class='ocrx_word' id='word_1_5' title='bbox 196 217 275 248; x_wconf 89' lang='lat' dir='ltr'>duas</span> <span class='ocrx_word' id='word_1_6' title='bbox 291 219 396 257; x_wconf 87' lang='lat' dir='ltr'>partes</span> <span class='ocrx_word' id='word_1_7' title='bbox 412 228 419 247; x_wconf 89' lang='lat'>:</span> <span class='ocrx_word' id='word_1_8' title='bbox 437 217 470 247; x_wconf 90' lang='lat' dir='ltr'>in</span> <span class='ocrx_word' id='word_1_9' title='bbox 483 217 596 257; x_wconf 89' lang='lat' dir='ltr'>prima,</span> <span class='ocrx_word' id='word_1_10' title='bbox 613 217 776 256; x_wconf 69' lang='lat' dir='ltr'>praemissa</span> <span class='ocrx_word' id='word_1_11' title='bbox 789 218 879 248; x_wconf 85' lang='lat' dir='ltr'>varia</span> <span class='ocrx_word' id='word_1_12' title='bbox 893 227 964 249; x_wconf 88' lang='lat' dir='ltr'>cou-</span> 
     </span>
     <span class='ocr_line' id='line_1_3' title="bbox 196 269 965 310; baseline 0.001 -11"><span class='ocrx_word' id='word_1_13' title='bbox 196 269 313 300; x_wconf 89' lang='lat' dir='ltr'>ditioue</span> <span class='ocrx_word' id='word_1_14' title='bbox 331 270 553 310; x_wconf 86' lang='lat' dir='ltr'>accipientium</span> <span class='ocrx_word' id='word_1_15' title='bbox 565 294 573 308; x_wconf 90' lang='lat'>‚</span> <span class='ocrx_word' id='word_1_16' title='bbox 594 269 662 308; x_wconf 81' lang='lat' dir='ltr'>agit</span> <span class='ocrx_word' id='word_1_17' title='bbox 680 269 718 300; x_wconf 88' lang='lat' dir='ltr'>de</span> <span class='ocrx_word' id='word_1_18' title='bbox 740 270 965 309; x_wconf 82' lang='lat' dir='ltr'>accipientibus</span> 
     </span>
     <span class='ocr_line' id='line_1_4' title="bbox 197 323 965 360; baseline 0.001 -7"><span class='ocrx_word' id='word_1_19' title='bbox 197 332 264 353; x_wconf 71' lang='lat' dir='ltr'>rem</span> <span class='ocrx_word' id='word_1_20' title='bbox 280 326 311 354; x_wconf 88' lang='lat' dir='ltr'>et</span> <span class='ocrx_word' id='word_1_21' title='bbox 326 325 577 360; x_wconf 79' lang='lat' dir='ltr'>sacramentum3</span> <span class='ocrx_word' id='word_1_22' title='bbox 599 323 633 353; x_wconf 89' lang='lat' dir='ltr'>in</span> <span class='ocrx_word' id='word_1_23' title='bbox 648 323 786 353; x_wconf 81' lang='lat' dir='ltr'>secunda</span> <span class='ocrx_word' id='word_1_24' title='bbox 799 325 907 354; x_wconf 82' lang='lat' dir='ltr'>autem</span> <span class='ocrx_word' id='word_1_25' title='bbox 927 323 965 354; x_wconf 88' lang='lat' dir='ltr'>de</span> 
     </span>
     <span class='ocr_line' id='line_1_5' title="bbox 197 377 965 416; baseline 0.001 -10"><span class='ocrx_word' id='word_1_26' title='bbox 197 377 419 416; x_wconf 75' lang='lat' dir='ltr'>recipientibus</span> <span class='ocrx_word' id='word_1_27' title='bbox 452 378 685 406; x_wconf 86' lang='lat' dir='ltr'>sacramentum</span> <span class='ocrx_word' id='word_1_28' title='bbox 721 378 861 414; x_wconf 86' lang='lat' dir='ltr'>tantum,</span> <span class='ocrx_word' id='word_1_29' title='bbox 901 386 965 407; x_wconf 90' lang='lat' dir='ltr'>non</span> 
     </span>
     <span class='ocr_line' id='line_1_6' title="bbox 196 429 963 467; baseline 0.001 -8"><span class='ocrx_word' id='word_1_30' title='bbox 196 438 280 466; x_wconf 87' lang='lat' dir='ltr'>rem,</span> <span class='ocrx_word' id='word_1_31' title='bbox 296 430 338 459; x_wconf 85' lang='lat' dir='ltr'>ihi</span> <span class='ocrx_word' id='word_1_32' title='bbox 355 440 361 459; x_wconf 93' lang='lat'>:</span> <span class='ocrx_word' id='word_1_33' title='bbox 385 430 446 464; x_wconf 78' lang='lat' dir='ltr'>Qui</span> <span class='ocrx_word' id='word_1_34' title='bbox 461 437 531 460; x_wconf 82' lang='lat' dir='ltr'>vero</span> <span class='ocrx_word' id='word_1_35' title='bbox 547 430 617 460; x_wconf 79' lang='lat' dir='ltr'>sine</span> <span class='ocrx_word' id='word_1_36' title='bbox 633 429 697 467; x_wconf 74' lang='lat' dir='ltr'>side</span> <span class='ocrx_word' id='word_1_37' title='bbox 712 429 875 461; x_wconf 75' lang='lat' dir='ltr'>accedunt.</span> <span class='ocrx_word' id='word_1_38' title='bbox 894 429 963 460; x_wconf 83' lang='lat' dir='ltr'>Pri-</span> 
     </span>
     <span class='ocr_line' id='line_1_7' title="bbox 196 482 965 522; baseline 0.003 -10"><span class='ocrx_word' id='word_1_39' title='bbox 196 491 249 513; x_wconf 84' lang='lat' dir='ltr'>ma</span> <span class='ocrx_word' id='word_1_40' title='bbox 263 491 334 522; x_wconf 88' lang='lat' dir='ltr'>pars</span> <span class='ocrx_word' id='word_1_41' title='bbox 349 482 501 512; x_wconf 89' lang='lat' dir='ltr'>dividitur</span> <span class='ocrx_word' id='word_1_42' title='bbox 524 482 558 512; x_wconf 90' lang='lat' dir='ltr'>in</span> <span class='ocrx_word' id='word_1_43' title='bbox 574 482 652 512; x_wconf 89' lang='lat' dir='ltr'>duas</span> <span class='ocrx_word' id='word_1_44' title='bbox 671 493 678 513; x_wconf 81' lang='lat' dir='ltr'>z</span> <span class='ocrx_word' id='word_1_45' title='bbox 694 482 729 513; x_wconf 90' lang='lat' dir='ltr'>in</span> <span class='ocrx_word' id='word_1_46' title='bbox 743 483 847 522; x_wconf 85' lang='lat' dir='ltr'>prima</span> <span class='ocrx_word' id='word_1_47' title='bbox 862 483 965 514; x_wconf 83' lang='lat' dir='ltr'>deter-</span> 
     </span>
     <span class='ocr_line' id='line_1_8' title="bbox 197 535 966 572; baseline 0.001 -7"><span class='ocrx_word' id='word_1_48' title='bbox 197 536 296 566; x_wconf 87' lang='lat' dir='ltr'>minat</span> <span class='ocrx_word' id='word_1_49' title='bbox 309 535 489 572; x_wconf 85' lang='lat' dir='ltr'>veritatem;</span> <span class='ocrx_word' id='word_1_50' title='bbox 513 535 546 565; x_wconf 88' lang='grc'>10</span> <span class='ocrx_word' id='word_1_51' title='bbox 561 536 699 566; x_wconf 86' lang='lat' dir='ltr'>secunda</span> <span class='ocrx_word' id='word_1_52' title='bbox 713 535 856 566; x_wconf 88' lang='lat' dir='ltr'>dissolvit</span> <span class='ocrx_word' id='word_1_53' title='bbox 872 536 966 566; x_wconf 90' lang='lat' dir='ltr'>dubi-</span> 
     </span>
     <span class='ocr_line' id='line_1_9' title="bbox 196 589 968 627; baseline 0.001 -8"><span class='ocrx_word' id='word_1_54' title='bbox 196 589 357 626; x_wconf 82' lang='lat' dir='ltr'>tationem,</span> <span class='ocrx_word' id='word_1_55' title='bbox 367 589 434 619; x_wconf 89' lang='lat' dir='ltr'>sive</span> <span class='ocrx_word' id='word_1_56' title='bbox 442 590 587 619; x_wconf 79' lang='lat' dir='ltr'>removet</span> <span class='ocrx_word' id='word_1_57' title='bbox 597 589 776 627; x_wconf 85' lang='lat' dir='ltr'>falsitatem,</span> <span class='ocrx_word' id='word_1_58' title='bbox 784 589 827 619; x_wconf 90' lang='lat' dir='ltr'>ibi</span> <span class='ocrx_word' id='word_1_59' title='bbox 839 599 845 619; x_wconf 81' lang='lat' dir='ltr'>z</span> <span class='ocrx_word' id='word_1_60' title='bbox 857 589 968 624; x_wconf 76' lang='lat' dir='ltr'>Quam-</span> 
     </span>
     <span class='ocr_line' id='line_1_10' title="bbox 196 640 967 681; baseline 0 -9"><span class='ocrx_word' id='word_1_61' title='bbox 196 642 246 672; x_wconf 80' lang='lat' dir='ltr'>vis</span> <span class='ocrx_word' id='word_1_62' title='bbox 259 640 393 681; x_wconf 79' lang='lat' dir='ltr'>quidam</span> <span class='ocrx_word' id='word_1_63' title='bbox 407 640 613 681; x_wconf 71' lang='lat' dir='ltr'>diffiteantur</span> <span class='ocrx_word' id='word_1_64' title='bbox 635 642 714 680; x_wconf 78' lang='lat' dir='ltr'>illis,</span> <span class='ocrx_word' id='word_1_65' title='bbox 731 644 790 672; x_wconf 88' lang='lat' dir='ltr'>etc.</span> <span class='ocrx_word' id='word_1_66' title='bbox 816 641 967 673; x_wconf 79' lang='lat' dir='ltr'>Similiter</span> 
     </span>
     <span class='ocr_line' id='line_1_11' title="bbox 196 694 965 734; baseline 0.001 -10"><span class='ocrx_word' id='word_1_67' title='bbox 196 694 332 724; x_wconf 84' lang='lat' dir='ltr'>secunda</span> <span class='ocrx_word' id='word_1_68' title='bbox 347 703 419 734; x_wconf 87' lang='lat' dir='ltr'>pars</span> <span class='ocrx_word' id='word_1_69' title='bbox 434 718 442 732; x_wconf 85' lang='lat'>‚</span> <span class='ocrx_word' id='word_1_70' title='bbox 467 695 500 725; x_wconf 91' lang='lat' dir='ltr'>in</span> <span class='ocrx_word' id='word_1_71' title='bbox 519 703 583 734; x_wconf 87' lang='lat' dir='ltr'>qua</span> <span class='ocrx_word' id='word_1_72' title='bbox 605 695 714 734; x_wconf 81' lang='lat' dir='ltr'>agitur</span> <span class='ocrx_word' id='word_1_73' title='bbox 736 695 775 725; x_wconf 86' lang='lat' dir='ltr'>de</span> <span class='ocrx_word' id='word_1_74' title='bbox 791 696 862 725; x_wconf 90' lang='lat' dir='ltr'>ficte</span> <span class='ocrx_word' id='word_1_75' title='bbox 878 704 965 725; x_wconf 85' lang='lat' dir='ltr'>acce-</span> 
     </span>
     <span class='ocr_line' id='line_1_12' title="bbox 196 746 966 786; baseline 0.001 -10"><span class='ocrx_word' id='word_1_76' title='bbox 196 746 342 777; x_wconf 84' lang='lat' dir='ltr'>dentibus</span> <span class='ocrx_word' id='word_1_77' title='bbox 365 746 405 777; x_wconf 87' lang='lat' dir='ltr'>ad</span> <span class='ocrx_word' id='word_1_78' title='bbox 425 749 657 778; x_wconf 84' lang='lat' dir='ltr'>sacramentum</span> <span class='ocrx_word' id='word_1_79' title='bbox 665 771 675 786; x_wconf 96' lang='lat'>,</span> <span class='ocrx_word' id='word_1_80' title='bbox 699 748 777 779; x_wconf 87' lang='lat' dir='ltr'>duas</span> <span class='ocrx_word' id='word_1_81' title='bbox 801 748 916 778; x_wconf 83' lang='lat' dir='ltr'>habet:</span> <span class='ocrx_word' id='word_1_82' title='bbox 933 747 966 777; x_wconf 89' lang='lat' dir='ltr'>in</span> 
     </span>
     <span class='ocr_line' id='line_1_13' title="bbox 199 799 967 839; baseline 0.003 -10"><span class='ocrx_word' id='word_1_83' title='bbox 199 799 299 839; x_wconf 86' lang='lat' dir='ltr'>prima</span> <span class='ocrx_word' id='word_1_84' title='bbox 326 799 513 830; x_wconf 79' lang='lat' dir='ltr'>determinat</span> <span class='ocrx_word' id='word_1_85' title='bbox 542 800 709 831; x_wconf 85' lang='lat' dir='ltr'>veritatem</span> <span class='ocrx_word' id='word_1_86' title='bbox 730 811 737 838; x_wconf 90' lang='lat'>;</span> <span class='ocrx_word' id='word_1_87' title='bbox 767 802 800 831; x_wconf 91' lang='lat' dir='ltr'>in</span> <span class='ocrx_word' id='word_1_88' title='bbox 829 800 967 831; x_wconf 88' lang='lat' dir='ltr'>secunda</span> 
     </span>
     <span class='ocr_line' id='line_1_14' title="bbox 198 853 968 891; baseline 0.003 -9"><span class='ocrx_word' id='word_1_89' title='bbox 198 861 273 882; x_wconf 83' lang='lat' dir='ltr'>vero</span> <span class='ocrx_word' id='word_1_90' title='bbox 293 855 437 883; x_wconf 71' lang='lat' dir='ltr'>removet</span> <span class='ocrx_word' id='word_1_91' title='bbox 462 853 692 884; x_wconf 81' lang='lat' dir='ltr'>dubitationem</span> <span class='ocrx_word' id='word_1_92' title='bbox 708 877 716 891; x_wconf 82' lang='lat'>‚</span> <span class='ocrx_word' id='word_1_93' title='bbox 737 854 781 884; x_wconf 89' lang='lat' dir='ltr'>ibi</span> <span class='ocrx_word' id='word_1_94' title='bbox 798 863 806 884; x_wconf 70' lang='grc' dir='ltr'>ε</span> <span class='ocrx_word' id='word_1_95' title='bbox 831 853 968 885; x_wconf 74' lang='lat' dir='ltr'>Videtur</span> 
     </span>
     <span class='ocr_line' id='line_1_15' title="bbox 197 906 965 946; baseline 0.001 -10"><span class='ocrx_word' id='word_1_96' title='bbox 197 908 304 937; x_wconf 77' lang='lat' dir='ltr'>tamen</span> <span class='ocrx_word' id='word_1_97' title='bbox 326 906 527 946; x_wconf 69' lang='lat' dir='ltr'>Auyzcste&#39;mcs</span> <span class='ocrx_word' id='word_1_98' title='bbox 549 906 652 938; x_wconf 66' lang='lat' dir='ltr'>dicere</span> <span class='ocrx_word' id='word_1_99' title='bbox 675 907 759 946; x_wconf 76' lang='lat' dir='ltr'>quod</span> <span class='ocrx_word' id='word_1_100' title='bbox 785 906 858 945; x_wconf 79' lang='lat' dir='ltr'>ficte</span> <span class='ocrx_word' id='word_1_101' title='bbox 881 914 965 937; x_wconf 79' lang='lat' dir='ltr'>acce-</span> 
     </span>
     <span class='ocr_line' id='line_1_16' title="bbox 196 956 966 998; baseline 0 -11"><span class='ocrx_word' id='word_1_102' title='bbox 196 956 304 995; x_wconf 72' lang='lat' dir='ltr'>denti,</span> <span class='ocrx_word' id='word_1_103' title='bbox 321 959 379 988; x_wconf 81' lang='lat' dir='ltr'>ete.</span> <span class='ocrx_word' id='word_1_104' title='bbox 400 957 436 988; x_wconf 83' lang='lat' dir='ltr'>Et</span> <span class='ocrx_word' id='word_1_105' title='bbox 451 958 493 988; x_wconf 90' lang='lat' dir='ltr'>ibi</span> <span class='ocrx_word' id='word_1_106' title='bbox 509 958 612 998; x_wconf 86' lang='lat' dir='ltr'>primo</span> <span class='ocrx_word' id='word_1_107' title='bbox 627 958 815 988; x_wconf 79' lang='lat' dir='ltr'>determinat</span> <span class='ocrx_word' id='word_1_108' title='bbox 834 957 966 988; x_wconf 91' lang='lat' dir='ltr'>dubium</span> 
     </span>
     <span class='ocr_line' id='line_1_17' title="bbox 197 1009 968 1050; baseline 0 -10"><span class='ocrx_word' id='word_1_109' title='bbox 197 1012 303 1040; x_wconf 89' lang='lat' dir='ltr'>ortum</span> <span class='ocrx_word' id='word_1_110' title='bbox 326 1019 366 1040; x_wconf 83' lang='lat' dir='ltr'>ex</span> <span class='ocrx_word' id='word_1_111' title='bbox 391 1011 576 1041; x_wconf 85' lang='lat' dir='ltr'>auctoritate</span> <span class='ocrx_word' id='word_1_112' title='bbox 606 1010 801 1050; x_wconf 83' lang='lat' dir='ltr'>Augustiui;</span> <span class='ocrx_word' id='word_1_113' title='bbox 829 1009 968 1041; x_wconf 86' lang='lat' dir='ltr'>secundo</span> 
     </span>
     <span class='ocr_line' id='line_1_18' title="bbox 198 1063 969 1103; baseline -0.001 -10"><span class='ocrx_word' id='word_1_114' title='bbox 198 1071 274 1093; x_wconf 90' lang='lat' dir='ltr'>vero</span> <span class='ocrx_word' id='word_1_115' title='bbox 289 1063 477 1093; x_wconf 79' lang='lat' dir='ltr'>determinat</span> <span class='ocrx_word' id='word_1_116' title='bbox 492 1063 624 1094; x_wconf 87' lang='lat' dir='ltr'>dubium</span> <span class='ocrx_word' id='word_1_117' title='bbox 644 1063 728 1103; x_wconf 84' lang='lat' dir='ltr'>quod</span> <span class='ocrx_word' id='word_1_118' title='bbox 748 1065 854 1094; x_wconf 85' lang='lat' dir='ltr'>ortum</span> <span class='ocrx_word' id='word_1_119' title='bbox 874 1063 969 1093; x_wconf 85' lang='lat' dir='ltr'>habet</span> 
     </span>
     <span class='ocr_line' id='line_1_19' title="bbox 198 1116 967 1156; baseline 0.003 -10"><span class='ocrx_word' id='word_1_120' title='bbox 198 1125 238 1146; x_wconf 78' lang='lat' dir='ltr'>ex</span> <span class='ocrx_word' id='word_1_121' title='bbox 252 1116 436 1147; x_wconf 82' lang='lat' dir='ltr'>auctoritate</span> <span class='ocrx_word' id='word_1_122' title='bbox 451 1116 602 1156; x_wconf 84' lang='lat' dir='ltr'>Apostoli,</span> <span class='ocrx_word' id='word_1_123' title='bbox 619 1116 663 1147; x_wconf 89' lang='lat' dir='ltr'>ibi</span> <span class='ocrx_word' id='word_1_124' title='bbox 681 1127 688 1147; x_wconf 77' lang='grc' dir='ltr'>ι</span> <span class='ocrx_word' id='word_1_125' title='bbox 708 1116 867 1152; x_wconf 69' lang='lat' dir='ltr'>Quaeritur</span> <span class='ocrx_word' id='word_1_126' title='bbox 883 1124 967 1156; x_wconf 67' lang='lat' dir='ltr'>eryt),</span> 
     </span>
     <span class='ocr_line' id='line_1_20' title="bbox 199 1168 654 1208; baseline -0.004 -7"><span class='ocrx_word' id='word_1_127' title='bbox 199 1168 350 1208; x_wconf 79' lang='lat' dir='ltr'>quomodo</span> <span class='ocrx_word' id='word_1_128' title='bbox 365 1168 449 1201; x_wconf 75' lang='lat' dir='ltr'>illud</span> <span class='ocrx_word' id='word_1_129' title='bbox 462 1170 654 1208; x_wconf 77' lang='lat' dir='ltr'>accipiatur.</span> 
     </span>
    </p>
   </div>
   <div class='ocr_carea' id='block_1_3' title="bbox 526 1275 637 1297">
    <p class='ocr_par' dir='ltr' id='par_1_3' title="bbox 526 1275 637 1297">
     <span class='ocr_line' id='line_1_21' title="bbox 526 1275 637 1297; baseline 0 -1"><span class='ocrx_word' id='word_1_130' title='bbox 526 1275 594 1297; x_wconf 80' lang='lat' dir='ltr'><strong>DUB.</strong></span> <span class='ocrx_word' id='word_1_131' title='bbox 618 1276 637 1296; x_wconf 90' lang='lat'>1.</span> 
     </span>
    </p>
   </div>
   <div class='ocr_carea' id='block_1_4' title="bbox 200 1337 972 2120">
    <p class='ocr_par' dir='ltr' id='par_1_4' title="bbox 230 1337 941 1368">
     <span class='ocr_line' id='line_1_22' title="bbox 230 1337 941 1368; baseline 0 -8"><span class='ocrx_word' id='word_1_132' title='bbox 230 1337 281 1360; x_wconf 84' lang='lat' dir='ltr'>Nisi</span> <span class='ocrx_word' id='word_1_133' title='bbox 294 1337 416 1368; x_wconf 83' lang='lat' dir='ltr'>poeniteat</span> <span class='ocrx_word' id='word_1_134' title='bbox 427 1344 485 1361; x_wconf 85' lang='lat' dir='ltr'>eum</span> <span class='ocrx_word' id='word_1_135' title='bbox 498 1337 591 1362; x_wconf 75' lang='lat' dir='ltr'>veteris</span> <span class='ocrx_word' id='word_1_136' title='bbox 604 1337 670 1367; x_wconf 82' lang='lat' dir='ltr'>vitae,</span> <span class='ocrx_word' id='word_1_137' title='bbox 683 1344 776 1362; x_wconf 80' lang='lat' dir='ltr'>novam</span> <span class='ocrx_word' id='word_1_138' title='bbox 792 1344 843 1361; x_wconf 89' lang='lat' dir='ltr'>non</span> <span class='ocrx_word' id='word_1_139' title='bbox 858 1339 941 1368; x_wconf 86' lang='lat' dir='ltr'>potest</span> 
     </span>
    </p>

    <p class='ocr_par' dir='ltr' id='par_1_5' title="bbox 519 1373 649 1397">
     <span class='ocr_line' id='line_1_23' title="bbox 519 1373 649 1397; baseline 0.008 -1"><span class='ocrx_word' id='word_1_140' title='bbox 519 1373 649 1397; x_wconf 83' lang='lat' dir='ltr'>inchoare.</span> 
     </span>
    </p>

    <p class='ocr_par' dir='ltr' id='par_1_6' title="bbox 200 1441 971 1694">
     <span class='ocr_line' id='line_1_24' title="bbox 241 1441 969 1481; baseline 0 -9"><span class='ocrx_word' id='word_1_141' title='bbox 241 1441 372 1472; x_wconf 83' lang='lat' dir='ltr'>Videtur</span> <span class='ocrx_word' id='word_1_142' title='bbox 386 1441 604 1481; x_wconf 82' lang='lat' dir='ltr'>Augustinus¹</span> <span class='ocrx_word' id='word_1_143' title='bbox 621 1441 703 1472; x_wconf 87' lang='lat' dir='ltr'>male</span> <span class='ocrx_word' id='word_1_144' title='bbox 717 1441 819 1472; x_wconf 83' lang='lat' dir='ltr'>dicere</span> <span class='ocrx_word' id='word_1_145' title='bbox 829 1465 838 1479; x_wconf 91' lang='lat'>,</span> <span class='ocrx_word' id='word_1_146' title='bbox 855 1442 931 1481; x_wconf 82' lang='lat' dir='ltr'>quia</span> <span class='ocrx_word' id='word_1_147' title='bbox 945 1442 969 1471; x_wconf 88' lang='lat' dir='ltr'>si</span> 
     </span>
     <span class='ocr_line' id='line_1_25' title="bbox 201 1495 971 1535; baseline 0 -10"><span class='ocrx_word' id='word_1_148' title='bbox 201 1495 260 1525; x_wconf 90' lang='grc'>1100</span> <span class='ocrx_word' id='word_1_149' title='bbox 279 1503 393 1525; x_wconf 87' lang='lat' dir='ltr'>verum</span> <span class='ocrx_word' id='word_1_150' title='bbox 416 1496 516 1532; x_wconf 77' lang='lat' dir='ltr'>esset,</span> <span class='ocrx_word' id='word_1_151' title='bbox 538 1496 614 1525; x_wconf 86' lang='lat' dir='ltr'>tunc</span> <span class='ocrx_word' id='word_1_152' title='bbox 638 1495 825 1535; x_wconf 70' lang='lat' dir='ltr'>poenitentia</span> <span class='ocrx_word' id='word_1_153' title='bbox 844 1495 971 1526; x_wconf 80' lang='lat' dir='ltr'>deberet</span> 
     </span>
     <span class='ocr_line' id='line_1_26' title="bbox 202 1548 971 1589; baseline 0.001 -10"><span class='ocrx_word' id='word_1_154' title='bbox 202 1548 378 1588; x_wconf 83' lang='lat' dir='ltr'>praecedere</span> <span class='ocrx_word' id='word_1_155' title='bbox 393 1548 604 1589; x_wconf 85' lang='lat' dir='ltr'>baptismum:</span> <span class='ocrx_word' id='word_1_156' title='bbox 621 1557 698 1587; x_wconf 72' lang='lat' dir='ltr'>crgo</span> <span class='ocrx_word' id='word_1_157' title='bbox 714 1548 891 1588; x_wconf 76' lang='lat' dir='ltr'>baptismus</span> <span class='ocrx_word' id='word_1_158' title='bbox 907 1558 971 1580; x_wconf 92' lang='lat' dir='ltr'>non</span> 
     </span>
     <span class='ocr_line' id='line_1_27' title="bbox 201 1602 971 1642; baseline 0 -10"><span class='ocrx_word' id='word_1_159' title='bbox 201 1604 247 1633; x_wconf 90' lang='lat' dir='ltr'>est</span> <span class='ocrx_word' id='word_1_160' title='bbox 261 1602 401 1642; x_wconf 89' lang='lat' dir='ltr'>primum</span> <span class='ocrx_word' id='word_1_161' title='bbox 417 1602 500 1632; x_wconf 81' lang='lat' dir='ltr'>inter</span> <span class='ocrx_word' id='word_1_162' title='bbox 513 1604 725 1640; x_wconf 84' lang='lat' dir='ltr'>sacramenta,</span> <span class='ocrx_word' id='word_1_163' title='bbox 740 1602 824 1642; x_wconf 86' lang='lat' dir='ltr'>quod</span> <span class='ocrx_word' id='word_1_164' title='bbox 839 1604 886 1632; x_wconf 90' lang='lat' dir='ltr'>est</span> <span class='ocrx_word' id='word_1_165' title='bbox 900 1611 971 1633; x_wconf 85' lang='lat' dir='ltr'>con·</span> 
     </span>
     <span class='ocr_line' id='line_1_28' title="bbox 200 1655 919 1694; baseline 0 -9"><span class='ocrx_word' id='word_1_166' title='bbox 200 1657 248 1685; x_wconf 89' lang='lat' dir='ltr'>tra</span> <span class='ocrx_word' id='word_1_167' title='bbox 262 1655 448 1694; x_wconf 82' lang='lat' dir='ltr'>Magistrum</span> <span class='ocrx_word' id='word_1_168' title='bbox 463 1657 493 1685; x_wconf 87' lang='lat' dir='ltr'>et</span> <span class='ocrx_word' id='word_1_169' title='bbox 508 1664 710 1686; x_wconf 86' lang='lat' dir='ltr'>communem</span> <span class='ocrx_word' id='word_1_170' title='bbox 725 1655 919 1694; x_wconf 86' lang='lat' dir='ltr'>opinionem.</span> 
     </span>
    </p>

    <p class='ocr_par' dir='ltr' id='par_1_7' title="bbox 200 1708 972 2120">
     <span class='ocr_line' id='line_1_29' title="bbox 240 1708 972 1748; baseline 0.001 -10"><span class='ocrx_word' id='word_1_171' title='bbox 240 1708 332 1748; x_wconf 89' lang='lat' dir='ltr'>Resp.</span> <span class='ocrx_word' id='word_1_172' title='bbox 346 1708 517 1739; x_wconf 84' lang='lat' dir='ltr'>Dicendum</span> <span class='ocrx_word' id='word_1_173' title='bbox 530 1708 613 1748; x_wconf 85' lang='lat' dir='ltr'>quod</span> <span class='ocrx_word' id='word_1_174' title='bbox 630 1708 834 1747; x_wconf 81' lang='lat' dir='ltr'>Augustinus</span> <span class='ocrx_word' id='word_1_175' title='bbox 848 1717 913 1739; x_wconf 89' lang='lat' dir='ltr'>non</span> <span class='ocrx_word' id='word_1_176' title='bbox 927 1708 972 1739; x_wconf 91' lang='lat' dir='ltr'>lo-</span> 
     </span>
     <span class='ocr_line' id='line_1_30' title="bbox 200 1761 972 1801; baseline -0.001 -9"><span class='ocrx_word' id='word_1_177' title='bbox 200 1761 311 1801; x_wconf 87' lang='lat' dir='ltr'>quitur</span> <span class='ocrx_word' id='word_1_178' title='bbox 334 1761 372 1792; x_wconf 84' lang='lat' dir='ltr'>de</span> <span class='ocrx_word' id='word_1_179' title='bbox 392 1763 588 1792; x_wconf 86' lang='lat' dir='ltr'>sacramento</span> <span class='ocrx_word' id='word_1_180' title='bbox 606 1785 614 1800; x_wconf 85' lang='lat'>‚</span> <span class='ocrx_word' id='word_1_181' title='bbox 640 1762 694 1792; x_wconf 88' lang='lat' dir='ltr'>sed</span> <span class='ocrx_word' id='word_1_182' title='bbox 721 1761 759 1792; x_wconf 88' lang='lat' dir='ltr'>de</span> <span class='ocrx_word' id='word_1_183' title='bbox 788 1761 972 1801; x_wconf 86' lang='lat' dir='ltr'>poenitentia</span> 
     </span>
     <span class='ocr_line' id='line_1_31' title="bbox 200 1815 970 1854; baseline 0 -9"><span class='ocrx_word' id='word_1_184' title='bbox 200 1816 316 1846; x_wconf 87' lang='lat' dir='ltr'>virtute</span> <span class='ocrx_word' id='word_1_185' title='bbox 342 1817 466 1845; x_wconf 83' lang='lat' dir='ltr'>tantum</span> <span class='ocrx_word' id='word_1_186' title='bbox 488 1839 497 1852; x_wconf 77' lang='lat'>‚</span> <span class='ocrx_word' id='word_1_187' title='bbox 524 1816 617 1854; x_wconf 85' lang='lat' dir='ltr'>cujus</span> <span class='ocrx_word' id='word_1_188' title='bbox 642 1817 731 1845; x_wconf 88' lang='lat' dir='ltr'>actus</span> <span class='ocrx_word' id='word_1_189' title='bbox 759 1815 909 1854; x_wconf 81' lang='lat' dir='ltr'>praecedit</span> <span class='ocrx_word' id='word_1_190' title='bbox 936 1815 970 1845; x_wconf 89' lang='lat' dir='ltr'>in</span> 
     </span>
     <span class='ocr_line' id='line_1_32' title="bbox 202 1868 971 1907; baseline 0.001 -9"><span class='ocrx_word' id='word_1_191' title='bbox 202 1868 316 1898; x_wconf 86' lang='lat' dir='ltr'>adultis</span> <span class='ocrx_word' id='word_1_192' title='bbox 334 1868 480 1907; x_wconf 80' lang='lat' dir='ltr'>baptismi</span> <span class='ocrx_word' id='word_1_193' title='bbox 505 1870 740 1898; x_wconf 85' lang='lat' dir='ltr'>sacramentum</span> <span class='ocrx_word' id='word_1_194' title='bbox 759 1877 767 1898; x_wconf 73' lang='grc' dir='ltr'><em>τ</em></span> <span class='ocrx_word' id='word_1_195' title='bbox 784 1877 841 1898; x_wconf 88' lang='lat' dir='ltr'>nec</span> <span class='ocrx_word' id='word_1_196' title='bbox 863 1870 971 1899; x_wconf 88' lang='lat' dir='ltr'>tamen</span> 
     </span>
     <span class='ocr_line' id='line_1_33' title="bbox 201 1920 971 1961; baseline 0.001 -10"><span class='ocrx_word' id='word_1_197' title='bbox 201 1922 323 1960; x_wconf 88' lang='lat' dir='ltr'>oportet</span> <span class='ocrx_word' id='word_1_198' title='bbox 336 1920 420 1960; x_wconf 86' lang='lat' dir='ltr'>quod</span> <span class='ocrx_word' id='word_1_199' title='bbox 436 1922 523 1951; x_wconf 88' lang='lat' dir='ltr'>actus</span> <span class='ocrx_word' id='word_1_200' title='bbox 537 1921 731 1960; x_wconf 74' lang='lat' dir='ltr'>poenitentiae</span> <span class='ocrx_word' id='word_1_201' title='bbox 743 1921 897 1960; x_wconf 62' lang='lat' dir='ltr'>formatae,</span> <span class='ocrx_word' id='word_1_202' title='bbox 917 1922 971 1961; x_wconf 88' lang='lat' dir='ltr'>qui</span> 
     </span>
     <span class='ocr_line' id='line_1_34' title="bbox 202 1973 970 2015; baseline 0.001 -11"><span class='ocrx_word' id='word_1_203' title='bbox 202 1973 317 2004; x_wconf 87' lang='lat' dir='ltr'>dicitur</span> <span class='ocrx_word' id='word_1_204' title='bbox 326 1974 481 2012; x_wconf 87' lang='lat' dir='ltr'>contritio,</span> <span class='ocrx_word' id='word_1_205' title='bbox 495 1974 652 2013; x_wconf 75' lang='lat' dir='ltr'>praecedat</span> <span class='ocrx_word' id='word_1_206' title='bbox 666 1984 672 2005; x_wconf 91' lang='lat'>:</span> <span class='ocrx_word' id='word_1_207' title='bbox 688 1974 742 2004; x_wconf 84' lang='lat' dir='ltr'>sed</span> <span class='ocrx_word' id='word_1_208' title='bbox 753 1975 869 2005; x_wconf 80' lang='lat' dir='ltr'>sufficit</span> <span class='ocrx_word' id='word_1_209' title='bbox 882 1975 970 2015; x_wconf 86' lang='lat' dir='ltr'>quod</span> 
     </span>
     <span class='ocr_line' id='line_1_35' title="bbox 202 2027 970 2066; baseline 0.001 -9"><span class='ocrx_word' id='word_1_210' title='bbox 202 2029 290 2057; x_wconf 85' lang='lat' dir='ltr'>actus</span> <span class='ocrx_word' id='word_1_211' title='bbox 304 2027 466 2064; x_wconf 78' lang='lat' dir='ltr'>informis,</span> <span class='ocrx_word' id='word_1_212' title='bbox 493 2028 602 2066; x_wconf 86' lang='lat' dir='ltr'>utpote</span> <span class='ocrx_word' id='word_1_213' title='bbox 621 2027 738 2058; x_wconf 86' lang='lat' dir='ltr'>attritio</span> <span class='ocrx_word' id='word_1_214' title='bbox 755 2038 762 2058; x_wconf 74' lang='grc' dir='ltr'>ι</span> <span class='ocrx_word' id='word_1_215' title='bbox 779 2027 869 2058; x_wconf 87' lang='lat' dir='ltr'>atteri</span> <span class='ocrx_word' id='word_1_216' title='bbox 885 2027 970 2058; x_wconf 85' lang='lat' dir='ltr'>enim</span> 
     </span>
     <span class='ocr_line' id='line_1_36' title="bbox 202 2079 422 2120; baseline -0.009 -9"><span class='ocrx_word' id='word_1_217' title='bbox 202 2079 354 2120; x_wconf 87' lang='lat' dir='ltr'>poenitere</span> <span class='ocrx_word' id='word_1_218' title='bbox 367 2082 422 2111; x_wconf 89' lang='lat' dir='ltr'>est.</span> 
     </span>
    </p>
   </div>
   <div class='ocr_carea' id='block_1_5' title="bbox 523 2173 648 2195">
    <p class='ocr_par' dir='ltr' id='par_1_8' title="bbox 523 2173 648 2195">
     <span class='ocr_line' id='line_1_37' title="bbox 523 2173 648 2195; baseline 0 -1"><span class='ocrx_word' id='word_1_219' title='bbox 523 2173 590 2195; x_wconf 91' lang='lat' dir='ltr'>DUB.</span> <span class='ocrx_word' id='word_1_220' title='bbox 615 2173 648 2194; x_wconf 82' lang='lat'>11.</span> 
     </span>
    </p>
   </div>
   <div class='ocr_carea' id='block_1_6' title="bbox 204 2238 973 2306">
    <p class='ocr_par' dir='ltr' id='par_1_9' title="bbox 204 2238 973 2306">
     <span class='ocr_line' id='line_1_38' title="bbox 204 2238 973 2271; baseline -0.003 -7"><span class='ocrx_word' id='word_1_221' title='bbox 204 2241 256 2264; x_wconf 86' lang='lat' dir='ltr'>Nec</span> <span class='ocrx_word' id='word_1_222' title='bbox 277 2239 387 2271; x_wconf 82' lang='lat' dir='ltr'>parvulis</span> <span class='ocrx_word' id='word_1_223' title='bbox 410 2239 463 2263; x_wconf 85' lang='lat' dir='ltr'>sine</span> <span class='ocrx_word' id='word_1_224' title='bbox 484 2239 533 2263; x_wconf 87' lang='lat' dir='ltr'>fide</span> <span class='ocrx_word' id='word_1_225' title='bbox 549 2238 647 2269; x_wconf 86' lang='lat' dir='ltr'>aliena,</span> <span class='ocrx_word' id='word_1_226' title='bbox 665 2239 709 2270; x_wconf 88' lang='lat' dir='ltr'>qui</span> <span class='ocrx_word' id='word_1_227' title='bbox 730 2238 859 2269; x_wconf 80' lang='lat' dir='ltr'>propriam</span> <span class='ocrx_word' id='word_1_228' title='bbox 879 2239 973 2263; x_wconf 79' lang='lat' dir='ltr'>habere</span> 
     </span>
     <span class='ocr_line' id='line_1_39' title="bbox 318 2274 858 2306; baseline 0 -8"><span class='ocrx_word' id='word_1_229' title='bbox 318 2276 455 2305; x_wconf 86' lang='lat' dir='ltr'>nequeunt,</span> <span class='ocrx_word' id='word_1_230' title='bbox 469 2275 542 2299; x_wconf 84' lang='lat' dir='ltr'>datur</span> <span class='ocrx_word' id='word_1_231' title='bbox 556 2274 582 2298; x_wconf 89' lang='lat' dir='ltr'>in</span> <span class='ocrx_word' id='word_1_232' title='bbox 594 2274 720 2306; x_wconf 82' lang='lat' dir='ltr'>baptismo</span> <span class='ocrx_word' id='word_1_233' title='bbox 735 2274 858 2298; x_wconf 82' lang='lat' dir='ltr'>remissio.</span> 
     </span>
    </p>
   </div>
   <div class='ocr_carea' id='block_1_7' title="bbox 207 2345 976 2543">
    <p class='ocr_par' dir='ltr' id='par_1_10' title="bbox 207 2345 976 2543">
     <span class='ocr_line' id='line_1_40' title="bbox 246 2345 972 2385; baseline 0 -9"><span class='ocrx_word' id='word_1_234' title='bbox 246 2345 377 2376; x_wconf 87' lang='lat' dir='ltr'>Videtur</span> <span class='ocrx_word' id='word_1_235' title='bbox 392 2345 473 2375; x_wconf 84' lang='lat' dir='ltr'>male</span> <span class='ocrx_word' id='word_1_236' title='bbox 485 2345 606 2383; x_wconf 82' lang='lat' dir='ltr'>dicere,</span> <span class='ocrx_word' id='word_1_237' title='bbox 621 2345 699 2385; x_wconf 88' lang='lat' dir='ltr'>quia</span> <span class='ocrx_word' id='word_1_238' title='bbox 710 2345 885 2376; x_wconf 85' lang='lat' dir='ltr'>secundum</span> <span class='ocrx_word' id='word_1_239' title='bbox 901 2346 972 2384; x_wconf 81' lang='lat' dir='ltr'>hoc⁷</span> 
     </span>
     <span class='ocr_line' id='line_1_41' title="bbox 207 2398 976 2440; baseline -0.001 -9"><span class='ocrx_word' id='word_1_240' title='bbox 207 2401 231 2431; x_wconf 91' lang='lat' dir='ltr'>si</span> <span class='ocrx_word' id='word_1_241' title='bbox 247 2401 393 2440; x_wconf 81' lang='lat' dir='ltr'>parentes</span> <span class='ocrx_word' id='word_1_242' title='bbox 407 2398 470 2428; x_wconf 88' lang='lat' dir='ltr'>sint</span> <span class='ocrx_word' id='word_1_243' title='bbox 485 2398 644 2436; x_wconf 85' lang='lat' dir='ltr'>infideles,</span> <span class='ocrx_word' id='word_1_244' title='bbox 658 2401 735 2428; x_wconf 83' lang='lat' dir='ltr'>tnnc</span> <span class='ocrx_word' id='word_1_245' title='bbox 750 2398 875 2429; x_wconf 89' lang='lat' dir='ltr'>videtur</span> <span class='ocrx_word' id='word_1_246' title='bbox 889 2399 976 2439; x_wconf 86' lang='lat' dir='ltr'>quod</span> 
     </span>
     <span class='ocr_line' id='line_1_42' title="bbox 207 2451 975 2494; baseline -0.001 -10"><span class='ocrx_word' id='word_1_247' title='bbox 207 2452 361 2494; x_wconf 82' lang='lat' dir='ltr'>parvulus</span> <span class='ocrx_word' id='word_1_248' title='bbox 381 2452 548 2482; x_wconf 87' lang='lat' dir='ltr'>damnetur</span> <span class='ocrx_word' id='word_1_249' title='bbox 564 2461 571 2482; x_wconf 90' lang='lat'>:</span> <span class='ocrx_word' id='word_1_250' title='bbox 588 2451 648 2481; x_wconf 88' lang='lat' dir='ltr'>hoc</span> <span class='ocrx_word' id='word_1_251' title='bbox 669 2453 776 2482; x_wconf 86' lang='lat' dir='ltr'>autem</span> <span class='ocrx_word' id='word_1_252' title='bbox 796 2454 842 2482; x_wconf 88' lang='lat' dir='ltr'>est</span> <span class='ocrx_word' id='word_1_253' title='bbox 865 2452 975 2484; x_wconf 85' lang='lat' dir='ltr'>incon-</span> 
     </span>
     <span class='ocr_line' id='line_1_43' title="bbox 208 2504 976 2543; baseline -0.003 -5"><span class='ocrx_word' id='word_1_254' title='bbox 208 2507 337 2538; x_wconf 86' lang='lat' dir='ltr'>veniens</span> <span class='ocrx_word' id='word_1_255' title='bbox 348 2530 356 2543; x_wconf 94' lang='lat'>,</span> <span class='ocrx_word' id='word_1_256' title='bbox 371 2508 401 2536; x_wconf 86' lang='lat' dir='ltr'>et</span> <span class='ocrx_word' id='word_1_257' title='bbox 415 2506 523 2535; x_wconf 79' lang='lat' dir='ltr'>contra</span> <span class='ocrx_word' id='word_1_258' title='bbox 537 2504 767 2543; x_wconf 83' lang='lat' dir='ltr'>Augustinum.</span> <span class='ocrx_word' id='word_1_259' title='bbox 786 2504 877 2543; x_wconf 85' lang='lat' dir='ltr'>Nam,</span> <span class='ocrx_word' id='word_1_260' title='bbox 895 2505 976 2536; x_wconf 82' lang='lat' dir='ltr'>sicut</span> 
     </span>
    </p>
   </div>
   <div class='ocr_carea' id='block_1_8' title="bbox 211 2584 979 2653">
    <p class='ocr_par' dir='ltr' id='par_1_11' title="bbox 211 2584 979 2653">
     <span class='ocr_line' id='line_1_44' title="bbox 245 2584 978 2618; baseline -0.001 -7"><span class='ocrx_word' id='word_1_261' title='bbox 245 2588 250 2604; x_wconf 86' lang='lat'>¹</span> <span class='ocrx_word' id='word_1_262' title='bbox 264 2588 337 2618; x_wconf 58' lang='lat' dir='ltr'>Augu,</span> <span class='ocrx_word' id='word_1_263' title='bbox 350 2586 379 2610; x_wconf 72' lang='lat' dir='ltr'>&lt;Ie</span> <span class='ocrx_word' id='word_1_264' title='bbox 392 2586 543 2617; x_wconf 68' lang='lat' dir='ltr'>poenz&#39;tcnlioe</span> <span class='ocrx_word' id='word_1_265' title='bbox 558 2584 689 2614; x_wconf 68' lang='lat' dir='ltr'>Medicina,</span> <span class='ocrx_word' id='word_1_266' title='bbox 705 2592 719 2609; x_wconf 89' lang='lat' dir='ltr'>e</span> <span class='ocrx_word' id='word_1_267' title='bbox 743 2591 772 2614; x_wconf 83' lang='lat'>11,</span> <span class='ocrx_word' id='word_1_268' title='bbox 789 2587 814 2610; x_wconf 87' lang='lat' dir='ltr'>et</span> <span class='ocrx_word' id='word_1_269' title='bbox 830 2585 937 2610; x_wconf 77' lang='lat' dir='ltr'>habetur</span> <span class='ocrx_word' id='word_1_270' title='bbox 950 2586 978 2609; x_wconf 68' lang='lat' dir='ltr'>cle</span> 
     </span>
     <span class='ocr_line' id='line_1_45' title="bbox 211 2621 979 2653; baseline -0.001 -6"><span class='ocrx_word' id='word_1_271' title='bbox 211 2624 336 2653; x_wconf 64' lang='lat' dir='ltr'>eonsecr„</span> <span class='ocrx_word' id='word_1_272' title='bbox 351 2623 409 2646; x_wconf 80' lang='lat' dir='ltr'>dist.</span> <span class='ocrx_word' id='word_1_273' title='bbox 428 2628 460 2649; x_wconf 74' lang='grc' dir='ltr'>μ’,</span> <span class='ocrx_word' id='word_1_274' title='bbox 476 2629 499 2645; x_wconf 84' lang='grc'>0.</span> <span class='ocrx_word' id='word_1_275' title='bbox 520 2621 606 2645; x_wconf 72' lang='lat' dir='ltr'>Omnis</span> <span class='ocrx_word' id='word_1_276' title='bbox 619 2621 672 2652; x_wconf 74' lang='lat' dir='ltr'>qui.</span> <span class='ocrx_word' id='word_1_277' title='bbox 686 2634 716 2638; x_wconf 98' lang='lat'><strong>—</strong></span> <span class='ocrx_word' id='word_1_278' title='bbox 734 2621 745 2637; x_wconf 72' lang='lat'><em>³</em></span> <span class='ocrx_word' id='word_1_279' title='bbox 764 2621 811 2652; x_wconf 65' lang='lat' dir='ltr'>ld„</span> <span class='ocrx_word' id='word_1_280' title='bbox 832 2621 866 2645; x_wconf 75' lang='lat' dir='ltr'>acl</span> <span class='ocrx_word' id='word_1_281' title='bbox 885 2622 979 2652; x_wconf 77' lang='lat' dir='ltr'>Bom&#39;f.⁷</span> 
     </span>
    </p>
   </div>
   <div class='ocr_carea' id='block_1_9' title="bbox 1732 156 1789 184">
    <p class='ocr_par' dir='ltr' id='par_1_12' title="bbox 1732 156 1789 184">
     <span class='ocr_line' id='line_1_46' title="bbox 1732 156 1789 184; baseline 0 0"><span class='ocrx_word' id='word_1_282' title='bbox 1732 156 1789 184; x_wconf 77' lang='lat'>327</span> 
     </span>
    </p>
   </div>
   <div class='ocr_carea' id='block_1_10' title="bbox 1019 218 1803 2544">
    <p class='ocr_par' dir='ltr' id='par_1_13' title="bbox 1019 218 1793 735">
     <span class='ocr_line' id='line_1_47' title="bbox 1020 218 1789 258; baseline 0.005 -10"><span class='ocrx_word' id='word_1_283' title='bbox 1020 218 1094 249; x_wconf 88' lang='lat' dir='ltr'>dicit</span> <span class='ocrx_word' id='word_1_284' title='bbox 1119 218 1323 257; x_wconf 78' lang='lat' dir='ltr'>Augustinus</span> <span class='ocrx_word' id='word_1_285' title='bbox 1344 218 1388 249; x_wconf 77' lang='lat' dir='ltr'>ad</span> <span class='ocrx_word' id='word_1_286' title='bbox 1410 220 1636 258; x_wconf 78' lang='lat' dir='ltr'>Bonifacium’</span> <span class='ocrx_word' id='word_1_287' title='bbox 1656 232 1662 251; x_wconf 92' lang='lat'>:</span> <span class='ocrx_word' id='word_1_288' title='bbox 1686 231 1700 249; x_wconf 74' lang='grc' dir='ltr'>α</span> <span class='ocrx_word' id='word_1_289' title='bbox 1715 220 1789 252; x_wconf 84' lang='lat' dir='ltr'>Esto</span> 
     </span>
     <span class='ocr_line' id='line_1_48' title="bbox 1019 271 1786 313; baseline 0.005 -12"><span class='ocrx_word' id='word_1_290' title='bbox 1019 271 1103 311; x_wconf 85' lang='lat' dir='ltr'>quod</span> <span class='ocrx_word' id='word_1_291' title='bbox 1119 274 1263 311; x_wconf 82' lang='lat' dir='ltr'>parentes</span> <span class='ocrx_word' id='word_1_292' title='bbox 1273 271 1390 302; x_wconf 86' lang='lat' dir='ltr'>ducant</span> <span class='ocrx_word' id='word_1_293' title='bbox 1405 272 1485 302; x_wconf 85' lang='lat' dir='ltr'>filios</span> <span class='ocrx_word' id='word_1_294' title='bbox 1501 282 1573 303; x_wconf 88' lang='lat' dir='ltr'>suos</span> <span class='ocrx_word' id='word_1_295' title='bbox 1583 282 1639 312; x_wconf 88' lang='lat' dir='ltr'>per</span> <span class='ocrx_word' id='word_1_296' title='bbox 1655 274 1765 313; x_wconf 80' lang='lat' dir='ltr'>ignem</span> <span class='ocrx_word' id='word_1_297' title='bbox 1776 297 1786 312; x_wconf 87' lang='lat'>,</span> 
     </span>
     <span class='ocr_line' id='line_1_49' title="bbox 1020 324 1789 363; baseline 0.005 -9"><span class='ocrx_word' id='word_1_298' title='bbox 1020 324 1160 355; x_wconf 87' lang='lat' dir='ltr'>nihileis</span> <span class='ocrx_word' id='word_1_299' title='bbox 1183 325 1271 354; x_wconf 78' lang='lat' dir='ltr'>obest</span> <span class='ocrx_word' id='word_1_300' title='bbox 1290 327 1459 363; x_wconf 86' lang='lat' dir='ltr'>parentum</span> <span class='ocrx_word' id='word_1_301' title='bbox 1476 325 1654 357; x_wconf 87' lang='lat' dir='ltr'>infidelitas.</span> <span class='ocrx_word' id='word_1_302' title='bbox 1671 339 1684 355; x_wconf 83' lang='lat'>»</span> <span class='ocrx_word' id='word_1_303' title='bbox 1705 327 1789 358; x_wconf 86' lang='lat' dir='ltr'>Situ</span> 
     </span>
     <span class='ocr_line' id='line_1_50' title="bbox 1020 377 1787 419; baseline 0.005 -12"><span class='ocrx_word' id='word_1_304' title='bbox 1020 377 1115 415; x_wconf 75' lang='lat' dir='ltr'>dieaS,</span> <span class='ocrx_word' id='word_1_305' title='bbox 1131 378 1211 408; x_wconf 88' lang='lat' dir='ltr'>sicut</span> <span class='ocrx_word' id='word_1_306' title='bbox 1222 378 1295 408; x_wconf 88' lang='lat' dir='ltr'>dicit</span> <span class='ocrx_word' id='word_1_307' title='bbox 1306 378 1508 418; x_wconf 81' lang='lat' dir='ltr'>Augustinus</span> <span class='ocrx_word' id='word_1_308' title='bbox 1520 379 1558 409; x_wconf 84' lang='lat' dir='ltr'>ad</span> <span class='ocrx_word' id='word_1_309' title='bbox 1576 379 1787 419; x_wconf 63' lang='lat' dir='ltr'>Bonis-achim,</span> 
     </span>
     <span class='ocr_line' id='line_1_51' title="bbox 1021 431 1791 473; baseline 0.003 -12"><span class='ocrx_word' id='word_1_310' title='bbox 1021 431 1103 470; x_wconf 72' lang='lat' dir='ltr'>quod</span> <span class='ocrx_word' id='word_1_311' title='bbox 1120 431 1214 461; x_wconf 86' lang='lat' dir='ltr'>habet</span> <span class='ocrx_word' id='word_1_312' title='bbox 1232 431 1385 462; x_wconf 86' lang='lat' dir='ltr'>virtutem</span> <span class='ocrx_word' id='word_1_313' title='bbox 1401 440 1420 462; x_wconf 86' lang='lat' dir='ltr'>a</span> <span class='ocrx_word' id='word_1_314' title='bbox 1443 432 1503 462; x_wconf 88' lang='lat' dir='ltr'>fide</span> <span class='ocrx_word' id='word_1_315' title='bbox 1528 431 1694 469; x_wconf 76' lang='lat' dir='ltr'>Ecclesiae,</span> <span class='ocrx_word' id='word_1_316' title='bbox 1716 434 1791 473; x_wconf 87' lang='lat' dir='ltr'>quia</span> 
     </span>
     <span class='ocr_line' id='line_1_52' title="bbox 1021 484 1790 524; baseline 0.003 -10"><span class='ocrx_word' id='word_1_317' title='bbox 1021 485 1126 522; x_wconf 79' lang='lat' dir='ltr'>adest3</span> <span class='ocrx_word' id='word_1_318' title='bbox 1143 486 1209 515; x_wconf 91' lang='lat' dir='ltr'>esto</span> <span class='ocrx_word' id='word_1_319' title='bbox 1230 487 1306 515; x_wconf 90' lang='lat' dir='ltr'>tunc</span> <span class='ocrx_word' id='word_1_320' title='bbox 1320 485 1403 524; x_wconf 85' lang='lat' dir='ltr'>quod</span> <span class='ocrx_word' id='word_1_321' title='bbox 1420 484 1529 515; x_wconf 86' lang='lat' dir='ltr'>nullus</span> <span class='ocrx_word' id='word_1_322' title='bbox 1554 485 1594 515; x_wconf 90' lang='lat' dir='ltr'>sit</span> <span class='ocrx_word' id='word_1_323' title='bbox 1608 485 1725 523; x_wconf 81' lang='lat' dir='ltr'>fidelis⁷</span> <span class='ocrx_word' id='word_1_324' title='bbox 1742 486 1790 516; x_wconf 89' lang='lat' dir='ltr'>vi-</span> 
     </span>
     <span class='ocr_line' id='line_1_53' title="bbox 1020 536 1792 576; baseline 0.004 -10"><span class='ocrx_word' id='word_1_325' title='bbox 1020 536 1112 566; x_wconf 91' lang='lat' dir='ltr'>detur</span> <span class='ocrx_word' id='word_1_326' title='bbox 1122 537 1206 576; x_wconf 86' lang='lat' dir='ltr'>quod</span> <span class='ocrx_word' id='word_1_327' title='bbox 1220 540 1453 568; x_wconf 87' lang='lat' dir='ltr'>sacramentnm</span> <span class='ocrx_word' id='word_1_328' title='bbox 1469 538 1592 569; x_wconf 85' lang='lat' dir='ltr'>nullam</span> <span class='ocrx_word' id='word_1_329' title='bbox 1606 538 1721 569; x_wconf 86' lang='lat' dir='ltr'>habeat</span> <span class='ocrx_word' id='word_1_330' title='bbox 1729 538 1792 569; x_wconf 83' lang='lat' dir='ltr'>vir-</span> 
     </span>
     <span class='ocr_line' id='line_1_54' title="bbox 1021 590 1793 630; baseline 0.004 -12"><span class='ocrx_word' id='word_1_331' title='bbox 1021 590 1122 619; x_wconf 83' lang='lat' dir='ltr'>tutem</span> <span class='ocrx_word' id='word_1_332' title='bbox 1140 598 1148 619; x_wconf 91' lang='lat'>:</span> <span class='ocrx_word' id='word_1_333' title='bbox 1165 590 1218 620; x_wconf 89' lang='lat' dir='ltr'>sed</span> <span class='ocrx_word' id='word_1_334' title='bbox 1233 590 1293 621; x_wconf 86' lang='lat' dir='ltr'>hoc</span> <span class='ocrx_word' id='word_1_335' title='bbox 1307 590 1422 621; x_wconf 79' lang='lat' dir='ltr'>falsum</span> <span class='ocrx_word' id='word_1_336' title='bbox 1437 592 1500 628; x_wconf 81' lang='lat' dir='ltr'>est,</span> <span class='ocrx_word' id='word_1_337' title='bbox 1527 590 1603 630; x_wconf 85' lang='lat' dir='ltr'>quia</span> <span class='ocrx_word' id='word_1_338' title='bbox 1617 590 1793 630; x_wconf 84' lang='lat' dir='ltr'>baptizatus</span> 
     </span>
     <span class='ocr_line' id='line_1_55' title="bbox 1021 643 1791 683; baseline 0.004 -11"><span class='ocrx_word' id='word_1_339' title='bbox 1021 644 1085 679; x_wconf 75' lang='lat' dir='ltr'>est,</span> <span class='ocrx_word' id='word_1_340' title='bbox 1103 645 1133 672; x_wconf 88' lang='lat' dir='ltr'>et</span> <span class='ocrx_word' id='word_1_341' title='bbox 1147 643 1268 673; x_wconf 87' lang='lat' dir='ltr'>nullam</span> <span class='ocrx_word' id='word_1_342' title='bbox 1283 644 1443 674; x_wconf 86' lang='lat' dir='ltr'>fictionem</span> <span class='ocrx_word' id='word_1_343' title='bbox 1459 643 1572 674; x_wconf 85' lang='lat' dir='ltr'>habuit</span> <span class='ocrx_word' id='word_1_344' title='bbox 1589 654 1596 674; x_wconf 76' lang='grc' dir='ltr'>ε</span> <span class='ocrx_word' id='word_1_345' title='bbox 1614 652 1691 683; x_wconf 80' lang='lat' dir='ltr'>ergo</span> <span class='ocrx_word' id='word_1_346' title='bbox 1706 653 1791 675; x_wconf 88' lang='lat' dir='ltr'>rece-</span> 
     </span>
     <span class='ocr_line' id='line_1_56' title="bbox 1021 694 1402 735; baseline 0.005 -11"><span class='ocrx_word' id='word_1_347' title='bbox 1021 695 1067 734; x_wconf 92' lang='lat' dir='ltr'>pit</span> <span class='ocrx_word' id='word_1_348' title='bbox 1081 694 1228 726; x_wconf 72' lang='lat' dir='ltr'>effectum</span> <span class='ocrx_word' id='word_1_349' title='bbox 1244 696 1402 735; x_wconf 78' lang='lat' dir='ltr'>baptismi.</span> 
     </span>
    </p>

    <p class='ocr_par' dir='ltr' id='par_1_14' title="bbox 1022 747 1803 2544">
     <span class='ocr_line' id='line_1_57' title="bbox 1064 747 1793 790; baseline 0.005 -13"><span class='ocrx_word' id='word_1_350' title='bbox 1064 747 1152 787; x_wconf 80' lang='lat' dir='ltr'>Resp.</span> <span class='ocrx_word' id='word_1_351' title='bbox 1171 748 1343 779; x_wconf 80' lang='lat' dir='ltr'>Dicendum</span> <span class='ocrx_word' id='word_1_352' title='bbox 1359 750 1443 789; x_wconf 85' lang='lat' dir='ltr'>quod</span> <span class='ocrx_word' id='word_1_353' title='bbox 1463 750 1501 780; x_wconf 87' lang='lat' dir='ltr'>ad</span> <span class='ocrx_word' id='word_1_354' title='bbox 1518 750 1652 781; x_wconf 86' lang='lat' dir='ltr'>salutem</span> <span class='ocrx_word' id='word_1_355' title='bbox 1667 750 1793 790; x_wconf 88' lang='lat' dir='ltr'>parvuli</span> 
     </span>
     <span class='ocr_line' id='line_1_58' title="bbox 1022 802 1793 842; baseline 0.004 -11"><span class='ocrx_word' id='word_1_356' title='bbox 1022 802 1196 841; x_wconf 82' lang='lat' dir='ltr'>requiritur</span> <span class='ocrx_word' id='word_1_357' title='bbox 1211 802 1312 833; x_wconf 85' lang='lat' dir='ltr'>virtus</span> <span class='ocrx_word' id='word_1_358' title='bbox 1326 804 1479 842; x_wconf 75' lang='lat' dir='ltr'>passionis</span> <span class='ocrx_word' id='word_1_359' title='bbox 1499 803 1614 834; x_wconf 86' lang='lat' dir='ltr'>Christi</span> <span class='ocrx_word' id='word_1_360' title='bbox 1637 813 1711 834; x_wconf 88' lang='lat' dir='ltr'>cum</span> <span class='ocrx_word' id='word_1_361' title='bbox 1731 804 1793 834; x_wconf 84' lang='lat' dir='ltr'>fide</span> 
     </span>
     <span class='ocr_line' id='line_1_59' title="bbox 1022 855 1794 896; baseline 0 -11"><span class='ocrx_word' id='word_1_362' title='bbox 1022 855 1181 895; x_wconf 74' lang='lat' dir='ltr'>proximi,</span> <span class='ocrx_word' id='word_1_363' title='bbox 1200 855 1280 885; x_wconf 83' lang='lat' dir='ltr'>sicut</span> <span class='ocrx_word' id='word_1_364' title='bbox 1296 856 1368 886; x_wconf 86' lang='lat' dir='ltr'>dicit</span> <span class='ocrx_word' id='word_1_365' title='bbox 1384 857 1584 895; x_wconf 70' lang='lat' dir='ltr'>Augustinus</span> <span class='ocrx_word' id='word_1_366' title='bbox 1599 856 1609 873; x_wconf 78' lang='lat'><strong>⁸</strong></span> <span class='ocrx_word' id='word_1_367' title='bbox 1630 858 1659 887; x_wconf 90' lang='lat' dir='ltr'>et</span> <span class='ocrx_word' id='word_1_368' title='bbox 1677 866 1773 896; x_wconf 76' lang='lat' dir='ltr'>supra</span> <span class='ocrx_word' id='word_1_369' title='bbox 1785 857 1794 872; x_wconf 80' lang='lat'>¹·</span> 
     </span>
     <span class='ocr_line' id='line_1_60' title="bbox 1023 908 1795 949; baseline 0.003 -12"><span class='ocrx_word' id='word_1_370' title='bbox 1023 911 1183 938; x_wconf 82' lang='lat' dir='ltr'>ostensum</span> <span class='ocrx_word' id='word_1_371' title='bbox 1199 909 1270 938; x_wconf 86' lang='lat' dir='ltr'>snit.</span> <span class='ocrx_word' id='word_1_372' title='bbox 1288 908 1347 939; x_wconf 71' lang='lat' dir='ltr'>Sed</span> <span class='ocrx_word' id='word_1_373' title='bbox 1362 911 1469 939; x_wconf 79' lang='lat' dir='ltr'>tamen</span> <span class='ocrx_word' id='word_1_374' title='bbox 1485 919 1549 939; x_wconf 85' lang='lat' dir='ltr'>non</span> <span class='ocrx_word' id='word_1_375' title='bbox 1564 912 1687 949; x_wconf 84' lang='lat' dir='ltr'>oportet</span> <span class='ocrx_word' id='word_1_376' title='bbox 1702 911 1738 940; x_wconf 88' lang='lat' dir='ltr'>ut</span> <span class='ocrx_word' id='word_1_377' title='bbox 1754 910 1795 939; x_wconf 67' lang='lat' dir='ltr'>sit</span> 
     </span>
     <span class='ocr_line' id='line_1_61' title="bbox 1022 960 1795 1002; baseline 0.001 -13"><span class='ocrx_word' id='word_1_378' title='bbox 1022 960 1099 990; x_wconf 79' lang='lat' dir='ltr'>fides</span> <span class='ocrx_word' id='word_1_379' title='bbox 1114 960 1331 995; x_wconf 75' lang='lat' dir='ltr'>offerentium.</span> <span class='ocrx_word' id='word_1_380' title='bbox 1352 962 1402 991; x_wconf 79' lang='lat' dir='ltr'>sed</span> <span class='ocrx_word' id='word_1_381' title='bbox 1419 962 1535 991; x_wconf 67' lang='lat' dir='ltr'>sullis-if.</span> <span class='ocrx_word' id='word_1_382' title='bbox 1549 962 1634 1002; x_wconf 83' lang='lat' dir='ltr'>quod</span> <span class='ocrx_word' id='word_1_383' title='bbox 1657 962 1697 992; x_wconf 86' lang='lat' dir='ltr'>sit</span> <span class='ocrx_word' id='word_1_384' title='bbox 1717 962 1795 992; x_wconf 70' lang='lat' dir='ltr'>fides</span> 
     </span>
     <span class='ocr_line' id='line_1_62' title="bbox 1024 1013 1796 1053; baseline 0.004 -11"><span class='ocrx_word' id='word_1_385' title='bbox 1024 1013 1184 1051; x_wconf 72' lang='lat' dir='ltr'>Ecclesiae,</span> <span class='ocrx_word' id='word_1_386' title='bbox 1201 1023 1274 1053; x_wconf 78' lang='lat' dir='ltr'>qnae</span> <span class='ocrx_word' id='word_1_387' title='bbox 1288 1016 1351 1051; x_wconf 75' lang='lat' dir='ltr'>est3</span> <span class='ocrx_word' id='word_1_388' title='bbox 1370 1014 1419 1044; x_wconf 82' lang='lat' dir='ltr'>vel</span> <span class='ocrx_word' id='word_1_389' title='bbox 1432 1015 1457 1044; x_wconf 77' lang='lat' dir='ltr'>si</span> <span class='ocrx_word' id='word_1_390' title='bbox 1474 1015 1543 1045; x_wconf 70' lang='lat' dir='ltr'>haec</span> <span class='ocrx_word' id='word_1_391' title='bbox 1556 1015 1713 1052; x_wconf 83' lang='lat' dir='ltr'>deficeret,</span> <span class='ocrx_word' id='word_1_392' title='bbox 1729 1016 1796 1045; x_wconf 84' lang='lat' dir='ltr'>snf-</span> 
     </span>
     <span class='ocr_line' id='line_1_63' title="bbox 1024 1067 1792 1107; baseline 0.001 -10"><span class='ocrx_word' id='word_1_393' title='bbox 1024 1067 1131 1097; x_wconf 87' lang='lat' dir='ltr'>ficeret</span> <span class='ocrx_word' id='word_1_394' title='bbox 1144 1067 1296 1097; x_wconf 86' lang='lat' dir='ltr'>meritum</span> <span class='ocrx_word' id='word_1_395' title='bbox 1312 1067 1386 1097; x_wconf 85' lang='lat' dir='ltr'>fidei</span> <span class='ocrx_word' id='word_1_396' title='bbox 1400 1091 1407 1105; x_wconf 76' lang='grc'><em>,</em></span> <span class='ocrx_word' id='word_1_397' title='bbox 1424 1068 1509 1107; x_wconf 81' lang='lat' dir='ltr'>qnod</span> <span class='ocrx_word' id='word_1_398' title='bbox 1526 1067 1585 1098; x_wconf 86' lang='lat' dir='ltr'>fuit</span> <span class='ocrx_word' id='word_1_399' title='bbox 1599 1068 1632 1098; x_wconf 87' lang='lat' dir='ltr'>in</span> <span class='ocrx_word' id='word_1_400' title='bbox 1647 1067 1792 1098; x_wconf 70' lang='lat' dir='ltr'>Ecclesia.</span> 
     </span>
     <span class='ocr_line' id='line_1_64' title="bbox 1024 1119 1795 1151; baseline 0.001 -1"><span class='ocrx_word' id='word_1_401' title='bbox 1024 1119 1112 1150; x_wconf 85' lang='lat' dir='ltr'>Sicut</span> <span class='ocrx_word' id='word_1_402' title='bbox 1136 1120 1223 1150; x_wconf 88' lang='lat' dir='ltr'>enim</span> <span class='ocrx_word' id='word_1_403' title='bbox 1249 1120 1447 1151; x_wconf 84' lang='lat' dir='ltr'>orationibus</span> <span class='ocrx_word' id='word_1_404' title='bbox 1475 1123 1657 1151; x_wconf 84' lang='lat' dir='ltr'>sanctorum</span> <span class='ocrx_word' id='word_1_405' title='bbox 1684 1122 1717 1151; x_wconf 90' lang='lat' dir='ltr'>in</span> <span class='ocrx_word' id='word_1_406' title='bbox 1745 1122 1795 1151; x_wconf 73' lang='lat' dir='ltr'>via</span> 
     </span>
     <span class='ocr_line' id='line_1_65' title="bbox 1026 1173 1796 1213; baseline -0.001 -9"><span class='ocrx_word' id='word_1_407' title='bbox 1026 1173 1107 1204; x_wconf 82' lang='lat' dir='ltr'>Deus</span> <span class='ocrx_word' id='word_1_408' title='bbox 1127 1173 1348 1204; x_wconf 84' lang='lat' dir='ltr'>reconciliatur</span> <span class='ocrx_word' id='word_1_409' title='bbox 1363 1174 1473 1204; x_wconf 84' lang='lat' dir='ltr'>multis</span> <span class='ocrx_word' id='word_1_410' title='bbox 1494 1174 1711 1213; x_wconf 80' lang='lat' dir='ltr'>peccatoribus</span> <span class='ocrx_word' id='word_1_411' title='bbox 1724 1199 1732 1211; x_wconf 76' lang='lat'>,</span> <span class='ocrx_word' id='word_1_412' title='bbox 1753 1175 1796 1203; x_wconf 60' lang='lat' dir='ltr'>sic</span> 
     </span>
     <span class='ocr_line' id='line_1_66' title="bbox 1026 1226 1796 1267; baseline 0.003 -11"><span class='ocrx_word' id='word_1_413' title='bbox 1026 1226 1140 1257; x_wconf 85' lang='lat' dir='ltr'>merito</span> <span class='ocrx_word' id='word_1_414' title='bbox 1154 1228 1336 1257; x_wconf 87' lang='lat' dir='ltr'>sanctorum</span> <span class='ocrx_word' id='word_1_415' title='bbox 1351 1227 1407 1267; x_wconf 88' lang='lat' dir='ltr'>qui</span> <span class='ocrx_word' id='word_1_416' title='bbox 1422 1230 1498 1257; x_wconf 90' lang='lat' dir='ltr'>sunt</span> <span class='ocrx_word' id='word_1_417' title='bbox 1522 1228 1554 1257; x_wconf 91' lang='lat' dir='ltr'>iu</span> <span class='ocrx_word' id='word_1_418' title='bbox 1569 1228 1670 1267; x_wconf 86' lang='lat' dir='ltr'>patria</span> <span class='ocrx_word' id='word_1_419' title='bbox 1694 1228 1796 1258; x_wconf 73' lang='lat' dir='ltr'>multa</span> 
     </span>
     <span class='ocr_line' id='line_1_67' title="bbox 1025 1280 1797 1320; baseline 0.003 -11"><span class='ocrx_word' id='word_1_420' title='bbox 1025 1280 1229 1310; x_wconf 87' lang='lat' dir='ltr'>remittuntur</span> <span class='ocrx_word' id='word_1_421' title='bbox 1252 1280 1362 1318; x_wconf 77' lang='lat' dir='ltr'>nobis,</span> <span class='ocrx_word' id='word_1_422' title='bbox 1389 1280 1464 1319; x_wconf 84' lang='lat' dir='ltr'>quia</span> <span class='ocrx_word' id='word_1_423' title='bbox 1485 1280 1574 1320; x_wconf 86' lang='lat' dir='ltr'>prius</span> <span class='ocrx_word' id='word_1_424' title='bbox 1608 1283 1797 1311; x_wconf 85' lang='lat' dir='ltr'>meruerunt</span> 
     </span>
     <span class='ocr_line' id='line_1_68' title="bbox 1025 1331 1796 1372; baseline 0.003 -10"><span class='ocrx_word' id='word_1_425' title='bbox 1025 1332 1126 1363; x_wconf 89' lang='lat' dir='ltr'>nobis.</span> <span class='ocrx_word' id='word_1_426' title='bbox 1145 1331 1183 1362; x_wconf 90' lang='lat' dir='ltr'>Et</span> <span class='ocrx_word' id='word_1_427' title='bbox 1197 1332 1257 1362; x_wconf 89' lang='lat' dir='ltr'>hoc</span> <span class='ocrx_word' id='word_1_428' title='bbox 1270 1332 1346 1363; x_wconf 90' lang='lat' dir='ltr'>dicit</span> <span class='ocrx_word' id='word_1_429' title='bbox 1360 1333 1562 1372; x_wconf 79' lang='lat' dir='ltr'>Augustinus</span> <span class='ocrx_word' id='word_1_430' title='bbox 1603 1334 1643 1364; x_wconf 87' lang='lat' dir='ltr'>ad</span> <span class='ocrx_word' id='word_1_431' title='bbox 1669 1333 1796 1364; x_wconf 59' lang='lat' dir='ltr'>Bonisa—</span> 
     </span>
     <span class='ocr_line' id='line_1_69' title="bbox 1025 1385 1797 1426; baseline 0.001 -11"><span class='ocrx_word' id='word_1_432' title='bbox 1025 1385 1122 1422; x_wconf 76' lang='lat' dir='ltr'>cium,</span> <span class='ocrx_word' id='word_1_433' title='bbox 1139 1394 1212 1415; x_wconf 89' lang='lat' dir='ltr'>cum</span> <span class='ocrx_word' id='word_1_434' title='bbox 1227 1385 1407 1416; x_wconf 81' lang='lat' dir='ltr'>offeruntur</span> <span class='ocrx_word' id='word_1_435' title='bbox 1421 1386 1547 1425; x_wconf 83' lang='lat' dir='ltr'>parvuli</span> <span class='ocrx_word' id='word_1_436' title='bbox 1563 1386 1600 1417; x_wconf 87' lang='lat' dir='ltr'>ad</span> <span class='ocrx_word' id='word_1_437' title='bbox 1617 1386 1797 1426; x_wconf 83' lang='lat' dir='ltr'>percipien-</span> 
     </span>
     <span class='ocr_line' id='line_1_70' title="bbox 1026 1439 1797 1480; baseline 0.003 -11"><span class='ocrx_word' id='word_1_438' title='bbox 1026 1439 1099 1470; x_wconf 86' lang='lat' dir='ltr'>dam</span> <span class='ocrx_word' id='word_1_439' title='bbox 1114 1440 1251 1478; x_wconf 76' lang='lat' dir='ltr'>gratiam</span> <span class='ocrx_word' id='word_1_440' title='bbox 1262 1464 1269 1478; x_wconf 66' lang='grc'>,</span> <span class='ocrx_word' id='word_1_441' title='bbox 1287 1442 1351 1470; x_wconf 87' lang='lat' dir='ltr'>tam</span> <span class='ocrx_word' id='word_1_442' title='bbox 1368 1440 1407 1470; x_wconf 80' lang='lat' dir='ltr'>ab</span> <span class='ocrx_word' id='word_1_443' title='bbox 1422 1440 1481 1477; x_wconf 71' lang='lat' dir='ltr'>eis,</span> <span class='ocrx_word' id='word_1_444' title='bbox 1506 1449 1645 1480; x_wconf 81' lang='lat' dir='ltr'>quorum</span> <span class='ocrx_word' id='word_1_445' title='bbox 1666 1443 1797 1480; x_wconf 82' lang='lat' dir='ltr'>gestau-</span> 
     </span>
     <span class='ocr_line' id='line_1_71' title="bbox 1026 1493 1798 1533; baseline 0.001 -10"><span class='ocrx_word' id='word_1_446' title='bbox 1026 1495 1078 1524; x_wconf 90' lang='lat' dir='ltr'>tur</span> <span class='ocrx_word' id='word_1_447' title='bbox 1093 1493 1241 1523; x_wconf 84' lang='lat' dir='ltr'>manibus</span> <span class='ocrx_word' id='word_1_448' title='bbox 1256 1517 1263 1530; x_wconf 80' lang='lat'>‚</span> <span class='ocrx_word' id='word_1_449' title='bbox 1285 1502 1382 1533; x_wconf 81' lang='lat' dir='ltr'>quam</span> <span class='ocrx_word' id='word_1_450' title='bbox 1398 1494 1493 1524; x_wconf 83' lang='lat' dir='ltr'>etiam</span> <span class='ocrx_word' id='word_1_451' title='bbox 1508 1494 1547 1523; x_wconf 87' lang='lat' dir='ltr'>ab</span> <span class='ocrx_word' id='word_1_452' title='bbox 1571 1494 1664 1533; x_wconf 79' lang='lat' dir='ltr'>ipsis,</span> <span class='ocrx_word' id='word_1_453' title='bbox 1688 1494 1713 1523; x_wconf 91' lang='lat' dir='ltr'>si</span> <span class='ocrx_word' id='word_1_454' title='bbox 1739 1494 1798 1533; x_wconf 78' lang='lat' dir='ltr'>ipsi</span> 
     </span>
     <span class='ocr_line' id='line_1_72' title="bbox 1026 1546 1798 1586; baseline 0.001 -10"><span class='ocrx_word' id='word_1_455' title='bbox 1026 1546 1133 1576; x_wconf 83' lang='lat' dir='ltr'>fideles</span> <span class='ocrx_word' id='word_1_456' title='bbox 1160 1546 1222 1576; x_wconf 87' lang='lat' dir='ltr'>sint</span> <span class='ocrx_word' id='word_1_457' title='bbox 1234 1570 1243 1584; x_wconf 93' lang='lat'>,</span> <span class='ocrx_word' id='word_1_458' title='bbox 1272 1556 1369 1586; x_wconf 86' lang='lat' dir='ltr'>quam</span> <span class='ocrx_word' id='word_1_459' title='bbox 1401 1546 1440 1576; x_wconf 85' lang='lat' dir='ltr'>ab</span> <span class='ocrx_word' id='word_1_460' title='bbox 1468 1547 1622 1576; x_wconf 85' lang='lat' dir='ltr'>universa</span> <span class='ocrx_word' id='word_1_461' title='bbox 1651 1546 1798 1577; x_wconf 84' lang='lat' dir='ltr'>societate</span> 
     </span>
     <span class='ocr_line' id='line_1_73' title="bbox 1026 1598 1797 1638; baseline -0.001 -9"><span class='ocrx_word' id='word_1_462' title='bbox 1026 1601 1207 1629; x_wconf 82' lang='lat' dir='ltr'>sanctorum</span> <span class='ocrx_word' id='word_1_463' title='bbox 1218 1601 1312 1638; x_wconf 80' lang='lat' dir='ltr'>atque</span> <span class='ocrx_word' id='word_1_464' title='bbox 1320 1598 1473 1628; x_wconf 85' lang='lat' dir='ltr'>fidelium.</span> <span class='ocrx_word' id='word_1_465' title='bbox 1486 1598 1534 1628; x_wconf 84' lang='lat' dir='ltr'>Ab</span> <span class='ocrx_word' id='word_1_466' title='bbox 1547 1598 1695 1628; x_wconf 84' lang='lat' dir='ltr'>omnibus</span> <span class='ocrx_word' id='word_1_467' title='bbox 1707 1608 1797 1628; x_wconf 83' lang='lat' dir='ltr'>nam-</span> 
     </span>
     <span class='ocr_line' id='line_1_74' title="bbox 1027 1651 1797 1692; baseline -0.003 -9"><span class='ocrx_word' id='word_1_468' title='bbox 1027 1662 1088 1692; x_wconf 87' lang='lat' dir='ltr'>que</span> <span class='ocrx_word' id='word_1_469' title='bbox 1099 1652 1205 1683; x_wconf 73' lang='lat' dir='ltr'>offerri</span> <span class='ocrx_word' id='word_1_470' title='bbox 1220 1652 1458 1690; x_wconf 81' lang='lat' dir='ltr'>intelliguntur,</span> <span class='ocrx_word' id='word_1_471' title='bbox 1471 1652 1586 1690; x_wconf 83' lang='lat' dir='ltr'>quibus</span> <span class='ocrx_word' id='word_1_472' title='bbox 1599 1651 1701 1691; x_wconf 87' lang='lat' dir='ltr'>placet</span> <span class='ocrx_word' id='word_1_473' title='bbox 1713 1652 1797 1691; x_wconf 81' lang='lat' dir='ltr'>qnod</span> 
     </span>
     <span class='ocr_line' id='line_1_75' title="bbox 1026 1704 1799 1744; baseline 0 -9"><span class='ocrx_word' id='word_1_474' title='bbox 1026 1706 1216 1743; x_wconf 77' lang='lat' dir='ltr'>offeruntur,</span> <span class='ocrx_word' id='word_1_475' title='bbox 1242 1707 1273 1735; x_wconf 89' lang='lat' dir='ltr'>et</span> <span class='ocrx_word' id='word_1_476' title='bbox 1292 1714 1431 1744; x_wconf 83' lang='lat' dir='ltr'>quorum</span> <span class='ocrx_word' id='word_1_477' title='bbox 1456 1707 1563 1735; x_wconf 82' lang='lat' dir='ltr'>sancta</span> <span class='ocrx_word' id='word_1_478' title='bbox 1584 1706 1615 1735; x_wconf 85' lang='lat' dir='ltr'>et</span> <span class='ocrx_word' id='word_1_479' title='bbox 1635 1704 1799 1736; x_wconf 84' lang='lat' dir='ltr'>individua</span> 
     </span>
     <span class='ocr_line' id='line_1_76' title="bbox 1027 1757 1797 1797; baseline -0.003 -7"><span class='ocrx_word' id='word_1_480' title='bbox 1027 1759 1178 1790; x_wconf 76' lang='lat' dir='ltr'>charitate</span> <span class='ocrx_word' id='word_1_481' title='bbox 1194 1759 1232 1789; x_wconf 87' lang='lat' dir='ltr'>ad</span> <span class='ocrx_word' id='word_1_482' title='bbox 1248 1759 1506 1788; x_wconf 86' lang='lat' dir='ltr'>communionem</span> <span class='ocrx_word' id='word_1_483' title='bbox 1525 1757 1721 1797; x_wconf 86' lang='lat' dir='ltr'>spiritualem</span> <span class='ocrx_word' id='word_1_484' title='bbox 1741 1758 1797 1788; x_wconf 82' lang='lat' dir='ltr'>ad-</span> 
     </span>
     <span class='ocr_line' id='line_1_77' title="bbox 1023 1810 1797 1852; baseline -0.003 -10"><span class='ocrx_word' id='word_1_485' title='bbox 1023 1813 1181 1852; x_wconf 77' lang='lat' dir='ltr'>juvantur</span> <span class='ocrx_word' id='word_1_486' title='bbox 1198 1822 1204 1842; x_wconf 90' lang='grc'>;</span> <span class='ocrx_word' id='word_1_487' title='bbox 1222 1813 1253 1841; x_wconf 90' lang='lat' dir='ltr'>et</span> <span class='ocrx_word' id='word_1_488' title='bbox 1270 1811 1313 1841; x_wconf 84' lang='lat' dir='ltr'>ita</span> <span class='ocrx_word' id='word_1_489' title='bbox 1326 1810 1494 1841; x_wconf 77' lang='lat' dir='ltr'>offerentes</span> <span class='ocrx_word' id='word_1_490' title='bbox 1508 1812 1639 1849; x_wconf 84' lang='lat' dir='ltr'>possunt</span> <span class='ocrx_word' id='word_1_491' title='bbox 1660 1810 1797 1850; x_wconf 83' lang='lat' dir='ltr'>intelligi</span> 
     </span>
     <span class='ocr_line' id='line_1_78' title="bbox 1027 1863 1798 1903; baseline -0.003 -8"><span class='ocrx_word' id='word_1_492' title='bbox 1027 1865 1142 1902; x_wconf 80' lang='lat' dir='ltr'>sancti,</span> <span class='ocrx_word' id='word_1_493' title='bbox 1158 1874 1221 1895; x_wconf 89' lang='lat' dir='ltr'>non</span> <span class='ocrx_word' id='word_1_494' title='bbox 1238 1864 1341 1894; x_wconf 89' lang='grc'>5010111</span> <span class='ocrx_word' id='word_1_495' title='bbox 1359 1864 1411 1903; x_wconf 83' lang='lat' dir='ltr'>qui</span> <span class='ocrx_word' id='word_1_496' title='bbox 1428 1865 1502 1893; x_wconf 85' lang='lat' dir='ltr'>sunt</span> <span class='ocrx_word' id='word_1_497' title='bbox 1517 1864 1548 1893; x_wconf 90' lang='lat' dir='ltr'>in</span> <span class='ocrx_word' id='word_1_498' title='bbox 1566 1863 1703 1894; x_wconf 76' lang='lat' dir='ltr'>Ecclesia</span> <span class='ocrx_word' id='word_1_499' title='bbox 1718 1863 1798 1893; x_wconf 90' lang='lat' dir='ltr'>mili-</span> 
     </span>
     <span class='ocr_line' id='line_1_79' title="bbox 1027 1915 1798 1955; baseline -0.003 -7"><span class='ocrx_word' id='word_1_500' title='bbox 1027 1919 1133 1955; x_wconf 81' lang='lat' dir='ltr'>tante,</span> <span class='ocrx_word' id='word_1_501' title='bbox 1150 1917 1203 1947; x_wconf 89' lang='lat' dir='ltr'>sed</span> <span class='ocrx_word' id='word_1_502' title='bbox 1218 1919 1249 1947; x_wconf 88' lang='lat' dir='ltr'>et</span> <span class='ocrx_word' id='word_1_503' title='bbox 1268 1916 1322 1955; x_wconf 89' lang='lat' dir='ltr'>qui</span> <span class='ocrx_word' id='word_1_504' title='bbox 1342 1918 1417 1946; x_wconf 90' lang='lat' dir='ltr'>sunt</span> <span class='ocrx_word' id='word_1_505' title='bbox 1437 1916 1471 1946; x_wconf 88' lang='lat' dir='ltr'>in</span> <span class='ocrx_word' id='word_1_506' title='bbox 1492 1915 1720 1955; x_wconf 80' lang='lat' dir='ltr'>triumphante.</span> <span class='ocrx_word' id='word_1_507' title='bbox 1742 1915 1798 1947; x_wconf 92' lang='lat' dir='ltr'>Ni-</span> 
     </span>
     <span class='ocr_line' id='line_1_80' title="bbox 1027 1969 1796 2008; baseline -0.001 -8"><span class='ocrx_word' id='word_1_508' title='bbox 1027 1970 1203 2000; x_wconf 88' lang='lat' dir='ltr'>hilominus</span> <span class='ocrx_word' id='word_1_509' title='bbox 1226 1971 1333 1999; x_wconf 82' lang='lat' dir='ltr'>tamen</span> <span class='ocrx_word' id='word_1_510' title='bbox 1352 1978 1467 1999; x_wconf 84' lang='lat' dir='ltr'>verum</span> <span class='ocrx_word' id='word_1_511' title='bbox 1488 1970 1534 1999; x_wconf 89' lang='lat' dir='ltr'>est</span> <span class='ocrx_word' id='word_1_512' title='bbox 1551 1992 1559 2006; x_wconf 86' lang='lat'>,</span> <span class='ocrx_word' id='word_1_513' title='bbox 1583 1969 1668 2008; x_wconf 85' lang='lat' dir='ltr'>quod</span> <span class='ocrx_word' id='word_1_514' title='bbox 1691 1978 1796 2000; x_wconf 83' lang='lat' dir='ltr'>sacra-</span> 
     </span>
     <span class='ocr_line' id='line_1_81' title="bbox 1029 2012 1798 2062; baseline 0 -8"><span class='ocrx_word' id='word_1_515' title='bbox 1029 2025 1173 2054; x_wconf 77' lang='lat' dir='ltr'>mentum</span> <span class='ocrx_word' id='word_1_516' title='bbox 1198 2023 1344 2062; x_wconf 78' lang='lat' dir='ltr'>baptismi</span> <span class='ocrx_word' id='word_1_517' title='bbox 1372 2022 1498 2062; x_wconf 89' lang='lat' dir='ltr'>prodest</span> <span class='ocrx_word' id='word_1_518' title='bbox 1520 2012 1664 2062; x_wconf 83' lang='lat' dir='ltr'>parvulis</span> <span class='ocrx_word' id='word_1_519' title='bbox 1686 2023 1798 2054; x_wconf 87' lang='lat' dir='ltr'>merito</span> 
     </span>
     <span class='ocr_line' id='line_1_82' title="bbox 1028 2076 1800 2116; baseline -0.003 -8"><span class='ocrx_word' id='word_1_520' title='bbox 1028 2077 1100 2108; x_wconf 86' lang='lat' dir='ltr'>fidei</span> <span class='ocrx_word' id='word_1_521' title='bbox 1117 2076 1260 2107; x_wconf 74' lang='lat' dir='ltr'>Ecclesiae</span> <span class='ocrx_word' id='word_1_522' title='bbox 1276 2076 1439 2106; x_wconf 86' lang='lat' dir='ltr'>militantis</span> <span class='ocrx_word' id='word_1_523' title='bbox 1456 2086 1462 2106; x_wconf 88' lang='lat'>:</span> <span class='ocrx_word' id='word_1_524' title='bbox 1480 2084 1552 2115; x_wconf 80' lang='lat' dir='ltr'>quae</span> <span class='ocrx_word' id='word_1_525' title='bbox 1568 2076 1715 2115; x_wconf 87' lang='lat' dir='ltr'>quamvis</span> <span class='ocrx_word' id='word_1_526' title='bbox 1730 2084 1800 2116; x_wconf 87' lang='lat' dir='ltr'>pos-</span> 
     </span>
     <span class='ocr_line' id='line_1_83' title="bbox 1029 2129 1797 2169; baseline -0.003 -8"><span class='ocrx_word' id='word_1_527' title='bbox 1029 2132 1067 2161; x_wconf 86' lang='lat' dir='ltr'>sit</span> <span class='ocrx_word' id='word_1_528' title='bbox 1083 2131 1215 2161; x_wconf 56' lang='lat' dir='ltr'>defivere</span> <span class='ocrx_word' id='word_1_529' title='bbox 1230 2130 1264 2160; x_wconf 89' lang='lat' dir='ltr'>in</span> <span class='ocrx_word' id='word_1_530' title='bbox 1279 2129 1437 2169; x_wconf 77' lang='lat' dir='ltr'>aliquibus</span> <span class='ocrx_word' id='word_1_531' title='bbox 1455 2129 1598 2168; x_wconf 83' lang='lat' dir='ltr'>personis</span> <span class='ocrx_word' id='word_1_532' title='bbox 1613 2129 1797 2168; x_wconf 82' lang='lat' dir='ltr'>specialiter,</span> 
     </span>
     <span class='ocr_line' id='line_1_84' title="bbox 1031 2181 1800 2224; baseline -0.003 -10"><span class='ocrx_word' id='word_1_533' title='bbox 1031 2184 1222 2224; x_wconf 77' lang='lat' dir='ltr'>generaliter</span> <span class='ocrx_word' id='word_1_534' title='bbox 1236 2185 1343 2214; x_wconf 86' lang='lat' dir='ltr'>tamen</span> <span class='ocrx_word' id='word_1_535' title='bbox 1358 2190 1525 2221; x_wconf 87' lang='lat' dir='ltr'>nunquam</span> <span class='ocrx_word' id='word_1_536' title='bbox 1541 2181 1663 2219; x_wconf 85' lang='lat' dir='ltr'>defecit,</span> <span class='ocrx_word' id='word_1_537' title='bbox 1679 2191 1737 2212; x_wconf 84' lang='lat' dir='ltr'>nec</span> <span class='ocrx_word' id='word_1_538' title='bbox 1749 2181 1800 2212; x_wconf 87' lang='lat' dir='ltr'>de-</span> 
     </span>
     <span class='ocr_line' id='line_1_85' title="bbox 1030 2235 1801 2276; baseline -0.004 -8"><span class='ocrx_word' id='word_1_539' title='bbox 1030 2238 1131 2275; x_wconf 76' lang='lat' dir='ltr'>ficiet,</span> <span class='ocrx_word' id='word_1_540' title='bbox 1144 2238 1240 2276; x_wconf 79' lang='lat' dir='ltr'>juxta</span> <span class='ocrx_word' id='word_1_541' title='bbox 1255 2236 1331 2266; x_wconf 87' lang='lat' dir='ltr'>illud</span> <span class='ocrx_word' id='word_1_542' title='bbox 1342 2239 1352 2255; x_wconf 75' lang='lat'>‘³</span> <span class='ocrx_word' id='word_1_543' title='bbox 1367 2247 1375 2266; x_wconf 73' lang='grc' dir='ltr'>ι</span> <span class='ocrx_word' id='word_1_544' title='bbox 1392 2236 1472 2267; x_wconf 82' lang='lat' dir='ltr'>Ecce</span> <span class='ocrx_word' id='word_1_545' title='bbox 1487 2242 1541 2275; x_wconf 65' lang='lat' dir='ltr'>eqo</span> <span class='ocrx_word' id='word_1_546' title='bbox 1556 2235 1715 2266; x_wconf 72' lang='lat' dir='ltr'>vobiscum</span> <span class='ocrx_word' id='word_1_547' title='bbox 1730 2242 1801 2265; x_wconf 83' lang='lat' dir='ltr'>sum</span> 
     </span>
     <span class='ocr_line' id='line_1_86' title="bbox 1031 2287 1801 2331; baseline -0.006 -9"><span class='ocrx_word' id='word_1_548' title='bbox 1031 2299 1129 2331; x_wconf 75' lang='lat' dir='ltr'>usquc</span> <span class='ocrx_word' id='word_1_549' title='bbox 1143 2290 1187 2322; x_wconf 82' lang='lat' dir='ltr'>acl</span> <span class='ocrx_word' id='word_1_550' title='bbox 1202 2290 1505 2322; x_wconf 75' lang='lat' dir='ltr'>consummationem</span> <span class='ocrx_word' id='word_1_551' title='bbox 1523 2288 1641 2319; x_wconf 78' lang='lat' dir='ltr'>soeculz&#39;.</span> <span class='ocrx_word' id='word_1_552' title='bbox 1659 2287 1746 2318; x_wconf 88' lang='lat' dir='ltr'>Unde</span> <span class='ocrx_word' id='word_1_553' title='bbox 1760 2287 1801 2318; x_wconf 91' lang='lat' dir='ltr'>si-</span> 
     </span>
     <span class='ocr_line' id='line_1_87' title="bbox 1031 2339 1799 2383; baseline -0.005 -9"><span class='ocrx_word' id='word_1_554' title='bbox 1031 2347 1084 2374; x_wconf 89' lang='lat' dir='ltr'>cut</span> <span class='ocrx_word' id='word_1_555' title='bbox 1098 2343 1216 2383; x_wconf 88' lang='lat' dir='ltr'>species</span> <span class='ocrx_word' id='word_1_556' title='bbox 1236 2352 1360 2382; x_wconf 86' lang='lat' dir='ltr'>semper</span> <span class='ocrx_word' id='word_1_557' title='bbox 1379 2342 1521 2373; x_wconf 86' lang='lat' dir='ltr'>salvatur</span> <span class='ocrx_word' id='word_1_558' title='bbox 1535 2341 1566 2371; x_wconf 91' lang='lat' dir='ltr'>in</span> <span class='ocrx_word' id='word_1_559' title='bbox 1591 2340 1697 2380; x_wconf 82' lang='lat' dir='ltr'>aliquo</span> <span class='ocrx_word' id='word_1_560' title='bbox 1713 2339 1799 2371; x_wconf 88' lang='lat' dir='ltr'>indi-</span> 
     </span>
     <span class='ocr_line' id='line_1_88' title="bbox 1031 2394 1803 2434; baseline -0.006 -6"><span class='ocrx_word' id='word_1_561' title='bbox 1031 2398 1223 2434; x_wconf 84' lang='lat' dir='ltr'>viduorum,</span> <span class='ocrx_word' id='word_1_562' title='bbox 1240 2397 1286 2427; x_wconf 87' lang='lat' dir='ltr'>sic</span> <span class='ocrx_word' id='word_1_563' title='bbox 1300 2396 1378 2427; x_wconf 87' lang='lat' dir='ltr'>fides</span> <span class='ocrx_word' id='word_1_564' title='bbox 1404 2396 1436 2425; x_wconf 91' lang='lat' dir='ltr'>in</span> <span class='ocrx_word' id='word_1_565' title='bbox 1457 2395 1563 2434; x_wconf 87' lang='lat' dir='ltr'>aliquo</span> <span class='ocrx_word' id='word_1_566' title='bbox 1588 2394 1730 2424; x_wconf 88' lang='lat' dir='ltr'>fidelium</span> <span class='ocrx_word' id='word_1_567' title='bbox 1747 2403 1754 2423; x_wconf 93' lang='lat'><strong>:</strong></span> <span class='ocrx_word' id='word_1_568' title='bbox 1771 2395 1803 2424; x_wconf 89' lang='lat' dir='ltr'>et</span> 
     </span>
     <span class='ocr_line' id='line_1_89' title="bbox 1032 2446 1802 2490; baseline -0.008 -8"><span class='ocrx_word' id='word_1_569' title='bbox 1032 2452 1092 2482; x_wconf 91' lang='grc'>1100</span> <span class='ocrx_word' id='word_1_570' title='bbox 1104 2451 1212 2482; x_wconf 87' lang='lat' dir='ltr'>divina</span> <span class='ocrx_word' id='word_1_571' title='bbox 1224 2449 1421 2490; x_wconf 85' lang='lat' dir='ltr'>providentia</span> <span class='ocrx_word' id='word_1_572' title='bbox 1428 2447 1571 2478; x_wconf 83' lang='lat' dir='ltr'>faciente.</span> <span class='ocrx_word' id='word_1_573' title='bbox 1585 2446 1646 2477; x_wconf 88' lang='lat' dir='ltr'>Nec</span> <span class='ocrx_word' id='word_1_574' title='bbox 1658 2454 1802 2486; x_wconf 88' lang='lat' dir='ltr'>unquam</span> 
     </span>
     <span class='ocr_line' id='line_1_90' title="bbox 1033 2499 1801 2544; baseline -0.008 -8"><span class='ocrx_word' id='word_1_575' title='bbox 1033 2506 1105 2543; x_wconf 74' lang='lat' dir='ltr'>suit,</span> <span class='ocrx_word' id='word_1_576' title='bbox 1124 2506 1291 2544; x_wconf 86' lang='lat' dir='ltr'>postquam</span> <span class='ocrx_word' id='word_1_577' title='bbox 1306 2502 1434 2541; x_wconf 76' lang='lat' dir='ltr'>incoepit</span> <span class='ocrx_word' id='word_1_578' title='bbox 1450 2500 1584 2531; x_wconf 78' lang='lat' dir='ltr'>Ecclesia</span> <span class='ocrx_word' id='word_1_579' title='bbox 1599 2524 1606 2537; x_wconf 75' lang='lat'>,</span> <span class='ocrx_word' id='word_1_580' title='bbox 1623 2499 1702 2539; x_wconf 83' lang='lat' dir='ltr'>quin</span> <span class='ocrx_word' id='word_1_581' title='bbox 1717 2508 1801 2530; x_wconf 80' lang='lat' dir='ltr'>sem-</span> 
     </span>
    </p>
   </div>
   <div class='ocr_carea' id='block_1_11' title="bbox 1036 2578 1802 2652">
    <p class='ocr_par' dir='ltr' id='par_1_15' title="bbox 1036 2578 1802 2652">
     <span class='ocr_line' id='line_1_91' title="bbox 1036 2578 1802 2616; baseline -0.008 -7"><span class='ocrx_word' id='word_1_582' title='bbox 1036 2586 1114 2616; x_wconf 67' lang='lat' dir='ltr'>Ept&#39;st.</span> <span class='ocrx_word' id='word_1_583' title='bbox 1133 2589 1209 2613; x_wconf 73' lang='lat' dir='ltr'>xxm,</span> <span class='ocrx_word' id='word_1_584' title='bbox 1225 2583 1257 2607; x_wconf 81' lang='lat' dir='ltr'>al.</span> <span class='ocrx_word' id='word_1_585' title='bbox 1277 2588 1368 2606; x_wconf 71' lang='lat' dir='ltr'>xcvin.</span> <span class='ocrx_word' id='word_1_586' title='bbox 1386 2593 1416 2597; x_wconf 89' lang='lat'><strong>—</strong></span> <span class='ocrx_word' id='word_1_587' title='bbox 1431 2580 1439 2593; x_wconf 82' lang='lat'>³</span> <span class='ocrx_word' id='word_1_588' title='bbox 1457 2578 1519 2603; x_wconf 73' lang='lat' dir='ltr'>Ibicl.</span> <span class='ocrx_word' id='word_1_589' title='bbox 1535 2592 1565 2597; x_wconf 97' lang='lat'><strong>—</strong></span> <span class='ocrx_word' id='word_1_590' title='bbox 1582 2579 1592 2596; x_wconf 57' lang='grc' dir='ltr'><strong>ὂ</strong></span> <span class='ocrx_word' id='word_1_591' title='bbox 1606 2579 1668 2603; x_wconf 88' lang='lat' dir='ltr'>Dist.</span> <span class='ocrx_word' id='word_1_592' title='bbox 1684 2585 1701 2608; x_wconf 81' lang='lat'>1,</span> <span class='ocrx_word' id='word_1_593' title='bbox 1716 2579 1762 2604; x_wconf 81' lang='lat' dir='ltr'>art.</span> <span class='ocrx_word' id='word_1_594' title='bbox 1778 2580 1802 2608; x_wconf 84' lang='lat'>2,</span> 
     </span>
     <span class='ocr_line' id='line_1_92' title="bbox 1036 2614 1702 2652; baseline -0.009 -8"><span class='ocrx_word' id='word_1_595' title='bbox 1036 2628 1059 2652; x_wconf 88' lang='lat' dir='ltr'>q.</span> <span class='ocrx_word' id='word_1_596' title='bbox 1077 2628 1093 2644; x_wconf 85' lang='grc' dir='ltr'>ι.</span> <span class='ocrx_word' id='word_1_597' title='bbox 1106 2633 1135 2638; x_wconf 91' lang='grc'>-</span> <span class='ocrx_word' id='word_1_598' title='bbox 1146 2620 1157 2637; x_wconf 81' lang='lat'>⁸</span> <span class='ocrx_word' id='word_1_599' title='bbox 1172 2621 1247 2649; x_wconf 59' lang='lat' dir='ltr'>Aug„</span> <span class='ocrx_word' id='word_1_600' title='bbox 1260 2618 1309 2642; x_wconf 82' lang='lat' dir='ltr'>loc.</span> <span class='ocrx_word' id='word_1_601' title='bbox 1323 2617 1364 2641; x_wconf 83' lang='lat' dir='ltr'>cit.</span> <span class='ocrx_word' id='word_1_602' title='bbox 1377 2628 1406 2634; x_wconf 89' lang='lat'>-</span> <span class='ocrx_word' id='word_1_603' title='bbox 1421 2616 1430 2630; x_wconf 81' lang='lat'><strong>⁶</strong></span> <span class='ocrx_word' id='word_1_604' title='bbox 1441 2614 1541 2645; x_wconf 80' lang='lat' dir='ltr'>Matth.,</span> <span class='ocrx_word' id='word_1_605' title='bbox 1558 2620 1650 2645; x_wconf 83' lang='lat' dir='ltr'>xxv111‚</span> <span class='ocrx_word' id='word_1_606' title='bbox 1665 2615 1702 2640; x_wconf 82' lang='lat'>20.</span> 
     </span>
    </p>
   </div>
  </div>
 </body>
</html>
