2017 2948
613 172 711 204 DIST.
733 172 838 204 XXXI.
861 172 951 203 ART.
977 172 1000 202 Ι.
1021 171 1172 209 QUAEST.
1197 171 1234 201 11.
1729 175 1747 203 9

141 245 176 275 in
189 246 262 275 ante
282 241 469 283 opponendo
489 242 609 271 tactum
629 239 702 270 fuit.
729 238 802 270 Sive
826 238 912 269 enim

141 297 282 328 dicamus
300 294 508 335 quantitatem
528 292 642 332 gratiae
658 291 838 323 mensurari
862 300 913 322 se-

141 350 284 381 cundum
296 348 438 380 divinam
453 346 645 386 largitatem,
661 345 729 377 sive
739 345 913 375 secundum

141 402 339 443 suscipientis
353 399 555 431 idoneitatem
567 422 575 436 ,
591 400 675 430 recte
699 398 847 429 convenit
868 397 914 427 in-

140 456 296 495 telligere,
310 454 395 494 quod
408 453 544 483 charitas
558 452 593 483 in
607 461 670 492 qua
679 452 752 492 quis
762 451 912 490 resurgit,

140 511 241 549 potest
256 516 321 538 esse
339 506 471 546 aequalis
493 505 538 535 illi
557 505 714 541 charitati,
732 514 751 535 a
765 513 829 544 qua
843 504 914 543 quis

141 562 229 602 prius
245 560 363 591 cecidit.
386 559 466 590 Nam
489 567 528 589 ex
548 559 637 598 parte
652 557 770 589 divinae
786 557 913 596 largita-

140 615 180 645 tis
194 615 325 654 planum
340 615 396 644 est.
413 612 460 643 Ad
476 612 545 651 ejus
560 611 646 642 enim
663 611 914 641 commendatio-

140 677 214 698 nem
237 668 356 707 spectat
367 689 377 704 ,
392 667 430 696 ut
443 674 509 696 non
532 665 639 696 minus
653 664 744 703 larga
758 664 840 694 dona
859 663 915 694 tri-

141 721 217 752 buat
230 720 371 758 homini,
388 727 485 758 quam
506 720 578 749 ante
599 717 771 755 tribuebat,
800 726 913 748 secuu-

140 773 219 804 dum
233 772 318 812 quod
331 772 407 802 dicit
421 771 639 810 Augustinus,
657 770 719 800 nisi
740 770 914 809 ineptitudo

140 826 337 865 suscipientis
360 825 522 864 impediat.
546 824 595 855 Ex
615 825 703 863 parte
718 832 794 854 vero
809 823 915 853 hoini-

140 878 190 910 nis
205 888 238 909 se
252 878 447 918 disponentis
460 877 533 908 satis
546 877 678 916 planum
688 878 733 907 est
744 886 751 906 ε
764 876 914 915 possibile

140 934 187 963 est
208 932 294 962 enim
316 933 351 962 ut
372 931 470 962 homo
495 933 564 971 post
589 932 751 969 peccatum
778 930 915 970 amplius

140 986 309 1017 detestetur
327 985 448 1015 malum
461 1009 468 1022 ,
485 986 516 1015 et
543 984 711 1014 abhorreat
736 986 912 1024 peccatum,

140 1048 236 1079 quam
259 1038 367 1078 prius,
390 1039 471 1069 sicut
496 1037 589 1068 multi
617 1037 757 1076 corrupti
777 1036 915 1076 amplius

140 1092 337 1122 detestantur
352 1092 515 1131 peecatum
525 1091 639 1127 carnis,
652 1099 749 1129 quam
758 1090 849 1121 multi
860 1090 915 1129 qui

140 1154 306 1185 nunquam
322 1145 454 1175 fuerunt
468 1144 558 1184 lapsi.
576 1145 613 1174 Et
627 1144 671 1174 sic
687 1145 916 1175 rationabiliter

140 1199 214 1238 poni
236 1200 336 1238 potest
357 1200 386 1229 et
411 1199 514 1236 debet,
531 1199 616 1238 quod
632 1199 795 1238 contingat
808 1198 915 1229 homi-

145 1261 219 1283 nem
229 1261 400 1291 resurgere
412 1252 445 1282 in
456 1252 572 1291 aequali
588 1252 757 1289 charitate;
774 1254 805 1283 et
819 1252 913 1283 ratio-

139 1313 209 1343 nes,
224 1314 297 1345 quae
314 1305 374 1335 hoc
390 1305 579 1341 ostendunt,
603 1307 677 1335 sunt
694 1305 913 1336 concedendae.

180 1360 207 1388 1.
238 1358 285 1388 Ad
317 1358 395 1389 illud
425 1358 510 1397 quod
539 1358 641 1398 primo
661 1358 810 1397 objicitur
831 1358 916 1397 quod

138 1420 305 1450 nunquam
319 1411 461 1449 resurgit
475 1411 585 1450 virgo,
604 1419 663 1442 nec
680 1411 777 1441 habet
795 1412 914 1442 tantam

139 1463 277 1503 gloriam
296 1472 370 1493 cum
393 1472 430 1494 eo
445 1464 507 1503 {qui
521 1473 689 1504 nunquam
702 1464 855 1504 peccavit.
873 1464 916 1494 di-

139 1517 275 1547 cendum
290 1517 374 1556 quod
389 1518 434 1547 est
450 1517 552 1556 gloria
571 1517 719 1557 quaedam
736 1517 915 1548 accidenta-

138 1568 178 1600 lis
190 1592 198 1606 ,
215 1572 245 1599 et
260 1569 362 1608 gloria
376 1570 502 1610 praemii
517 1570 742 1601 substantialis.
762 1570 794 1600 Si
809 1570 917 1610 loqua-

139 1632 213 1652 mur
227 1622 264 1653 de
279 1622 381 1661 gloria
396 1623 588 1661 accidentali,
611 1623 653 1653 sic
669 1623 776 1654 Glossa
791 1624 843 1653 illa
858 1623 916 1654 ha-

137 1676 189 1706 bet
201 1676 379 1707 veritatem.
400 1676 552 1713 Quaedam
568 1677 654 1708 enim
666 1677 768 1716 gloria
781 1679 836 1715 est,
853 1687 916 1717 qua

138 1729 209 1769 quis
223 1729 379 1769 gloriatur
398 1739 430 1760 se
443 1739 611 1770 nunquam
633 1740 788 1771 peccasse,
806 1732 839 1761 in
854 1741 917 1771 qua

137 1792 202 1815 non
226 1784 340 1824 poterit
363 1793 532 1824 resurgere
553 1786 608 1825 qui
623 1786 793 1825 aliquando
807 1794 915 1825 pecca-

138 1836 195 1868 vit.
220 1836 253 1867 Si
276 1837 447 1876 loquamur
467 1837 505 1868 de
519 1838 622 1876 gloria
636 1838 761 1878 praemii
773 1838 917 1869 substan-

138 1889 220 1920 tialis
237 1913 245 1927 ,
262 1899 334 1930 quae
350 1891 490 1921 consistit
513 1891 547 1922 in
568 1891 705 1923 videndo
726 1893 758 1922 et
780 1892 916 1922 amando

140 1942 240 1973 Deum
251 1966 258 1978 ,
282 1952 346 1973 non
360 1943 454 1974 habet
469 1943 636 1975 veritatem
654 1953 661 1973 ι
678 1946 708 1975 et
720 1953 816 1984 penes
831 1945 914 1975 hanc

140 1995 311 2025 attenditur
335 1996 494 2034 quantitas
523 1997 704 2033 charitatis,
725 2006 790 2027 non
822 2006 917 2036 penes

140 2046 235 2077 aliam
253 2058 259 2077 z
277 2049 307 2077 et
321 2048 390 2079 ideo
404 2049 483 2079 ratio
497 2049 551 2079 illa
565 2058 630 2079 non
646 2049 741 2089 cogit.

180 2102 209 2130 2.
227 2100 274 2130 Ad
301 2100 376 2131 illud
400 2101 484 2140 quod
508 2102 675 2140 objicitur,
691 2103 776 2142 quod
799 2102 917 2135 Levitae

141 2153 320 2184 recedentes
335 2163 353 2183 a
368 2153 500 2184 Domino
523 2154 621 2194 inepti
643 2156 733 2186 erant
757 2155 795 2186 ad
811 2155 916 2195 digui-

141 2207 236 2236 tatem
252 2206 474 2237 sacerdotalem
487 2231 495 2244 ,
516 2207 684 2239 dicendum
708 2208 793 2248 quod
813 2217 918 2238 sacer-

141 2259 252 2290 dotalis
269 2260 407 2298 dignitas
422 2269 488 2291 non
502 2263 627 2292 tantum
638 2261 767 2301 respicit
786 2262 916 2292 rectitu-

142 2312 248 2343 dinem
268 2312 458 2353 voluntatis,
475 2314 528 2345 sed
545 2314 640 2345 etiam
655 2315 843 2354 dignitatem
861 2324 915 2346 ex-

141 2366 264 2396 terioris
279 2366 409 2405 decoris,
425 2368 554 2407 propter
570 2377 666 2407 quam
690 2368 848 2407 contingit
862 2368 918 2399 ho-

142 2419 262 2451 minem
278 2419 374 2450 etiam
390 2429 454 2451 non
469 2422 651 2460 peccantem
667 2421 736 2452 fieri
759 2421 918 2460 irregula-

142 2481 230 2510 rem,
246 2473 382 2503 charitas
405 2481 480 2504 vero
501 2474 723 2505 rectitudinem
744 2475 918 2506 voluntatis

142 2526 271 2566 respicit
284 2525 412 2566 proprie
426 2527 457 2557 et
469 2527 600 2566 praecise
617 2538 624 2559 ;
642 2529 672 2559 et
684 2530 850 2568 propterca
869 2537 920 2559 ra-

142 2578 185 2610 tio
206 2579 259 2610 illa
278 2588 343 2610 non
357 2579 456 2618 valet,
471 2579 548 2619 quia
569 2588 634 2611 non
655 2582 702 2612 est
722 2581 824 2612 simile
845 2582 919 2612 hinc

144 2634 174 2662 et
188 2632 270 2664 inde.

1011 239 1040 268 3.
1059 237 1107 268 Ad
1122 237 1200 268 illud
1216 238 1301 277 quod
1315 238 1474 277 objicitur,
1485 239 1570 278 quod
1581 247 1748 278 nunquam

970 291 1148 331 disponitur
1175 291 1272 321 homo
1298 299 1355 330 per
1392 291 1529 330 gratiam
1561 292 1662 331 gratis
1692 291 1746 322 da-

970 346 1036 375 tam
1061 345 1143 375 sicut
1166 354 1221 384 per
1247 345 1384 384 gratiam
1413 347 1542 383 gratum
1570 346 1746 383 facientem,

970 399 1140 429 dicendum
1165 399 1249 438 quod
1276 399 1314 429 ad
1337 399 1409 437 hoc,
1433 398 1517 437 quod
1537 398 1609 437 quis
1630 408 1662 428 se
1685 399 1749 429 dis-

970 453 1078 491 ponat,
1098 452 1161 482 duo
1180 454 1391 489 concurrunt,
1418 451 1533 481 scilicet
1554 451 1748 489 adiutorium

971 505 1103 543 gratizc,
1133 507 1163 535 et
1188 505 1365 543 cooperatio
1401 504 1491 534 liberi
1526 503 1659 533 arbitrii.
1693 504 1749 534 Lo-

971 558 1096 597 quendo
1112 558 1149 588 de
1160 557 1361 597 dispositione
1376 559 1533 596 quantum
1546 558 1591 587 cst
1606 566 1645 587 ex
1661 559 1749 596 parte

970 611 1068 651 ipsius
1092 610 1216 650 gratIae,
1234 611 1337 649 magis
1359 612 1404 640 est
1427 610 1598 649 dispositus
1619 610 1657 640 ad
1679 620 1748 641 sus-

970 665 1146 704 ceptionem
1161 664 1263 695 omnis
1276 663 1362 700 honi,
1380 664 1435 703 qui
1451 666 1497 693 est
1516 664 1547 693 in
1559 664 1661 702 gratia
1677 673 1750 703 gra-

970 720 1040 748 tum
1066 718 1216 755 faciente,
1234 726 1331 757 quam
1353 717 1407 756 (1111
1431 717 1483 747 illa
1504 718 1599 747 caret.
1618 717 1677 747 Sed
1700 717 1749 747 lo-

971 771 1097 811 quendo
1112 771 1150 801 de
1171 770 1390 810 cooperatione
1405 770 1496 800 liberi
1521 770 1659 807 arbitrii,
1682 780 1748 801 non

971 833 1095 863 semper
1118 824 1214 854 habet
1230 823 1395 853 veritatem
1408 847 1416 861 ,
1442 822 1518 862 quia
1531 823 1563 852 in
1579 823 1708 854 cadente
1729 833 1747 853 a

972 877 1123 907 charitate
1142 877 1277 906 liberum
1301 876 1471 906 arbitrium
1499 876 1537 915 (α)
1561 876 1705 906 charitati
1720 879 1750 907 et

971 930 1083 969 gratia}
1116 939 1179 960 uon
1211 935 1419 969 cooperatur,
1449 929 1514 959 imo
1552 929 1656 967 potius
1692 929 1749 959 ad-

971 985 1137 1020 versatur,
1167 984 1197 1013 et
1235 982 1431 1012 adversando
1475 982 1579 1021 potius
1612 981 1750 1021 disponit

971 1037 1010 1067 ad
1040 1036 1202 1066 charitatis
1234 1035 1460 1072 defectionem,
1488 1044 1585 1074 quam
1611 1035 1649 1065 ad
1678 1036 1748 1074 eJus

970 1089 1202 1128 susceptionem
1220 1098 1226 1119 :
1244 1088 1296 1118 sed
1316 1089 1347 1118 in
1364 1090 1552 1126 resurgente
1569 1089 1615 1118 est
1634 1097 1650 1117 c
1676 1097 1748 1118 con-

970 1142 1066 1174 trario
1080 1166 1088 1180 ,
1117 1142 1199 1172 sicut
1220 1143 1304 1182 patet
1328 1152 1334 1171 ε
1358 1143 1388 1171 et
1410 1140 1480 1171 ideo
1503 1141 1585 1171 ratio
1610 1141 1663 1171 illa
1683 1150 1749 1172 non

971 1196 1064 1227 valet.

1010 1250 1041 1279 4.
1068 1249 1113 1279 Ad
1134 1248 1211 1278 illud
1233 1247 1318 1287 quod
1340 1246 1488 1285 objicitur
1503 1247 1540 1278 de
1556 1247 1749 1278 continentia

971 1301 1138 1340 virginali,
1166 1300 1335 1331 dicendum
1365 1300 1449 1339 quod
1483 1300 1635 1331 meritum
1665 1300 1749 1331 illius

971 1354 1176 1385 continentIae
1207 1353 1333 1393 respicit
1360 1355 1531 1393 praemium
1559 1354 1748 1385 accidentale

972 1417 1027 1448 per
1042 1417 1074 1439 se
1088 1419 1094 1438 :
1112 1410 1142 1439 et
1158 1407 1254 1438 simul
1268 1416 1343 1437 cum
1358 1407 1418 1437 1106
1432 1407 1558 1446 respicit
1575 1407 1748 1446 quamdam

971 1461 1208 1501 dispositionem
1232 1460 1266 1490 in
1292 1468 1401 1497 carne,
1418 1468 1503 1499 quae,
1528 1469 1601 1489 cum
1632 1460 1749 1490 amissa

971 1517 1027 1552 est,
1053 1523 1117 1545 non
1143 1515 1244 1553 potest
1274 1513 1455 1553 recuperari
1477 1522 1484 1543 :
1509 1513 1646 1543 charitas
1670 1523 1748 1545 vero

972 1568 1142 1608 praemium
1163 1567 1367 1598 substantiale
1388 1566 1524 1606 respicit,
1539 1568 1569 1596 et
1584 1567 1747 1598 rectitudi-

971 1631 1045 1652 nem
1069 1621 1258 1657 voluntatis,
1276 1629 1348 1660 quse
1364 1629 1438 1650 cum
1453 1620 1613 1659 obliquata
1630 1623 1686 1658 est,
1707 1621 1750 1652 ita

971 1676 1051 1705 bene
1082 1677 1117 1705 nt
1140 1675 1247 1714 prius,
1266 1683 1340 1704 cum
1364 1674 1522 1713 adiutorio
1545 1675 1658 1713 gratiae
1682 1675 1747 1712 Dei,

974 1731 1075 1769 potest
1088 1728 1265 1760 rectificari.
1286 1728 1322 1759 Et
1337 1727 1380 1758 sic
1402 1730 1486 1767 patet
1510 1728 1595 1767 (111011
1609 1737 1674 1759 11011
1702 1731 1750 1759 est

971 1782 1085 1812 simile.

1013 1837 1041 1865 5.
1061 1835 1108 1865 Ad
1125 1835 1201 1865 illud
1221 1835 1305 1874 quod
1324 1834 1474 1874 objicitur
1492 1835 1641 1872 ulterius,
1664 1835 1749 1874 quod

972 1888 1155 1919 innocentia
1188 1887 1386 1927 baptismalis
1418 1888 1530 1918 similis
1568 1890 1614 1918 est
1654 1889 1749 1918 statui

972 1941 1175 1971 continentiae
1216 1941 1384 1979 virginalis
1404 1964 1413 1977 ,
1456 1941 1626 1971 dicendum
1665 1941 1750 1980 quod

972 1997 1129 2034 quantum
1140 1994 1178 2024 ad
1190 1993 1361 2032 quamdam
1373 1994 1509 2032 gloriam
1525 1994 1749 2024 accidentalem

972 2048 1110 2088 quodam
1139 2047 1233 2077 modo
1259 2047 1370 2076 similis
1393 2049 1454 2085 est,
1474 2050 1504 2077 et
1523 2047 1560 2077 de
1582 2047 1634 2077 illa
1649 2050 1750 2087 potest

973 2101 1192 2140 concediquod
1203 2100 1342 2130 homoin
1357 2102 1442 2130 tanta
1453 2100 1556 2139 gloria
1567 2110 1630 2131 non
1645 2110 1751 2131 resur-

973 2155 1020 2193 git
1036 2164 1043 2184 :
1060 2164 1100 2184 ex
1116 2155 1174 2185 hoc
1189 2157 1295 2184 tamen
1310 2163 1373 2184 non
1395 2155 1536 2193 oportet,
1553 2163 1616 2194 quo
1629 2155 1636 2184 l
1651 2154 1751 2184 chari-

973 2210 1019 2238 tas
1048 2217 1112 2238 non
1138 2208 1176 2237 sit
1198 2207 1339 2246 aequalis.
1362 2207 1402 2237 Dc
1425 2207 1485 2237 hoc
1507 2210 1613 2238 autem
1640 2208 1749 2238 colem

974 2261 1167 2301 problemate
1190 2261 1326 2291 habetur
1352 2261 1384 2290 in
1407 2260 1502 2290 Libro
1525 2263 1638 2300 quarto
1659 2262 1678 2298 ¹,
1696 2261 1749 2291 ubi

973 2315 1128 2354 quaeritur
1143 2315 1253 2344 utrum
1269 2313 1404 2353 perfecta
1424 2313 1607 2352 peonitentia
1632 2313 1663 2343 in
1683 2316 1748 2343 sta-

974 2371 1043 2399 tum
1059 2367 1233 2407 pristinum
1247 2366 1412 2397 hominem
1428 2367 1581 2397 restituat.

1009 2445 1014 2461 ¹
1034 2444 1094 2467 niet.
1111 2450 1144 2467 ιν,

1008 2486 1039 2514 (ιι)
1052 2487 1111 2508 (πί.
1127 2484 1184 2507 rurist.
1203 2483 1273 2506 liberi
1288 2483 1392 2506 arbitrii.
