2017 2948
114 1367 180 1388 ivisio.

766 153 952 186 DISTINCT.
976 152 1027 183 XI.
1051 151 1152 182 PARS
1176 151 1197 181 Ι.
1715 158 1773 186 477

190 226 246 260 sed
259 236 345 260 unus
359 224 452 269 panis
463 249 471 265 ‚
487 227 519 256 et
536 233 602 255 una
615 232 689 254 caro
704 221 920 265 proculdubio
935 231 1040 253 unum
1064 218 1204 251 efficitur
1225 230 1342 263 corpus
1359 232 1365 252 :
1385 220 1469 253 illud
1485 231 1576 264 vere,
1593 222 1677 255 illud
1696 234 1773 256 sane

191 284 278 329 quod
293 287 461 326 sumptum
472 284 519 313 est
529 280 568 313 de
582 279 732 322 Virgine,
750 279 838 322 quod
854 278 1042 318 resurrexit,
1056 280 1087 310 et
1101 276 1135 308 in
1147 276 1267 308 coelum
1281 277 1434 310 ascendit.
1448 278 1527 311 Item
1544 279 1721 323 Gregorius
1735 285 1744 302 ¹
1764 293 1772 313 z

196 353 211 371 «
229 341 309 381 Quis
324 340 471 373 fidelium
486 337 604 370 habere
620 336 759 369 dubium
774 337 895 380 possit,
912 336 946 367 in
970 336 1039 379 ipsa
1061 334 1295 367 immolationis
1320 334 1400 367 hora
1422 335 1462 368 ad
1477 337 1649 370 sacerdotis
1663 349 1775 371 vocem

192 399 289 432 coelos
303 397 422 442 aperiri
435 409 443 437 ;
462 395 496 427 in
511 395 568 427 illo
582 393 702 427 Christi
717 393 871 437 mysterio
889 393 1081 435 angelorum
1095 392 1209 425 choros
1221 392 1330 425 adesse
1345 419 1353 433 ‚
1370 404 1499 426 summa
1514 398 1545 426 et
1559 395 1624 427 ima
1639 396 1754 429 sociari
1767 422 1775 438 ,

192 467 296 489 unum
321 454 399 498 quid
423 464 463 485 ex
485 451 707 485 invisibilibus
731 454 828 495 atquc
854 450 1036 482 visibilibus
1058 450 1154 483 fieri?
1174 450 1293 483 »Idem
1311 463 1318 482 z
1340 464 1356 482 «
1376 451 1498 484 Eodem
1521 457 1685 485 momento
1700 454 1779 486 etin

192 513 309 547 coelum
335 511 462 555 rapitur
485 509 666 542 ministerio
685 508 876 551 angelorum
900 507 1151 540 consociandum
1174 508 1300 552 corpori
1314 508 1455 551 Christi,
1473 513 1503 541 et
1517 513 1592 542 ante
1606 510 1717 542 oculos
1731 522 1781 543 sa-

194 570 331 604 cerdotis
346 569 379 601 in
395 568 491 601 altari
506 567 648 599 videtur.
667 566 759 599 Sicut
773 565 928 598 divinitas
947 564 1044 597 Verbi
1060 569 1164 596 totum
1181 565 1294 609 implet
1314 566 1476 599 mundum
1491 592 1498 607 ‚
1515 567 1560 600 ita
1575 567 1688 600 multis
1703 568 1782 600 locis

192 628 276 661 illud
298 638 415 671 corpus
440 630 656 659 consecratur.
682 624 747 657 Nec
773 627 848 656 sunt
874 627 979 655 tamen
1003 623 1106 654 multa
1120 633 1256 666 corpora
1270 623 1411 665 Christi,
1428 624 1482 656 sed
1498 635 1603 657 unum
1617 635 1734 669 corpus
1751 629 1782 657 et

197 697 284 718 unus
307 684 451 727 sanguis.
481 683 622 726 Ideoque
645 682 712 715 sive
737 681 810 725 plus
825 707 832 721 ‚
856 680 923 713 sive
949 680 1057 711 minus
1079 679 1152 722 quis
1176 679 1255 712 inde
1276 681 1453 724 percipiat,
1479 693 1592 714 omnes
1614 683 1784 726 aequaliter

195 754 312 786 corpus
326 742 446 774 Christi
461 740 671 784 integerrime
686 742 833 771 sumunt.
854 738 961 770 »Post
987 736 1261 769 consecrationem
1283 748 1360 780 ergo
1377 749 1443 770 nou
1467 743 1513 771 est
1533 739 1579 772 ihi
1602 740 1783 774 substantia

194 800 288 844 panis
303 799 353 832 vel
369 799 455 840 viui,
469 798 543 830 licet
557 797 677 842 species
691 800 890 829 remaneant.
912 795 965 827 Est
988 794 1075 827 enim
1096 794 1142 826 ibi
1167 794 1287 838 species
1310 795 1402 838 panis
1425 800 1456 828 et
1473 796 1541 829 vini
1556 823 1564 838 ,
1581 797 1663 830 sicut
1675 810 1782 843 sapor.

194 856 289 890 Unde
304 856 395 889 aliud
410 856 539 889 videtur
549 880 558 896 ‚
575 854 665 888 aliud
680 853 886 896 intelligitur.

385 988 589 1021 EXPOSITIO
609 987 772 1019 TEXTUS.

219 1073 245 1098 Si
265 1074 348 1096 autem
369 1074 498 1102 quferatur
520 1072 599 1102 qualis
623 1071 654 1094 sit
676 1070 718 1094 illa
740 1069 889 1095 conversio,
912 1075 943 1091 an

228 1107 349 1138 formalis,
360 1114 392 1131 an
405 1107 585 1136 substantialis,
594 1106 636 1130 vel
649 1106 750 1129 alterius
763 1105 870 1136 generis,
886 1106 934 1127 etc.

237 1190 339 1230 Supra
349 1189 418 1228 egit
428 1189 576 1228 Magister
588 1189 625 1219 de
637 1190 834 1219 sacramento
848 1187 968 1217 Eut-ha<

197 1243 292 1274 ristiae
307 1243 339 1273 in
359 1252 407 1280 se,
426 1245 457 1273 et
476 1242 509 1272 in
524 1242 757 1281 comparatione
776 1241 815 1271 ad
830 1240 967 1270 inandu-

198 1299 337 1333 cantem3
354 1296 389 1326 in
409 1296 469 1326 hac
484 1297 571 1334 parte
591 1295 659 1333 agit
674 1295 711 1325 de
724 1295 791 1333 ipso
812 1302 868 1332 per
883 1302 968 1323 com-

198 1350 396 1389 parationem
425 1348 463 1378 acl
493 1348 720 1378 conficientem.
752 1346 788 1377 Et
818 1346 970 1376 dividitur

197 1402 266 1433 haec
280 1411 350 1442 pars
366 1402 398 1431 in
418 1404 478 1432 tres
494 1403 616 1440 partes:
632 1401 664 1430 111
680 1400 782 1439 prima
802 1402 889 1439 parte
904 1399 970 1437 agit

198 1455 237 1486 de
260 1455 327 1494 ipsa
351 1454 557 1490 confectione3
584 1453 615 1482 in
638 1453 773 1483 secunda
799 1453 836 1483 de
860 1462 967 1482 conse-

200 1508 370 1548 quentibus
385 1507 422 1537 ad
441 1506 684 1543 confectionem,
704 1506 783 1535 infra
799 1509 819 1543 ³,
844 1505 886 1535 ihi
902 1516 907 1535 ε
931 1506 971 1537 Sz'

199 1564 305 1593 autem
321 1561 479 1600 quaeritur
494 1559 531 1590 cle
547 1558 765 1590 accidentibus
784 1567 854 1597 quse
867 1567 969 1590 rema-

199 1617 289 1651 nent,
305 1616 363 1644 etc.
389 1613 425 1643 ln
448 1613 540 1643 tertia
561 1612 630 1651 agit
646 1612 683 1642 de
705 1613 855 1651 potestate
875 1612 970 1641 confi-

199 1665 316 1702 ciendi,
342 1664 464 1695 infra-‘³2
491 1663 577 1696 Solet
605 1664 701 1695 etiam
723 1663 841 1703 quoeri,
864 1666 971 1694 utrum

199 1719 296 1757 pravi
307 1717 497 1755 sacerdotes,
508 1719 566 1747 etc.
584 1716 690 1747 Prima
702 1725 774 1755 pars
788 1716 882 1746 hahet
893 1715 971 1745 duas

200 1773 324 1811 partes:
349 1771 381 1801 in
397 1771 499 1810 prima
515 1772 603 1808 parte
623 1769 692 1807 agit
708 1769 745 1799 de
766 1769 835 1807 ipsa
850 1769 970 1799 confec-

200 1825 285 1854 tione
301 1826 457 1863 quantum
470 1823 509 1852 ad
520 1825 626 1853 actum
639 1821 973 1859 transsui›stantiandi3

201 1878 235 1907 111
249 1876 386 1907 secunda
403 1878 560 1915 quantum
575 1875 614 1906 ad
630 1875 812 1912 materiam,
830 1875 892 1904 ibi:
913 1874 974 1905 Sub

202 1930 269 1962 αἷία
277 1933 381 1961 autem
389 1930 490 1968 specie
501 1929 601 1960 tribus
609 1928 647 1960 de
657 1929 776 1959 causis.
789 1928 895 1960 Prima
904 1937 976 1968 pars

203 1985 298 2015 habet
311 1984 389 2014 duas
400 1985 520 2023 partes:
534 1983 566 2013 in
577 1984 680 2023 prima
694 1983 881 2013 determinat
898 1983 977 2013 veri-

203 2040 314 2075 tate1n3
333 2038 364 2067 in
380 2037 517 2068 secunda
531 2037 678 2076 reprobat
692 2037 785 2067 falsas
800 2037 974 2076 opinioneS,

205 2090 269 2121 ibi:
296 2090 434 2126 Quidam
455 2098 528 2121 vero
543 2091 594 2128 {sic
616 2090 729 2122 dicunt
745 2090 977 2121 conversionem

206 2144 310 2181 illam,
328 2146 386 2174 etc.
412 2143 517 2174 Prima
536 2152 609 2183 pars
631 2143 725 2173 hahet
749 2143 847 2173 duas:
875 2143 979 2183 primo

207 2196 292 2226 enim
315 2196 517 2234 determinat,
535 2196 610 2235 quid
630 2196 831 2226 sentiendum
852 2198 913 2226 est:
934 2205 979 2226 se-

209 2248 312 2279 cundo
332 2258 420 2286 vero,
443 2249 519 2288 quid
539 2249 748 2288 loquendum,
768 2249 830 2279 ibi:
852 2249 914 2280 Nec
931 2253 979 2281 τα-

210 2309 281 2332 men
295 2302 469 2334 concedunt
480 2302 594 2341 ntiqui,
607 2304 665 2332 etv.
683 2301 832 2332 Similiter
845 2304 981 2333 scs-‘unda

212 2364 285 2394 pars
296 2355 391 2385 habet
405 2354 501 2385 duas:
516 2355 548 2384 in
564 2355 667 2394 prima
681 2355 769 2395 ponit
782 2355 979 2394 opinioneui3

212 2409 246 2439 111
267 2408 403 2438 secunda
418 2408 580 2446 reprobat,
596 2408 640 2438 ibi
656 2419 662 2438 :
687 2409 747 2439 Set(
763 2409 846 2447 quod
862 2417 924 2441 71011
941 2412 983 2441 sic

215 2462 261 2494 ibz'
279 2462 460 2493 substancia
479 2462 546 2493 πίει·
559 2469 671 2501 corpus
689 2462 826 2499 Clo-istc,
842 2464 901 2493 etc.

250 2561 254 2573 ¹
277 2560 362 2590 Greg.,
387 2559 451 2581 hom.
473 2558 603 2589 paschali,
627 2567 648 2582 c.
677 2560 742 2589 (mid
763 2561 796 2583 sit
819 2562 937 2591 umqum,
960 2565 983 2585 et

218 2595 330 2626 Dialoy„
352 2594 394 2618 lib.
416 2594 457 2625 lv,
482 2602 503 2617 c.
528 2600 603 2621 1.v111,
626 2596 651 2618 ct
671 2594 786 2625 habetur,
807 2596 836 2619 de
859 2597 984 2626 Consta-r„

218 2630 275 2654 dist.
288 2637 356 2656 11.—
372 2631 383 2646 ²
396 2630 458 2655 Dist.
473 2636 520 2655 xi1.
536 2643 567 2648 —
581 2630 591 2646 ³
605 2629 666 2654 nist.
684 2636 739 2655 xiu.
756 2644 785 2650 —
805 2631 815 2648 δ
830 2632 900 2656 Hanc
915 2635 983 2656 tenet

1350 983 1416 1004 DUB.
1440 983 1462 1004 1.

1046 1040 1193 1071 Mysteriuin
1209 1039 1266 1063 fidei
1281 1039 1349 1063 credi
1365 1040 1499 1063 salubriter
1514 1042 1605 1073 potest,
1620 1041 1767 1074 investigari

1254 1075 1387 1099 salubriter
1401 1083 1453 1099 non
1469 1077 1560 1106 potest.
1693 1073 1696 1075 Α

1028 1162 1032 1165 .
1063 1133 1190 1164 Contra:
1205 1132 1336 1164 Videtur
1352 1133 1437 1164 enim
1448 1134 1623 1165 secundum
1639 1135 1699 1166 hoc
1710 1137 1794 1176 quod

1023 1196 1132 1217 omnes
1158 1188 1286 1225 peccent
1310 1186 1468 1225 graviter,
1495 1187 1549 1226 qui
1569 1188 1730 1228 dis-putant
1756 1190 1794 1221 de

1023 1240 1083 1277 his,
1102 1249 1174 1279 quze
1190 1239 1229 1269 ad
1245 1239 1340 1270 fidem
1355 1242 1505 1279 spectant.

1064 1292 1157 1331 Resp.
1172 1292 1343 1323 Dicendum
1355 1293 1439 1331 quod
1454 1293 1596 1325 facienda
1607 1297 1654 1326 est
1670 1296 1717 1327 vis
1730 1298 1795 1328 tam

1013 1346 1058 1376 ‘in
1072 1346 1132 1376 hoc
1146 1345 1230 1385 quod
1245 1345 1330 1381 dicit,
1342 1345 1532 1385 Mysterz'um
1543 1347 1635 1387 fidei,
1651 1358 1748 1390 quam
1763 1350 1797 1381 in

1026 1400 1085 1430 hoe
1100 1400 1209 1436 verbo,
1226 1399 1429 1438 investigari.
1448 1399 1635 1440 Mysterinm
1650 1403 1737 1434 enim
1753 1413 1798 1434 se-

1027 1454 1147 1483 cretum
1164 1454 1224 1490 est,
1242 1454 1273 1482 et
1288 1452 1366 1482 illud
1381 1461 1446 1483 non
1461 1455 1506 1483 est
1523 1454 1796 1494 investigandum,

1027 1507 1062 1535 ut
1077 1505 1174 1536 homo
1187 1505 1263 1535 velit
1278 1505 1398 1535 ratione
1411 1506 1692 1546 comprehendere,
1712 1508 1799 1548 quod

1028 1558 1178 1588 Dominus
1195 1558 1294 1588 voluit
1309 1559 1483 1589 occultare:
1501 1561 1596 1600 etqui
1611 1560 1700 1592 aliter
1714 1562 1797 1600 facit,

1027 1613 1142 1650 peccat,
1160 1613 1190 1641 et
1206 1613 1476 1651 praesumptuosus
1487 1615 1543 1649 est,
1555 1613 1633 1644 dum
1647 1624 1680 1645 se
1694 1615 1798 1646 elevat

1027 1664 1066 1694 ad
1086 1664 1116 1694 id
1140 1664 1176 1694 ad
1204 1663 1289 1703 quod
1310 1673 1375 1694 11011
1397 1667 1498 1704 potest
1519 1667 1714 1706 pertingere.
1740 1668 1799 1706 Qui

1028 1719 1135 1747 autem
1150 1717 1288 1756 disputat
1308 1717 1346 1747 de
1366 1717 1426 1747 fide
1450 1727 1515 1749 non
1537 1719 1575 1750 ad
1595 1721 1737 1760 mysterii
1751 1722 1800 1752 in-

1029 1770 1292 1809 vestigationem,
1316 1771 1369 1801 sed
1390 1771 1495 1810 potius
1517 1772 1556 1802 ad
1575 1773 1800 1813 defensionem,

1030 1823 1081 1854 ille
1096 1833 1159 1853 non
1180 1823 1253 1853 facit
1272 1825 1382 1854 contra
1403 1824 1462 1854 hoc
1480 1825 1564 1865 quod
1583 1826 1657 1857 dicit
1671 1827 1801 1866 Augus-

1030 1876 1127 1913 tinus,
1144 1878 1175 1906 et
1189 1875 1350 1915 Magister.

1356 1976 1424 1997 DUB.
1448 1976 1481 1998 11.

1035 2038 1079 2062 Alii
1096 2044 1156 2061 vero
1173 2038 1317 2062 concedunt
1332 2039 1402 2070 illud,
1416 2040 1484 2070 quod
1500 2043 1554 2065 erat
1568 2042 1639 2072 panis
1653 2044 1693 2067 vel
1707 2044 1804 2076 vinum,

1149 2076 1207 2104 post
1221 2075 1438 2099 consecrationem
1454 2083 1509 2101 esse
1524 2084 1625 2109 corpus,
1642 2080 1690 2104 etc.

1075 2142 1204 2174 Videtur
1224 2143 1337 2174 salsum
1353 2145 1466 2184 dicere,
1482 2147 1557 2186 quia
1571 2149 1655 2188 quod
1668 2153 1715 2181 est
1728 2151 1806 2183 rela-

1035 2196 1139 2227 tivum
1154 2196 1343 2228 identitatis:
1360 2199 1413 2229 sed
1432 2199 1473 2229 ibi
1495 2201 1574 2232 nihil
1592 2205 1698 2234 manet
1717 2214 1806 2237 com-

1037 2259 1153 2287 mune,
1176 2259 1255 2289 ergo
1280 2251 1350 2282 talis
1372 2252 1489 2285 locutio
1510 2257 1556 2285 est
1579 2256 1656 2287 falsa
1677 2260 1697 2288 ⁶.
1725 2257 1808 2290 Prae-

1036 2305 1120 2334 terea
1135 2315 1142 2340 ;
1158 2313 1267 2342 qluero
1283 2315 1339 2344 pro
1354 2315 1417 2345 quo
1433 2309 1590 2347 supponit,
1606 2319 1678 2340 cum
1693 2311 1808 2343 dicitur

1038 2357 1199 2396 quoderat
1211 2357 1299 2396 pani<
1316 2369 1322 2388 z
1335 2361 1389 2389 aut
1403 2369 1458 2398 pro
1469 2362 1627 2400 supposito
1641 2364 1742 2402 panis,
1754 2368 1808 2396 aut

1039 2409 1172 2440 Christi:
1191 2410 1215 2439 si
1235 2420 1291 2449 pro
1310 2413 1471 2451 supposito
1488 2414 1590 2452 panis,
1607 2415 1738 2448 Contra:
1756 2417 1809 2449 Isti

1039 2472 1205 2502 nunquam
1219 2465 1365 2495 convenit
1385 2466 1599 2504 praedicatum.
1617 2468 1649 2498 Si
1665 2479 1721 2508 pro
1735 2480 1809 2511 sup-

1041 2517 1139 2556 posito
1163 2518 1316 2557 corporis,
1345 2528 1421 2557 eigo
1449 2519 1618 2559 implicatio
1642 2525 1689 2553 est
1715 2523 1808 2563 salsa,

1042 2570 1117 2609 quia
1131 2579 1246 2610 corpus
1258 2571 1369 2601 Christi
1385 2581 1550 2612 nunquam
1565 2574 1624 2605 fuit
1638 2576 1738 2615 panis.

1043 2632 1174 2662 Hem-icus,
1189 2633 1264 2661 Quot.
1276 2634 1316 2663 lx,
1328 2641 1353 2664 q.
1370 2640 1408 2665 ηις
1422 2636 1466 2660 sed
1478 2637 1558 2668 scot„
1578 2645 1603 2669 q.
1618 2645 1653 2670 iv,
1670 2639 1810 2673 impugnat.
