2017 2948
565 154 663 185 DIST.
688 153 766 185 XlV.
791 153 905 184 PART.
929 151 968 181 Il.

169 221 249 251 dicat
258 220 480 251 indivisionem
492 221 719 260 prinviyimun
737 222 827 258 milis.
844 224 872 250 «ft
889 229 934 251 rc-

167 283 239 305 rum
258 274 480 304 indivisionem
505 273 587 304 entis
607 273 646 302 ab
671 282 752 310 esse,
777 273 842 303 sive
863 275 934 303 actu

167 328 310 358 absoluto
327 328 429 366 (prout
442 329 550 357 tamen
561 328 672 356 natum
684 329 730 355 est
741 329 852 356 uotum
866 325 935 355 fieri

167 382 251 420 apud
273 381 505 419 intellectum),
529 382 558 410 et
579 380 692 411 bonum
714 379 935 409 indivisionem

167 434 206 464 ab
220 435 290 463 actu
306 435 388 463 utin
409 434 506 463 finem
527 433 642 469 relato3
667 434 787 462 tamen.
810 431 936 470 quando

167 494 274 518 verum
288 486 461 516 reflectitur
484 494 580 525 supra
598 485 732 519 bonum.
749 487 784 514 ut
799 493 871 514 cum
888 484 934 513 di-

167 539 248 569 citur
267 548 343 571 vera
360 540 480 577 virtus,
504 542 679 578 utrumque
700 540 800 577 potest
814 537 936 576 impor-

168 594 234 622 tare
245 616 252 629 ‚
269 595 299 622 et
313 595 449 632 utroque
464 592 558 623 modo
570 592 667 631 accipi
683 593 794 631 potest.
815 590 851 620 Et
867 590 938 620 ideo

168 645 414 684 intelligendum
426 670 433 683 ,
448 645 532 684 quod
545 645 662 677 veritas
676 643 868 684 poenitentiae
884 643 939 674 du-

167 698 288 737 pliciter
300 698 463 738 accipitur,
482 699 561 728 sieut
570 700 601 728 et
612 697 780 737 cujuslibet
793 697 936 727 virtutis:

168 760 233 781 uno
265 752 349 781 enim
378 751 471 782 modo
499 751 612 781 dicitur
640 751 739 781 virtus
766 758 839 781 vera
868 759 939 789 qua>

169 803 263 834 habet
277 814 390 835 verum
406 804 533 834 virtutis
549 813 628 843 opus
640 827 647 840 ‚
662 803 713 834 vel
727 805 799 833 nata
814 805 860 833 est
880 803 938 833 ha-

169 859 243 888 bere
257 881 263 894 ⁷
280 860 437 897 quantum
452 859 499 887 est
512 857 550 887 de
565 866 598 887 se
609 880 617 894 7
632 860 663 887 et
677 857 720 886 sic
735 856 804 886 haee
823 855 940 886 veritas

169 914 217 942 est.
225 911 264 942 de
279 911 413 941 essentia
425 911 564 947 virtutis;
575 909 637 940 alio
648 909 741 940 modo
753 909 866 940 dicitur
881 910 941 939 vir-

171 967 223 994 tus
237 973 312 995 vera
323 973 395 1003 quae
409 963 551 1003 perducit
563 963 595 993 in
611 964 718 1000 finem,
735 965 765 992 et
779 963 847 992 haec
861 963 943 992 veri-

171 1021 218 1048 tas
226 1027 289 1048 non
297 1019 344 1047 est
352 1016 527 1047 essentialis
537 1016 658 1052 virtuti,
670 1015 723 1046 sed
733 1018 855 1045 tantum
868 1015 942 1046 dicit

173 1071 300 1101 virtutis
313 1073 443 1107 statum,
459 1070 526 1099 sive
535 1069 814 1099 continuationem.
827 1068 943 1099 Secun-

171 1125 247 1155 dum
259 1124 319 1154 hoc
329 1123 495 1154 dicendum
511 1122 594 1162 quod
605 1122 629 1151 si
639 1122 742 1161 primo
758 1122 851 1152 modo
861 1123 941 1152 dica-

171 1176 413 1217 turpoenitentia
419 1184 504 1213 vera,
513 1184 585 1214 quae
592 1184 706 1205 verum
716 1175 840 1205 virtutis
848 1175 943 1206 habet

172 1232 276 1261 actum
290 1241 297 1267 3
316 1230 359 1259 sic
373 1229 411 1260 de
426 1228 556 1259 veritate
570 1228 764 1268 poeniteutiae
779 1231 825 1258 est
839 1229 942 1259 detes-

172 1283 231 1313 tari
246 1282 368 1313 malum
383 1281 603 1319 commissum.
621 1283 651 1311 et
666 1290 722 1319 pro
738 1281 790 1311 illo
802 1285 943 1321 tempore

173 1336 297 1367 nullum
313 1335 526 1372 committere,
544 1336 573 1364 et
588 1334 625 1364 de
640 1334 746 1364 futuro
768 1343 943 1373 proponere

173 1399 238 1420 non
252 1388 462 1424 committere3
488 1390 518 1418 et
540 1387 579 1417 ab
603 1386 750 1417 omnibus
769 1387 817 1417 liis
844 1390 943 1427 potest

172 1443 268 1473 homo
284 1442 392 1473 cadere
404 1466 413 1479 ‚
435 1443 464 1471 et
478 1440 521 1470 ita
539 1450 557 1470 a
572 1440 757 1479 pcenitentia
777 1450 849 1471 vera
863 1465 871 1479 7
887 1451 941 1472 ve-

171 1496 262 1526 ritate
287 1495 390 1535 primo
412 1493 505 1524 modo
529 1493 620 1523 dicta.
643 1493 675 1523 Si
695 1496 802 1523 autem
822 1493 944 1524 dicatur

172 1558 266 1587 vera,
291 1548 366 1588 quia
387 1547 530 1587 perducit
550 1546 583 1576 in
605 1547 720 1583 finem,
739 1549 772 1577 ut
790 1547 893 1577 finalis
914 1550 944 1577 et

173 1602 370 1638 continuata,
387 1601 426 1630 ab
440 1600 500 1630 hac
513 1609 575 1630 1101]
594 1602 639 1630 est
654 1600 773 1630 cadere.
792 1600 852 1631 Sed
862 1601 944 1631 hanc

173 1663 237 1686 non
252 1656 299 1684 est
312 1654 414 1684 dicere
429 1653 592 1684 hominem
607 1653 724 1683 hahere
739 1653 797 1683 nisi
813 1653 846 1683 in
861 1653 924 1684 fine
934 1678 941 1689 ,

173 1710 204 1738 et
216 1710 286 1748 post
300 1716 364 1738 non
379 1706 535 1745 contingit
550 1706 668 1736 cadere.

214 1764 222 1791 1
242 1763 272 1791 et
287 1763 316 1791 ἐξ.
328 1759 377 1791 Ad
387 1759 462 1790 illud
477 1768 556 1797 ergo
567 1759 650 1798 quod
665 1759 813 1797 objicitur
826 1760 940 1799 primo⁷

171 1815 257 1854 quod
279 1814 317 1844 ad
342 1813 508 1844 veritatem
532 1813 602 1851 eius
626 1814 743 1851 spectat
764 1812 943 1852 plangenda

171 1876 236 1898 non
250 1866 462 1902 committere3
485 1865 654 1895 dicendum
676 1865 775 1904 quod⁷
791 1865 816 1895 si
832 1865 942 1905 loqua-

174 1930 248 1950 mur
264 1920 302 1950 de
319 1919 450 1949 veritate
465 1919 569 1958 primo
594 1918 701 1956 modo,
726 1919 764 1948 ad
780 1919 943 1949 veritatem

174 1975 292 2014 spectat
305 1982 369 2003 non
385 1972 585 2003 committere
599 1973 676 2002 tunc
698 1980 755 2002 nec
769 1974 839 2002 actu
851 1996 860 2010 ,
886 1981 945 2002 nee

174 2026 333 2066 proposito
344 2050 351 2063 ‚
373 2025 426 2056 sed
439 2035 504 2056 non
525 2027 593 2065 post
608 2036 615 2063 3
633 2027 663 2055 et
683 2025 726 2055 sic
742 2025 893 2064 accipitur
913 2026 944 2055 in

175 2079 235 2109 illis
253 2078 506 2110 diffinitionibus.
528 2077 583 2108 Vel
601 2078 626 2107 si
651 2077 803 2117 accipitur
819 2087 876 2117 pro
895 2079 946 2109 su-

176 2135 248 2163 turo
267 2132 468 2172 simpliciter,
486 2134 561 2161 tunc
574 2131 633 2161 erit
648 2131 841 2169 poenitentiae
855 2131 947 2163 diotae

177 2194 261 2216 verae
285 2185 417 2216 veritate
435 2185 695 2224 perseverantiae,
722 2184 790 2214 sive
813 2185 946 2215 ducente

180 2241 211 2271 in
227 2241 323 2271 finem
336 2251 342 2270 :
360 2241 391 2269 et
404 2248 460 2278 per
474 2239 532 2269 hoc
546 2240 630 2278 patet
644 2237 722 2268 illud
736 2237 855 2275 Isidori,
872 2239 948 2279 quia

179 2294 253 2323 dicit
269 2304 276 2324 ;
294 2293 422 2330 manis,
439 2294 565 2332 propter
579 2291 817 2321 frustrationem
833 2292 915 2322 finis.

221 2348 249 2376 3.
266 2346 314 2376 Ad
336 2345 413 2375 illud
437 2344 522 2384 quod
536 2344 696 2383 oincitur,
721 2344 805 2383 quod
828 2345 947 2376 offensa

180 2402 227 2429 est
248 2398 386 2435 infinita,
413 2398 580 2428 dicendum
604 2397 688 2437 quod
713 2396 794 2428 Deus
819 2398 950 2428 remittit

180 2452 332 2483 offensam
358 2460 414 2491 per
438 2451 575 2490 gratiam
590 2473 599 2487 ,
622 2452 653 2480 et
672 2459 728 2489 pro
747 2450 949 2481 delectatione

213 2515 273 2544 ¹Cf.
289 2514 359 2538 Alex.
379 2513 474 2543 Alens„
490 2520 515 2543 p.
532 2513 575 2541 lv,
591 2519 617 2542 q.
629 2517 683 2541 xw,
695 2512 803 2535 membr.
819 2514 842 2543 ὅ,
858 2516 904 2537 art.
921 2515 948 2544 Ως

182 2552 208 2575 S.
229 2550 329 2579 Thom„
348 2556 372 2579 p.
396 2549 443 2577 111,
470 2555 493 2578 q.
518 2553 630 2577 Lxxxn‘,
652 2549 698 2571 art.
722 2549 852 2577 ¹030t1v
873 2550 950 2578 Sem„

182 2586 238 2610 dist.
264 2591 317 2614 xiv,
337 2592 362 2615 q.
387 2591 410 2615 1,
435 2586 482 2608 art.
508 2585 530 2612 4,
553 2590 577 2614 q.
602 2589 648 2613 1113
673 2583 850 2614 {iieha1·d.‚1v
871 2585 949 2615 Srml„

182 2621 239 2645 dist.
265 2627 322 2651 ιἪν,
343 2622 390 2644 art.
413 2621 434 2648 9,
459 2626 485 2650 q.
509 2625 542 2647 11;
566 2619 657 2643 Tuom.
681 2620 795 2650 Argent„
817 2620 847 2643 lV
871 2621 950 2651 Seni.y

300 2674 374 2696 TOM.
398 2675 430 2696 V.

993 151 1081 183 ART.
1108 153 1129 183 Ι.
1155 153 1306 190 QUAEST.
1332 155 1368 185 ΙΙ.
1704 158 1761 188 577

993 219 1092 258 ‹ax-igit
1106 229 1234 259 poeuam
1249 230 1305 260 per
1319 222 1554 261 poenitentiam;
1570 224 1601 253 et
1614 222 1683 253 ideo
1696 232 1762 254 non

993 274 1116 311 oportet
1130 273 1215 312 quod
1231 273 1270 303 sit
1286 274 1419 304 infinita.

1033 327 1061 355 4.
1078 325 1125 355 Ad
1143 326 1220 356 illud
1241 327 1326 365 quod
1349 327 1506 366 objicitur,
1534 329 1618 368 quod
1640 338 1764 369 semper

994 378 1098 408 dolere
1113 379 1218 417 debet,
1239 380 1405 410 dicendum
1418 381 1502 420 quod
1518 390 1643 422 semper
1657 382 1763 413 dolere

994 430 1084 461 dehet
1098 431 1208 462 habitu
1227 443 1234 462 :
1252 433 1305 463 sed
1323 433 1379 472 qui
1401 433 1511 463 habitu
1526 434 1608 464 dolet
1629 435 1667 465 de
1690 444 1762 475 pec-

995 486 1062 513 calo
1089 486 1247 523 przeterito
1260 510 1267 522 ‚
1303 486 1383 516 nihil
1408 487 1557 526 impedit,
1584 489 1661 527 quin
1693 492 1765 519 actu

995 537 1170 568 committat
1182 539 1347 577 futurum3
1370 540 1419 570 rel
1435 540 1637 570 referendum
1661 543 1708 571 est
1726 543 1765 572 ad

995 589 1213 627 poenitentiam
1229 592 1371 630 finalem,
1390 593 1470 624 sicut
1484 593 1603 623 dictum
1619 596 1675 624 est.

1244 707 1447 743 QUAESTIO
1478 709 1519 739 ΙΙ.

1020 787 1059 813 An
1079 788 1213 820 contingat
1230 795 1279 822 per
1295 790 1481 822 paenitentiam
1499 797 1646 823 resumere,
1668 793 1693 817 et
1712 799 1746 818 aiz

1265 833 1361 859 iterari
1377 834 1461 867 possit
1482 832 1500 859 ¹.

1039 909 1150 941 Utrum
1165 911 1329 950 contingat
1346 922 1402 952 per
1416 913 1635 952 pcenitentiam
1660 923 1768 945 resur-

999 972 1091 1000 gere,
1109 963 1168 994 hoc
1182 967 1228 994 est
1249 965 1464 1003 poeniteutiam
1487 965 1618 1003 iterare3
1637 968 1667 996 et
1684 967 1769 1006 quod

999 1016 1062 1053 sic,
1088 1017 1213 1047 videtur
1239 1017 1385 1056 exemplo
1416 1017 1528 1056 David,
1556 1018 1611 1058 qui
1633 1022 1643 1036 2
1666 1020 1770 1059 primo

999 1069 1138 1108 peccavit
1153 1069 1333 1108 homicidio,
1351 1073 1381 1100 et
1395 1071 1559 1110 poenituit;
1577 1081 1688 1103 rursus
1704 1082 1772 1112 pec-

999 1123 1081 1152 cavit
1096 1124 1292 1154 numerando
1312 1124 1464 1163 populum
1478 1149 1485 1161 ‚
1503 1127 1533 1155 et
1550 1126 1714 1164 poeuituit;
1741 1128 1771 1156 et

999 1176 1081 1206 Deus
1098 1178 1271 1217 utrumque
1287 1177 1469 1216 acceptavit.

1040 1229 1117 1259 Item
1130 1229 1315 1260 auctoritate
1325 1230 1334 1245 ³
1351 1240 1356 1259 t
1375 1230 1410 1260 δι’
1425 1231 1546 1269 impius
1561 1233 1659 1271 eqerz't
1671 1234 1771 1272 poem'-

1000 1283 1129 1314 centiam
1147 1283 1186 1314 ab
1199 1283 1344 1314 omnibus
1361 1285 1514 1322 peccatis,
1533 1287 1604 1322 ete„
1628 1287 1771 1318 omnium

999 1338 1213 1376 iniquitatum
1237 1337 1305 1376 ejus
1323 1345 1387 1369 non
1406 1338 1589 1370 recordabor
1609 1341 1769 1379 amplius:

1000 1390 1053 1419 sed
1070 1398 1132 1419 non
1149 1390 1316 1427 distinguit
1331 1393 1525 1429 peccatorem
1544 1402 1550 1421 z
1568 1401 1645 1431 ergo
1658 1402 1771 1424 verum

999 1445 1045 1473 est
1061 1443 1098 1472 de
1111 1452 1147 1473 eo
1170 1443 1224 1482 qui
1244 1442 1447 1481 recidivavit,
1474 1444 1548 1483 quia
1562 1446 1718 1476 terminus
1738 1447 1771 1476 iu

1000 1496 1201 1526 conditionali
1223 1496 1256 1525 in
1277 1497 1478 1528 antecedente
1501 1500 1626 1528 tenetur
1647 1499 1772 1530 univer-

999 1550 1113 1579 saliter.

1040 1603 1117 1633 item
1141 1605 1207 1634 esto
1231 1603 1316 1642 quod
1331 1612 1454 1643 semper
1470 1605 1544 1642 iste,
1570 1605 1645 1635 dum
1662 1606 1720 1636 fuit
1738 1606 1773 1637 in

999 1657 1199 1696 poenitentia,
1226 1657 1335 1687 fuisset
1358 1656 1391 1686 in
1415 1656 1528 1696 culpa,
1549 1660 1669 1689 constat
1688 1659 1773 1699 quod

1000 1712 1088 1749 pejor
1110 1710 1220 1740 fuisset
1243 1720 1249 1739 :
1278 1710 1332 1740 sed
1353 1718 1417 1740 non
1437 1710 1549 1741 fuisset
1571 1711 1599 1741 ei
1618 1713 1774 1751 praeelusa

1000 1763 1109 1792 salutis
1121 1763 1173 1792 via
1189 1773 1195 1792 ε
1214 1771 1294 1801 ergo
1308 1762 1334 1792 si
1349 1765 1423 1792 tunc
1438 1764 1590 1802 potuisset
1605 1774 1661 1804 per
1675 1767 1775 1806 poeni-

1000 1816 1131 1846 teutiam
1146 1825 1294 1855 surgere,
1311 1819 1341 1846 et
1355 1826 1442 1847 nunc
1458 1819 1568 1856 potest.

1042 1870 1118 1900 Item
1140 1870 1262 1900 ratione
1283 1870 1419 1905 videtur,
1439 1871 1516 1910 quia
1539 1871 1622 1902 Deus
1644 1875 1775 1912 pronior

1000 1923 1101 1953 estad
1126 1923 1358 1961 miserendum,
1381 1933 1476 1963 quam
1499 1924 1538 1955 ad
1560 1925 1775 1958 condemnan-

1000 1974 1076 2003 dum
1097 1985 1103 2005 :
1122 1974 1175 2004 sed
1199 1976 1494 2015 quantumcumque
1510 1976 1608 2008 homo
1631 1977 1694 2009 Deo
1712 1987 1775 2009 ser-

1002 2027 1109 2063 vierit⁷
1127 2027 1152 2057 si
1167 2028 1296 2067 poenitet
1317 2028 1355 2058 de
1369 2028 1453 2059 hono
1470 2029 1550 2060 facto
1563 2054 1570 2068 ,
1592 2030 1674 2062 Deus
1694 2031 1775 2062 ohli—

1001 2079 1132 2111 viscitur
1146 2081 1303 2111 bonorum
1323 2090 1329 2110 :
1346 2090 1423 2119 ergo
1437 2082 1462 2112 si
1478 2083 1607 2122 poenitet
1621 2083 1659 2114 de
1674 2083 1772 2122 malo,

1002 2133 1142 2163 remittit.

1044 2186 1140 2224 Item,
1162 2187 1188 2216 si
1211 2196 1276 2218 non
1303 2189 1404 2227 potest
1427 2196 1594 2227 resurgere
1617 2190 1771 2228 secundo,

1002 2242 1057 2270 aut
1071 2240 1130 2270 hoc
1146 2242 1192 2269 est
1215 2240 1290 2279 quia
1313 2249 1377 2271 non
1397 2243 1499 2280 potest
1520 2242 1657 2273 secundo
1678 2244 1776 2282 poeni-

1004 2295 1080 2329 tere,
1095 2295 1149 2323 aut
1159 2292 1234 2332 quia
1249 2293 1329 2323 Deus
1344 2302 1408 2324 non
1422 2296 1579 2334 acceptat:
1597 2304 1660 2326 non
1672 2296 1776 2335 primo

1006 2346 1115 2383 modo,
1132 2346 1207 2385 quia
1225 2346 1360 2376 liberum
1379 2347 1546 2377 arbitrium
1569 2348 1661 2378 estin
1684 2349 1775 2379 nohis

1004 2399 1146 2429 vertibile
1158 2423 1165 2435 ,
1183 2401 1214 2429 et
1228 2401 1294 2429 tota
1309 2399 1358 2429 die
1373 2399 1453 2430 verti
1468 2399 1614 2430 videmus
1627 2411 1634 2437 ;
1652 2409 1715 2431 non
1730 2410 1776 2432 se—

1005 2452 1109 2483 cundo
1120 2452 1223 2490 modo,
1237 2452 1388 2491 poenitere
1397 2452 1481 2482 enim
1489 2454 1534 2483 est
1544 2453 1662 2484 conteri
1673 2456 1704 2484 et
1717 2454 1777 2485 hu-

1006 2514 1127 2537 ‹list.x1v,
1141 2519 1194 2544 (1.1,
1207 2515 1253 2537 art.
1265 2515 1292 2542 3,-
1306 2513 1393 2544 steph.
1408 2514 1512 2542 Brules„
1526 2514 1557 2537 {V
1570 2514 1637 2546 Seni,
1651 2515 1707 2540 dist.
1721 2522 1776 2547 xw,

1007 2557 1031 2580 ¹1.
1045 2556 1107 2579 vuij,
1125 2550 1212 2572 Petrus
1228 2550 1258 2572 de
1271 2550 1382 2578 'l'araut.,
1399 2549 1431 2573 lV
1445 2551 1522 2578 sent„
1539 2550 1595 2574 (list.
1609 2556 1662 2580 XIv,
1675 2558 1700 2582 q.
1714 2557 1775 2582 xvl;

1007 2585 1081 2609 (iahr.
1106 2585 1178 2615 Biet,
1201 2586 1230 2608 tv
1261 2585 1340 2613 Sene„
1361 2584 1416 2608 dist.
1445 2590 1498 2614 xiv,
1525 2592 1549 2615 q.
1573 2591 1612 2616 111,
1634 2588 1681 2610 art.
1704 2588 1728 2611 2.
1748 2599 1778 2605 -

1008 2622 1017 2637 2
1033 2622 1051 2643 11
1072 2621 1136 2651 neq..
1154 2626 1200 2649 xu,
1217 2621 1258 2649 133
1275 2625 1344 2650 xxiv,
1362 2622 1398 2643 lo.
1414 2632 1445 2637 —
1464 2620 1473 2634 ³
1490 2620 1590 2652 Ezeclz„
1604 2628 1680 2652 xvui,
1696 2624 1735 2647 22.

1621 2668 1657 2697 37

1784 929 1888 951 Fundam.
