2017 2948
74 393 149 415 Exem-

43 425 112 452 plum.

602 200 698 232 DIST.
718 199 743 232 Ι.
767 198 882 230 PART.
906 198 929 229 Ι.
953 198 1044 230 ART.
1064 199 1088 230 Ι.
1109 197 1257 236 QUAEST.
1280 198 1317 228 V.

159 270 254 300 habet
267 269 427 299 efficacem
438 267 669 299 ordinationem
683 266 722 296 ad
737 265 868 305 aliquid,
885 265 929 295 di-

161 323 243 353 citur
256 322 373 352 habere
385 322 536 351 virtutem
549 321 693 359 respectu
709 319 794 348 illius
810 329 816 349 t
834 320 865 348 et
877 326 931 357 po-

162 377 242 406 nunt
257 375 307 405 hic
322 374 515 413 exemplum.
534 373 599 403 Rex
616 372 743 409 statuit,
760 374 796 401 ut
808 371 863 411 qui
876 371 931 401 ha-

163 426 239 458 bent
256 427 316 457 tale
336 427 466 466 signum
478 451 485 463 ,
507 426 644 456 habeant
663 426 790 455 centum
812 424 928 453 libras:

164 483 232 520 post
248 481 338 510 istam
358 479 604 516 iustitutionem,
625 478 756 516 signum
771 477 849 506 illud
869 485 931 506 non

161 533 254 564 habet
264 533 402 572 aliquam
410 533 632 572 proprietatem
639 530 828 567 absolutam,
836 537 932 569 quam

161 595 224 616 non
239 586 367 616 haberet
382 585 489 625 prius3
507 585 544 615 ad
560 583 678 623 aliquid
694 586 801 613 tamen
818 584 864 612 est
879 591 930 611 or-

160 639 324 676 dinatum,
347 638 386 669 ad
403 638 488 678 quod
507 647 571 668 non
590 640 656 668 erat
676 636 774 676 prius.
801 634 838 666 Et
859 635 934 674 quia

161 692 255 723 habet
266 692 423 722 efficacem
434 691 629 721 ordinatione
635 699 675 725 m,
690 689 802 719 dicitur
815 688 933 718 habere

160 745 311 775 virtutem
323 768 332 782 ,
350 746 385 774 ut
404 743 496 774 saciat
516 743 656 782 aliquem
676 743 791 772 habere
807 744 935 772 centum

161 798 256 828 libras
268 807 275 828 ι
290 799 321 827 et
333 797 447 827 dicitur
462 796 539 827 illud
549 797 680 834 signum
691 795 796 826 valere
807 797 934 825 centum

160 851 255 881 libras
267 861 274 887 ;
292 852 439 880 ettamen
454 849 534 879 nihil
549 849 619 888 plns
633 849 728 878 habet
743 849 781 878 dc
796 848 935 878 bonitate

160 912 247 934 nunc
259 927 266 940 ‚
287 912 383 942 quam
400 902 498 941 prius,
522 901 555 932 Si
571 911 649 941 ergo
665 910 790 941 qnaeras
805 901 882 939 quid
898 901 936 930 sit

160 957 213 987 illa
227 956 329 987 virtus
344 956 377 986 in
391 955 444 985 illo
459 956 561 994 signo,
579 955 687 985 dicunt
704 954 789 993 quod
806 963 871 983 non
887 956 936 983 est

161 1009 279 1049 aliquid
294 1008 474 1038 absolutum
485 1032 492 1045 ‚
511 1007 564 1038 sed
579 1008 617 1037 ad
632 1007 763 1046 aliquid.
779 1006 828 1037 Sic
841 1006 936 1036 etiam

162 1063 286 1099 dicunt,
307 1061 391 1100 quod
410 1062 606 1091 sacramenta
624 1062 699 1090 sunt
718 1060 793 1090 talia
812 1060 904 1098 signa
919 1069 937 1090 a

164 1115 225 1146 Deo
248 1114 409 1151 instituta,
435 1115 471 1144 ut
494 1113 549 1152 qui
573 1122 610 1143 ca
635 1113 806 1152 susceperit
832 1113 937 1143 debito

164 1168 277 1204 modo,
295 1167 408 1197 habeat
424 1168 546 1196 tantum
562 1166 599 1197 de
617 1166 720 1205 gratia
732 1190 740 1204 ,
758 1166 808 1196 vel
823 1165 938 1197 habeat

164 1221 300 1260 gratiam
314 1220 453 1251 adhunc
473 1222 578 1249 actum
596 1228 603 1249 :
621 1219 693 1257 illa,
712 1219 841 1258 inquam
854 1242 862 1256 ,
882 1228 936 1250 or·-

163 1272 281 1302 dinatio
303 1272 433 1307 efficax,
457 1271 632 1301 secundum
653 1270 727 1300 istos
740 1294 747 1307 ,
772 1270 875 1301 virtus
893 1272 938 1301 est

163 1324 368 1361 sacramenti3
391 1325 421 1353 et
441 1323 563 1354 ratione
578 1323 662 1353 illius
681 1323 818 1362 disponit
834 1323 938 1353 homi-

163 1386 237 1407 nem
250 1401 257 1414 ,
274 1379 310 1407 ut
324 1376 438 1406 habeat
453 1376 601 1415 gratiam,
619 1376 694 1415 quia
707 1376 875 1406 efficaciter
889 1385 938 1406 or-

164 1430 251 1460 dinat
260 1429 298 1460 ad
311 1429 490 1460 habendam
502 1430 533 1459 et
543 1429 777 1468 suscipiendam
789 1430 935 1468 gratiam.

164 1482 284 1513 Rursus
299 1482 425 1520 dicunt,
443 1482 529 1522 quod
544 1491 584 1512 ex
598 1482 651 1512 tali
666 1483 811 1521 pactione
828 1483 936 1513 Domi-

164 1545 225 1566 nus
247 1535 390 1565 astriuxit
411 1544 444 1565 se
465 1535 604 1574 quodam
626 1535 720 1565 modo
741 1535 779 1565 ad
801 1535 938 1565 damlam

164 1589 300 1628 gratiam
315 1588 495 1627 suscipienti
517 1590 752 1618 sacramentum
767 1599 773 1618 :
791 1588 939 1627 astringit

164 1642 248 1672 enim
262 1641 400 1680 quodam
416 1641 509 1671 modo
524 1641 623 1671 Deum
639 1641 677 1671 ad
695 1642 936 1679 conferendum,

163 1697 193 1725 et
205 1694 319 1725 dicitur
332 1694 448 1725 habere
462 1694 615 1724 virtutem
628 1695 667 1725 ad
681 1695 893 1732 efficiendum,
908 1698 937 1726 ct

163 1748 258 1778 etiam
275 1747 516 1786 disponendum.
535 1748 571 1778 Et
586 1748 666 1778 sicut
681 1748 862 1778 extenditur
878 1757 936 1779 no—

165 1808 236 1830 men
252 1799 377 1830 virtutis
389 1823 396 1836 ‚
412 1800 456 1830 ita
471 1799 603 1830 verbum
619 1800 773 1831 efficiendi
786 1824 795 1838 ,
812 1801 861 1831 vel
878 1801 938 1831 dis-

163 1852 320 1891 ponendi,
341 1852 416 1892 quia
437 1861 501 1883 uon
520 1853 633 1889 efficit,
657 1862 714 1883 nec
734 1853 872 1892 disponit
886 1854 937 1883 iu-

164 1905 308 1942 ssuendo,
331 1905 385 1935 sed
404 1906 570 1936 efficaciter
589 1906 774 1936 ordinando.
800 1905 838 1937 Et
858 1907 938 1937 sicut

165 1957 233 1988 haec
246 1957 472 1994 extenduntur,
488 1958 531 1988 ita
545 1960 576 1988 et
590 1967 707 1989 nomen
723 1968 826 1990 causre
837 1983 844 1997 ‚
861 1960 938 1999 quia

164 2019 230 2040 non
244 2010 356 2040 dicitur
376 2019 470 2041 causa
491 2011 666 2042 secundum
686 2011 769 2051 quod
784 2015 831 2043 est
847 2013 936 2052 prin-

164 2062 283 2102 cipium
308 2064 478 2103 operandi,
506 2064 560 2095 sed
584 2064 761 2095 secundum
784 2065 868 2104 quod
892 2067 938 2096 est

164 2115 245 2146 ratio
267 2115 442 2147 ordinandi.
470 2116 552 2147 Huic
574 2117 721 2157 positioni
746 2118 843 2157 pietas
865 2118 937 2149 fidei

165 2177 230 2199 non
243 2171 419 2208 repugnat,
440 2172 472 2200 et
489 2170 569 2200 ratio
586 2170 752 2201 consentit.
776 2172 937 2203 consentit

166 2230 304 2261 namque
318 2222 397 2253 ratio
408 2245 418 2260 ‚
434 2231 498 2262 qua
512 2222 604 2254 valde
617 2223 743 2255 difficile
758 2226 806 2254 est
818 2225 937 2255 intelli-

166 2282 252 2312 gere,
271 2274 403 2313 qualiter
418 2274 471 2306 illa
485 2275 588 2306 virtus
601 2275 693 2307 detur
706 2276 788 2308 sicut
801 2277 936 2317 qualitas

166 2328 328 2365 absoluta;
345 2328 503 2360 difficilius
516 2353 525 2368 ‚
540 2331 666 2369 quando
680 2331 783 2362 detur.
809 2333 937 2365 Difficile

166 2381 260 2411 etiam
275 2382 321 2411 est
336 2381 510 2420 intelligere
521 2405 529 2419 ‚
550 2384 600 2413 cui
619 2384 720 2423 detur,
738 2386 837 2416 verbo
851 2386 934 2417 scili-

166 2436 224 2471 cet,
240 2443 281 2464 an
296 2434 469 2471 element0;
488 2444 561 2474 quae
576 2438 650 2467 sunt
664 2438 726 2469 duo
741 2439 820 2470 nihil
833 2449 936 2471 unum

165 2486 319 2517 facientia.
346 2486 473 2518 Difficile
499 2488 593 2518 etiam
614 2492 661 2520 est
681 2492 760 2523 scire
783 2493 936 2532 quamdiu

167 2539 268 2570 duret.
284 2539 413 2570 Difficile
426 2542 472 2570 est
483 2540 627 2572 similiter
641 2543 732 2575 valde
746 2545 934 2585 intelligere,

168 2592 326 2630 quomodo
346 2593 469 2624 inssuat.
492 2593 620 2625 Difficile
635 2596 750 2635 ctiam,
771 2600 863 2638 cujus
877 2609 934 2630 na-

168 2646 249 2675 turae
259 2645 342 2677 sitin
352 2647 465 2686 seipsa,
479 2648 510 2677 et
522 2647 622 2678 multa
633 2648 706 2680 talia
717 2660 723 2680 :
738 2652 768 2681 et
778 2651 848 2683 ideo
860 2652 936 2684 huic

1697 200 1752 228 261

983 265 1130 305 positioni
1143 265 1216 294 satis
1228 263 1358 294 faciliter
1366 263 1447 294 ratio
1459 264 1636 294 concordat.
1654 264 1756 295 Pietas

984 318 1079 348 etiam
1091 318 1161 347 tidei
1169 326 1233 347 non
1244 319 1402 356 repugnat
1413 327 1419 346 ;
1431 316 1607 346 cavendum
1616 319 1663 347 est
1671 317 1757 347 enim

984 379 1024 400 ne
1040 370 1117 400 dum
1132 370 1227 400 ninis
1244 370 1357 400 damus
1373 369 1588 408 corporalibus
1603 370 1705 408 signis
1719 370 1759 400 ad

984 423 1130 460 laudem,
1154 423 1380 453 subtrahamus
1401 422 1554 452 honorem
1573 422 1686 461 gratiae
1702 432 1759 453 cu-

985 477 1068 507 ranti
1080 500 1087 512 ,
1104 478 1134 506 et.
1147 476 1260 506 animae
1275 475 1469 515 suscipienti.
1488 475 1560 505 Haec
1574 477 1680 505 autem
1696 475 1760 514 opi-

986 529 1040 559 nio
1055 537 1119 558 non
1134 529 1229 558 nimis
1251 528 1303 558 dat
1314 552 1321 565 ‚
1346 536 1450 567 neque
1468 527 1625 557 subtrahit
1639 527 1758 567 aliquid

988 581 1116 611 honoris
1128 581 1234 612 debiti.
1252 581 1339 612 Sicut
1352 580 1454 615 icitur
1466 580 1578 610 litterae
1594 580 1692 619 regiae
1707 590 1761 610 an-

987 635 1064 666 nulo
1078 636 1165 674 regis
1180 635 1326 674 sigillatae
1340 643 1468 674 magna}
1482 636 1557 664 suut
1569 634 1736 673 dignitatis
1751 658 1759 671 ‚

988 690 1018 720 et
1033 689 1159 719 virtutis
1170 712 1178 726 ,
1196 691 1226 718 ct
1241 688 1357 718 valoris
1368 710 1376 724 ‚
1393 689 1423 718 et
1437 696 1555 726 magna
1570 687 1721 718 dicuntur
1734 690 1763 715 vt

989 751 1078 782 posse
1091 765 1098 778 ,
1122 745 1151 771 et
1173 742 1293 778 facere;
1315 743 1421 771 tamen
1441 740 1473 770 in
1493 740 1536 770 eis
1560 740 1648 770 nulla
1661 741 1763 771 virtus

989 797 1033 826 est
1049 796 1190 825 absoluta
1204 819 1211 832 ,
1228 795 1282 825 sed
1297 794 1362 824 sola
1375 794 1530 824 ordinatio
1547 802 1601 833 per
1616 793 1764 823 assisteti-

989 849 1065 879 tiam
1081 849 1208 878 virtutis
1223 847 1322 885 regiae
1339 857 1345 877 ε
1364 846 1447 886 quod
1464 848 1565 885 pntet3
1583 846 1658 885 quia
1676 855 1763 876 mor-

990 903 1045 930 tuo
1067 910 1142 939 rege
1162 909 1227 930 non
1250 900 1320 938 plus
1342 901 1470 929 cruuntur
1490 899 1527 928 ‹le
1548 899 1659 929 litteris
1679 900 1762 936 suis,

990 954 1136 993 quande
1149 953 1229 989 aliis,
1244 954 1393 982 ettamen
1407 951 1487 981 nihil
1500 952 1679 981 absolutum
1690 953 1766 982 ami-

991 1009 1100 1038 serunt
1115 1017 1121 1037 2
1138 1007 1181 1036 sic
1196 1006 1435 1045 intelligendum
1454 1005 1485 1034 in
1500 1005 1718 1043 sacramentis,
1737 1008 1767 1036 et

991 1062 1034 1092 sic
1052 1062 1227 1101 loquuntur
1242 1062 1423 1090 sanctorum
1439 1060 1639 1090 auctoritates
1653 1068 1768 1090 secun-

992 1116 1069 1146 dum
1091 1123 1294 1145 communem
1318 1122 1425 1144 usum.
1451 1112 1487 1142 Et
1509 1112 1552 1142 sic
1574 1112 1710 1143 rationes
1728 1112 1767 1143 ad

993 1168 1172 1208 oppositum
1184 1169 1301 1206 patent.
1316 1166 1354 1197 Et
1364 1167 1389 1196 si
1401 1168 1435 1196 tu
1448 1174 1572 1206 quaeras
1582 1175 1678 1205 super
1690 1165 1768 1204 quid

993 1222 1144 1253 fundatur
1158 1221 1268 1251 relatio
1279 1244 1287 1257 ,
1311 1219 1469 1259 quomodo
1485 1218 1613 1249 advenit
1628 1218 1695 1248 sine
1709 1218 1768 1249 do-

992 1275 1119 1305 natione
1138 1273 1338 1314 proprietatis
1350 1297 1358 1310 ,
1382 1272 1549 1302 dicendum
1569 1271 1653 1311 quod
1671 1271 1705 1300 in
1720 1271 1769 1301 in-

993 1327 1208 1358 stitutionibus
1229 1327 1418 1365 signorum,
1448 1334 1543 1364 super
1568 1325 1642 1364 ipsis
1666 1324 1769 1363 signis

993 1381 1145 1412 fundatur
1163 1380 1272 1411 relatio
1287 1390 1293 1410 ε
1316 1382 1346 1409 et
1366 1379 1426 1409 hoc
1449 1378 1542 1408 modo
1560 1378 1689 1408 advenit
1703 1377 1770 1407 sine

993 1434 1194 1475 proprietatis
1213 1433 1402 1463 donatione:
1425 1432 1506 1462 sicut
1528 1431 1656 1470 quando
1673 1439 1768 1460 num-

994 1497 1066 1519 mus
1090 1488 1126 1517 fit
1149 1487 1264 1523 arrha,
1285 1488 1315 1516 et
1336 1485 1416 1515 nihil
1440 1485 1532 1515 datur
1549 1484 1587 1514 de
1609 1492 1692 1513 novo
1710 1482 1771 1522 ipsi

961 1566 972 1573 ,
994 1550 1139 1572 nummo.
1170 1539 1307 1578 Utraque
1330 1539 1448 1568 harum
1474 1537 1671 1577 positionum
1697 1537 1772 1567 satis
1810 1546 1890 1581 D³Y³?³⁰

1787 1583 1857 1628 ..⁰3:3²
1860 1583 1879 1597 ¹⁰

994 1594 1119 1626 videtur
1135 1592 1307 1633 probabilis
1321 1602 1327 1622 τ
1345 1592 1413 1621 haec
1428 1593 1535 1621 tamen
1553 1590 1631 1620 mihi
1648 1590 1772 1621 videtur

993 1649 1033 1679 ad
1050 1646 1270 1677 sustinendum
1284 1645 1423 1676 facilior:
1442 1645 1547 1675 nescio
1562 1646 1680 1682 tamen,
1697 1653 1771 1684 quae

994 1702 1033 1732 sit
1048 1701 1163 1738 verlor,
1188 1700 1264 1739 quia
1281 1708 1353 1729 cum
1368 1698 1531 1737 loquimur
1550 1698 1587 1728 de
1606 1698 1655 1727 his
1668 1722 1675 1735 ‚
1698 1706 1771 1737 quae

994 1758 1067 1785 sunt
1080 1753 1234 1791 miraculi,
1254 1762 1320 1782 non
1335 1752 1473 1782 multum
1486 1751 1712 1782 adhaerendum
1726 1752 1772 1781 est

996 1808 1120 1839 rationi.
1145 1807 1353 1838 Concedimus
1376 1814 1456 1844 ergo
1475 1804 1560 1844 qnod
1576 1806 1771 1834 sacramenta

993 1918 1075 1946 nunt
1089 1917 1218 1945 extenso
1231 1912 1379 1949 nomine,
1396 1913 1432 1942 ut
1447 1911 1567 1941 dictum
1582 1912 1627 1941 cst
1642 1921 1648 1941 :
1666 1913 1696 1941 et
1710 1911 1771 1942 hoc

993 1976 1143 1999 securum
1162 1968 1209 1997 est
1226 1967 1339 1997 dicere.
1365 1964 1479 1996 Utrum
1502 1966 1609 1994 autem
1625 1964 1695 2004 plus
1709 1964 1767 1995 ha-

993 2021 1108 2059 beant,
1132 2029 1190 2051 nec
1209 2020 1280 2051 volo
1302 2020 1462 2049 affirmare
1474 2041 1482 2056 ‚
1504 2026 1562 2048 nec
1582 2021 1722 2056 negare:
1739 2019 1770 2048 et

993 2075 1168 2106 secundum
1190 2074 1272 2104 hanc
1291 2072 1439 2103 ultimam
1455 2071 1541 2102 viam
1555 2070 1662 2102 omnia
1677 2079 1768 2110 quae-

992 2129 1051 2160 sita
1063 2128 1181 2168 patent.

1260 2223 1439 2263 QUAESTIO
1461 2222 1498 2254 V.

992 2311 1039 2338 An
1051 2311 1086 2338 sit
1102 2309 1256 2344 differentia
1270 2309 1340 2335 inter
1353 2307 1520 2334 sacramenta
1533 2313 1606 2333 novae
1627 2308 1651 2333 et
1670 2307 1766 2333 veteris

1328 2353 1393 2386 quis
1411 2352 1429 2377 ¹.

1033 2438 1074 2469 De
1087 2436 1261 2468 differentia
1277 2435 1547 2465 sacramentorum
1562 2441 1655 2463 novae
1672 2431 1764 2471 legis,

992 2494 1024 2523 ct
1039 2491 1172 2527 veteris;
1194 2491 1224 2520 et
1243 2488 1385 2527 assignat
1405 2486 1555 2525 Magister
1576 2485 1657 2515 lianc
1672 2485 1765 2515 diffe-

1025 2555 1030 2569 ¹
1049 2553 1090 2584 Cf.
1104 2553 1174 2577 Alex.
1190 2551 1285 2581 Alcas,
1301 2558 1326 2582 p.
1341 2551 1384 2580 1v,
1399 2556 1423 2580 q.
1438 2556 1453 2577 1,
1470 2548 1565 2571 memb.
1580 2549 1608 2578 [ις
1626 2548 1650 2571 S.
1663 2548 1764 2578 Thom.,

993 2597 1017 2621 p.
1035 2589 1076 2620 ui,
1093 2595 1117 2619 q.
1134 2594 1198 2618 an,
1214 2588 1261 2611 art..
1275 2588 1304 2617 65
1318 2587 1343 2610 et
1358 2586 1388 2608 lV
1403 2585 1482 2613 seut„
1497 2584 1554 2607 dist.
1572 2590 1588 2613 1,
1603 2590 1628 2615 q.
1646 2589 1662 2613 1,
1678 2585 1724 2608 art.
1741 2585 1764 2614 5,

993 2632 1018 2655 q.
1040 2627 1065 2654 ¹3
1082 2624 1192 2652 Ricard.‚
1217 2624 1246 2646 lv
1263 2623 1341 2651 Sene„
1363 2621 1419 2644 dist.
1440 2626 1456 2649 1,
1473 2621 1518 2644 art.
1536 2620 1559 2651 3,
1577 2626 1603 2651 q.
1619 2625 1658 2649 1v;
1672 2619 1763 2643 Thom.

995 2662 1109 2691 argent„
1127 2660 1156 2683 tv
1173 2661 1252 2688 Seni„
1265 2658 1321 2682 dist.
1337 2664 1354 2686 i,
1367 2664 1392 2687 q.
1408 2662 1438 2686 11,
1454 2657 1501 2681 art.
1517 2656 1545 2686 43
1559 2655 1646 2686 steph.
1660 2654 1763 2685 Brulef„

1800 1815 1890 1836 Resolu-

993 1870 1087 1893 novae
1102 1861 1182 1899 legis
1197 1862 1271 1890 sunt
1285 1868 1389 1896 causa,
1406 1860 1437 1889 ct
1451 1858 1603 1895 efficiunt,
1620 1859 1651 1888 et
1665 1858 1769 1897 dispo«
1795 1854 1800 1866 ¹
1818 1860 1823 1866 ’
