2017 2948
117 1834 221 1854 1“001ειπι.

247 100 305 130 680
807 94 1114 128 SENTENrtARUM
1137 94 1210 125 LlB.
1236 93 1285 124 lv.

246 167 298 197 nia
317 168 391 197 sunt
409 168 505 196 nota:
523 174 603 204 ergo
618 166 762 204 respectu
782 164 916 194 ministri
936 164 988 193 bei
1007 173 1013 192 ;

241 228 329 258 ergo,
347 222 406 250 etc.

283 276 312 303 3.
331 272 426 303 ltem¹
445 284 451 302 ι
469 272 575 304 Narra
594 273 623 304 si
639 272 719 312 quid
734 272 842 308 habes,
865 273 899 302 uc
911 270 1014 308 justi-

243 327 348 365 ficeris
364 337 376 357 .·
390 326 444 356 sed
458 326 598 356 narratio
620 326 692 357 dicit
714 327 819 355 actum
841 324 1012 362 sermonis,

241 382 272 410 et
295 380 522 410 confessionem
545 380 686 410 vocalem
706 388 713 408 :
735 381 765 408 et
788 380 908 408 constat
929 377 1013 417 quod

242 433 382 473 loquitur
392 441 449 472 pro
460 435 602 472 tempore
612 432 705 470 legiS‚
718 431 793 470 quia
803 431 1011 467 exhortando,

241 495 305 517 non
320 485 518 526 praedicendo
529 497 535 515 :
548 494 626 523 ergo
640 484 765 515 videtur
775 484 858 523 quod
873 486 1013 523 tempore

242 540 322 579 legis
339 542 419 570 esset
436 538 587 569 consessio
604 538 634 568 in
650 539 817 577 praeeepto.

281 595 310 623 4.
329 593 405 623 item
420 592 480 622 hoc
497 591 623 622 videtur
637 602 643 622 z
658 591 731 621 Plus
747 592 793 621 est
807 590 927 630 aliquid
940 600 1011 629 pro·

243 646 322 676 [iteri
339 647 430 682 sacto,
445 654 541 684 quam
552 645 666 682 verbo;
684 644 756 684 plus
766 644 858 674 etiam
871 643 1012 673 confiteri

242 700 367 738 peccata
381 707 487 728 eoram
502 697 664 734 omnibus,
686 706 783 736 quam
799 705 904 726 coram
921 705 986 726 uno
1004 707 1010 725 2

241 752 295 781 sed
319 751 377 790 ipsi
400 751 632 781 confitebantur
656 758 688 779 se
707 751 884 789 peccatores
906 758 1012 779 coram

241 804 407 841 omnibus,
430 804 507 835 dum
523 804 698 835 offerebant
712 803 847 833 hostiam
864 811 918 841 pro
941 811 1012 841 pec—

242 860 309 888 cato
325 869 330 888 :
348 867 426 897 ergo
441 867 513 888 cum
528 857 567 888 ad
583 857 664 886 hanc
676 858 870 892 tenerentur,
888 855 1013 886 videtur

242 911 325 950 quod
342 912 441 942 multo
455 911 569 941 fortius
583 910 622 941 ad
638 909 862 940 confessionem
879 909 954 939 oris.

280 964 404 994 5.1tem
418 964 570 994 confessio
583 963 646 992 oris
662 963 804 992 instituta
820 964 865 992 est
879 962 916 992 ad
933 962 1009 999 hoc,

241 1020 275 1048 ut
294 1017 438 1048 sacerdos
459 1017 498 1047 sit
519 1017 641 1046 medius
660 1016 798 1046 arbiter:
818 1015 870 1045 sed
891 1015 923 1044 in
940 1015 1011 1053 lege

240 1071 337 1100 veteri
353 1070 496 1100 sacerdos
514 1071 580 1099 erat
601 1068 768 1105 mediator;
792 1068 876 1098 unde
892 1077 947 1107 per
962 1070 1008 1098 to-

240 1124 307 1153 tum
324 1123 510 1159 Levicieum,
527 1122 581 1152 ubi
597 1121 705 1160 agitur
719 1121 756 1151 de
771 1120 943 1158 oblatione:
961 1121 1010 1151 di-

238 1176 319 1206 citur
330 1176 355 1206 2;
376 1175 544 1214 orabitque
560 1175 717 1212 sacerdos,
731 1177 761 1206 et
776 1175 954 1206 remittetur
968 1175 1009 1205 ei.

278 1232 307 1260 6.
326 1229 403 1260 Item
417 1231 509 1260 vetus
522 1229 573 1259 lex
589 1228 647 1258 fuit
660 1229 710 1259 lex
721 1228 849 1267 rigoris,
862 1230 892 1258 et
906 1227 1011 1266 magis

237 1283 405 1323 puniebat,
434 1292 532 1322 quam
555 1292 661 1313 nova:
679 1281 731 1312 sed
753 1281 910 1319 confusio,
936 1290 1009 1320 quae

236 1339 282 1367 est
304 1336 338 1366 in
360 1336 559 1376 poenitentia,
585 1337 632 1366 est
654 1344 775 1374 magna
797 1343 912 1374 poena:
931 1343 1010 1373 ergo

237 1389 339 1428 magis
370 1389 428 1419 suit
455 1391 634 1428 competens
662 1388 725 1427 legi
759 1387 877 1424 veteri,
912 1397 1008 1427 quam

235 1451 339 1472 novae.

277 1497 305 1525 7.
325 1495 402 1526 Item
417 1495 496 1525 ratio
511 1503 609 1534 quare
624 1497 669 1524 est
685 1494 828 1524 instituta
844 1494 1006 1532 confessio,

237 1551 282 1578 est
302 1550 337 1578 ut
352 1548 406 1578 fiat
420 1548 630 1578 reconciliatio
646 1547 791 1577 Ecclesiae
812 1558 817 1576 :
835 1547 889 1576 sed
905 1546 1008 1576 Eccle-

237 1601 283 1631 sia
291 1601 396 1631 eratin
405 1601 502 1632 veteri
512 1602 710 1637 testamento,
721 1602 750 1630 et
762 1600 865 1630 unitas
875 1608 1006 1638 magna,

237 1654 312 1693 quia
331 1663 416 1684 unus
430 1653 653 1693 injuriabatur,
679 1653 755 1683 dum
771 1652 928 1692 peccabat⁷
953 1653 1007 1682 toti

237 1707 444 1744 multitudini,
461 1707 542 1736 sieut
559 1706 758 1736 manifestum
776 1707 821 1735 est
837 1705 869 1734 in
882 1705 1005 1738 Achor:

237 1768 316 1798 ergo
326 1762 402 1790 tunc
413 1759 521 1790 debuit
536 1760 657 1790 institui
672 1761 824 1790 consessio
837 1763 965 1800 peccati.

277 1813 390 1844 Contra
404 1822 460 1853 per
479 1813 703 1852 Augustinum
721 1824 727 1843 ;
746 1825 759 1841 «
775 1813 895 1845 Oblatio
910 1816 1006 1846 saeri-

236 1866 398 1904 fidorum,
415 1867 568 1897 confessio
582 1866 641 1896 suit
655 1869 856 1906 peccatornm
871 1878 878 1897 :
894 1879 908 1895 »
927 1877 1007 1908 ergo

236 1921 360 1952 videtur
379 1921 463 1960 quod
488 1930 551 1951 non
574 1921 670 1951 fuerit
692 1921 735 1950 ibi
758 1921 818 1951 alia
841 1923 1005 1961 confessio,

233 1983 331 2013 quam
345 1974 472 2005 oblatio.

276 2027 352 2057 Item
372 2027 523 2057 confessio
542 2027 685 2058 ordinata
707 2030 753 2058 est
773 2028 811 2058 ad
832 2029 1004 2060 absolutio-

234 2089 309 2111 nem
322 2091 328 2111 :
341 2080 395 2110 sed
408 2080 459 2110 lex
474 2081 742 2119 transgredientes
757 2090 797 2111 ex
810 2084 893 2112 certa
908 2082 1006 2113 scien-

235 2133 276 2163 tia
298 2133 430 2163 faciebat
451 2133 548 2163 occidi
569 2134 636 2164 sine
662 2134 874 2165 misericordia
899 2146 905 2164 ε
932 2145 1004 2166 cum

235 2195 314 2225 ergo
330 2195 395 2216 non
410 2188 571 2217 teneretur
587 2187 701 2226 aliquis
717 2188 818 2217 faeere
838 2196 871 2217 se
890 2188 1001 2223 occidi,

235 2249 299 2271 non
312 2240 480 2271 tenebatur
495 2241 648 2271 confiteri.

276 2293 352 2323 Item
383 2293 416 2323 in
443 2294 635 2324 confessione
663 2295 905 2326 manifestantur
931 2305 1004 2335 quae

234 2346 336 2377 cordis
350 2349 440 2385 sunt,
463 2349 494 2377 et
513 2347 634 2378 occulta
651 2359 657 2378 ι
679 2348 733 2378 sed
752 2348 803 2378 lex
818 2349 1004 2387 prohibebat

234 2409 381 2438 manum,
405 2409 470 2431 non
486 2401 652 2432 animum:
671 2410 750 2440 ergo
771 2401 922 2432 confessio
937 2402 1003 2441 legi

233 2461 297 2483 non
310 2453 517 2493 competebat.

264 2531 340 2562 'Isa.,
357 2538 430 2562 xmu,
446 2534 483 2556 26.
498 2546 527 2551 —-
544 2534 552 2547 ³
565 2534 652 2564 Levz't„
671 2541 716 2565 xii,
737 2536 763 2564 83
780 2541 832 2563 xiv,
849 2536 888 2560 53.
905 2538 952 2559 etc.
974 2549 1003 2554 -—

232 2566 241 2582 ὃ
251 2567 332 2597 Ιοαη.,
344 2574 387 2598 xx,
399 2569 439 2592 23.
448 2569 526 2598 Joan„
540 2575 580 2599 111,
593 2570 632 2593 20.

1116 162 1191 192 Item
1217 161 1242 191 si
1266 161 1418 192 consessio
1442 161 1499 191 fuit
1525 161 1557 191 in
1578 161 1664 201 lege,
1687 165 1742 194 aut
1761 164 1842 196 sicut

1073 214 1200 251 morale,
1216 216 1270 244 aut
1280 214 1361 244 sicut
1373 214 1599 244 sacramentale
1613 226 1618 245 :
1632 214 1658 244 si
1670 224 1749 255 ergo
1760 218 1841 248 sicut

1073 267 1203 305 morale,
1215 276 1293 305 ergo
1303 266 1446 297 similiter
1456 267 1468 296 s
1470 267 1564 297 uisset
1575 267 1607 297 in
1617 267 1689 306 lege
1699 270 1822 300 naturae
1831 281 1839 308 ;

1070 321 1095 350 si
1114 321 1194 351 sicut
1211 320 1450 358 sacramentale,
1465 329 1545 359 ergo
1559 330 1633 351 cum
1648 321 1721 359 alia,
1737 324 1768 353 et
1781 322 1843 353 alia

1071 375 1132 404 sint
1150 376 1345 404 sacramenta
1361 383 1452 404 novae
1468 374 1567 413 legis,
1585 376 1615 404 et
1631 375 1761 414 veteris,
1778 384 1842 407 non

1071 428 1197 458 deberet
1211 436 1278 458 esse
1293 427 1326 457 in
1344 436 1438 457 nova.

1114 482 1189 511 Item
1211 490 1311 520 usque
1330 481 1369 511 ad
1387 481 1559 511 adventum
1582 481 1696 511 Christi
1715 482 1844 513 fuerunt

1070 535 1216 565 homines
1237 535 1296 565 sub
1318 534 1447 571 umbra,
1470 537 1500 564 et
1519 536 1590 564 ante
1609 543 1674 564 non
1689 544 1840 574 pervene-

1071 590 1145 617 runt
1159 588 1197 617 ad
1214 587 1315 617 lucem
1328 596 1335 617 :
1349 587 1403 617 scd
1416 588 1710 626 pt·1·cont'essionem
1725 589 1842 627 peccati

1070 641 1174 680 prodit
1196 643 1338 680 peccator
1360 641 1393 670 in
1412 643 1557 680 apertum
1574 650 1581 671 :
1599 650 1678 680 ergo
1699 643 1772 672 ante
1786 641 1843 673 ad-

1072 696 1204 724 ventum
1220 694 1331 724 Christi
1348 702 1412 724 non
1428 694 1536 724 debuit
1551 703 1617 724 es<e
1634 694 1751 733 peccati
1766 703 1840 725 con-

1072 747 1174 777 fessio.

1112 800 1188 830 item
1208 800 1360 830 consessio
1375 802 1421 830 est
1436 800 1579 831 ordinata
1598 800 1637 832 ad
1656 803 1841 840 potestatem

1070 853 1223 891 clavium,
1248 854 1323 893 quia
1345 854 1497 884 confitens
1517 854 1693 885 absolvitur
1709 866 1716 885 ε
1734 855 1788 886 sed
1807 856 1841 886 in

1069 906 1136 937 sola
1146 906 1216 945 lege
1227 916 1309 937 nova
1319 907 1437 937 dictum
1456 909 1502 938 est
1511 907 1744 939 sacerdotibus:
1766 909 1842 944 Quo-

1070 968 1140 990 rum
1163 960 1354 992 remiseritis
1378 963 1519 999 peccata,
1542 963 1613 998 etc„
1638 963 1673 992 ut
1696 961 1809 992 dicitur
1832 972 1839 992 :

1069 1022 1148 1051 ergo
1166 1013 1290 1043 videtur
1309 1013 1393 1053 quod
1412 1023 1485 1044 eum
1500 1016 1572 1044 ante
1591 1022 1655 1044 non
1674 1013 1767 1044 fuerit
1782 1023 1841 1054 po-

1071 1069 1164 1097 testas
1177 1067 1370 1104 absolvendi,
1387 1068 1472 1106 quod
1483 1077 1540 1099 nec
1555 1068 1647 1099 fuerit
1660 1067 1838 1105 necessitas,

1069 1129 1125 1151 nec
1140 1120 1257 1150 utilitas
1271 1120 1449 1151 confitendi.

1341 1235 1566 1267 coNCLUSIO.

1068 1321 1200 1353 Confessio
1220 1321 1328 1353 vocalis,
1348 1323 1379 1347 ut
1400 1323 1609 1354 sacramentum,
1624 1323 1662 1348 est
1676 1322 1758 1348 solius
1775 1322 1840 1356 Iegis

1103 1367 1272 1401 evangelz'cae,
1289 1375 1334 1393 nec
1349 1369 1483 1402 proecessit
1506 1368 1534 1393 in
1553 1368 1607 1400 Iesye
1625 1368 1725 1400 veteri,
1742 1368 1796 1394 nisi
1809 1368 1839 1394 in

1102 1412 1198 1444 staura,
1215 1412 1280 1445 quia
1292 1412 1336 1437 illi
1350 1412 1402 1444 Iesse*
1413 1418 1464 1438 non
1479 1411 1646 1446 competebat.

1108 1495 1198 1535 Resp.
1223 1496 1262 1526 ad
1285 1505 1355 1534 arg.
1382 1495 1554 1526 Dicendum
1576 1495 1661 1536 quod
1681 1496 1743 1527 duo
1763 1498 1837 1527 suut

1069 1548 1282 1587 principaliter
1308 1549 1341 1578 in
1373 1549 1564 1580 confessione
1576 1574 1583 1587 ‚
1610 1551 1737 1589 propter
1764 1559 1836 1590 quae

1066 1601 1217 1640 oportuit,
1233 1604 1263 1631 et
1277 1603 1467 1632 conveniens
1483 1603 1541 1633 suit
1555 1602 1780 1634 confessionem
1792 1603 1836 1634 in-

1066 1653 1152 1683 stitui
1171 1665 1177 1684 z
1194 1654 1297 1693 primo
1321 1657 1366 1684 est
1391 1657 1518 1694 propter
1535 1655 1741 1686 detectionem
1762 1665 1833 1696 pec-

1065 1706 1136 1739 cati,
1149 1708 1179 1736 et
1190 1707 1485 1743 manifestationem,
1502 1710 1533 1738 et
1547 1708 1604 1738 iste
1617 1711 1664 1738 est
1680 1709 1750 1739 finis
1765 1718 1835 1741 con-

1066 1759 1208 1789 fessionis
1232 1761 1265 1790 in
1288 1769 1337 1797 se;
1366 1761 1523 1791 secundus
1544 1762 1614 1791 finis
1636 1764 1683 1792 est
1706 1765 1834 1803 propter

1066 1813 1351 1844 reconciliationem
1366 1814 1541 1844 faciendam
1559 1814 1633 1853 Deo,
1648 1817 1678 1845 et
1692 1816 1761 1855 eJ'us
1775 1815 1832 1846 Ec-

1064 1865 1178 1896 clesiae.
1204 1865 1310 1897 Primo
1329 1866 1431 1905 igitur
1450 1867 1485 1897 fit
1502 1869 1630 1907 propter
1649 1869 1765 1908 peccati
1779 1869 1832 1900 de-

1065 1919 1248 1957 tectionem3
1273 1921 1416 1959 peccator
1431 1920 1516 1950 enim
1533 1920 1610 1950 dum
1623 1921 1633 1937 ⁸
1654 1921 1734 1953 male
1754 1923 1832 1962 ayit,

1064 1970 1133 2003 odit
1145 1972 1258 2009 lucem3
1274 1974 1304 2003 et
1316 1972 1385 2003 ideo
1396 1973 1429 2002 in
1440 1973 1620 2004 reversione
1629 1974 1668 2004 ad
1677 1974 1834 2014 justitiam

1064 2026 1185 2064 oportet
1201 2025 1353 2064 redargui
1366 2034 1462 2065 opera
1475 2025 1672 2057 infructuosa
1685 2027 1831 2059 tenebra-

1064 2087 1135 2107 rum
1154 2089 1160 2108 :
1179 2087 1251 2118 quae
1268 2081 1376 2109 autem
1387 2081 1578 2118 arguuntur,
1595 2088 1613 2110 a
1629 2080 1749 2111 lumine
1764 2089 1831 2111 ma-

1063 2132 1265 2169 nit'estantur;
1278 2133 1338 2163 hoc
1347 2136 1455 2163 autem
1466 2136 1513 2164 est
1523 2142 1578 2173 per
1588 2134 1831 2166 confessionem:

1063 2188 1093 2215 et
1108 2185 1176 2215 ideo
1197 2185 1304 2215 debuit
1326 2185 1357 2215 in
1379 2195 1416 2216 ea
1434 2185 1504 2224 lege
1528 2186 1646 2217 institui
1667 2188 1831 2223 confessio,

1063 2239 1094 2268 in
1110 2248 1174 2278 qua
1189 2242 1236 2269 est
1250 2239 1458 2270 manifestatio
1479 2239 1620 2270 veritatis
1635 2251 1642 2270 ε
1661 2240 1694 2270 in
1709 2249 1760 2279 ea,
1781 2241 1833 2272 in-

1063 2301 1170 2331 quam,
1188 2292 1270 2331 lege,
1282 2291 1315 2322 in
1327 2302 1390 2332 qua
1404 2292 1544 2323 Verbum
1558 2302 1630 2323 caro
1645 2294 1762 2325 sactum
1773 2297 1830 2330 est.

1062 2346 1097 2375 ut
1108 2344 1306 2384 intelligibile
1316 2346 1406 2376 fieret
1419 2345 1566 2376 sensibile
1577 2348 1607 2376 et
1617 2347 1830 2379 manifestum.

1063 2397 1097 2428 In
1113 2407 1149 2428 ea
1164 2398 1234 2437 lege
1249 2398 1363 2429 debent
1379 2399 1499 2429 occulta
1513 2401 1544 2429 et
1558 2399 1724 2430 tenebrosa
1737 2409 1833 2440 opera

1061 2452 1271 2489 manifestari,
1298 2455 1329 2482 et
1347 2453 1445 2484 verba
1466 2453 1567 2484 cordis
1590 2454 1726 2484 formam
1746 2454 1831 2485 vocis

1061 2505 1191 2536 induere
1206 2517 1212 2535 :
1230 2505 1299 2536 haec
1315 2508 1422 2537 autem
1436 2508 1482 2537 est
1499 2506 1551 2537 lex
1563 2506 1675 2545 gratiae
1692 2517 1699 2538 ε
1715 2508 1746 2537 et
1760 2506 1830 2538 ideo

1062 2558 1262 2589 consessionis
1283 2559 1439 2590 institutio
1458 2560 1614 2599 quantum
1634 2559 1673 2590 ad
1687 2559 1828 2598 primum

2015 1144 2017 1150 „
2004 830 2017 1129 ,Λ-ΜΦΦΝ.-
