2017 2948
706 118 897 151 DISTINCT.
921 117 1001 149 vm.
1026 115 1139 147 PARS.
1163 117 1186 147 1.

340 249 545 282 EXPOSITIO
567 249 733 281 TEXTUS.

153 341 214 364 Post
222 341 407 364 sacramentum
421 337 539 368 baptismi
551 340 575 362 et
586 337 796 368 confirmationis,
808 336 923 368 sequitur

352 374 514 398 Eucharistiae
528 375 725 397 sacramentum.

194 457 268 488 Haec
284 458 331 487 est
349 455 439 486 tertia
453 464 526 495 pars
543 455 640 494 hujus
655 454 753 494 partis
766 454 870 485 totalis
886 453 925 484 de

153 509 357 540 sacramentis
368 532 376 545 ,
393 508 426 538 iu
438 517 501 547 qua
513 507 664 547 Magister
678 508 768 538 tertio
779 507 847 537 ioco
858 506 926 545 agit

154 563 192 594 de
205 563 400 593 sacramento
415 560 631 592 Eucharistiae.
648 560 805 591 Dividitur
818 562 924 590 autem

155 616 223 646 haec
242 624 315 655 pars
336 615 368 645 iu
388 616 451 645 tres
471 616 596 654 partes:
623 613 656 643 iu
679 613 781 653 prima
803 612 871 651 agit
888 611 926 642 de

155 668 353 700 Eucharistia
370 667 546 698 secuudum
566 676 619 704 se3
642 666 674 696 in
694 665 831 696 secunda
842 688 852 703 ,
871 673 927 705 per

156 721 424 761 comparationem
445 720 483 751 ad
504 720 730 759 suscipientes,
753 719 821 749 sive
835 727 928 749 man-

155 776 324 810 ducantes,
348 773 446 804 infra¹
463 783 470 803 :
496 773 537 804 Et
549 774 634 804 sicut
647 772 720 803 duce
734 775 809 803 sunt
824 779 870 803 res
886 771 926 803 z'l-

157 827 220 859 litis
235 827 430 858 sacramenti
437 835 450 865 ;
469 826 501 855 in
516 825 625 862 tertia,
647 833 703 864 per
716 824 926 863 comparatio-

156 890 227 911 nem
249 880 286 910 ad
306 880 537 919 dispensantes,
560 878 626 908 sive
641 877 841 907 conficientes
853 900 861 913 ,
879 877 927 907 in-

155 933 222 964 fra²
236 943 242 963 :
261 932 300 963 Se·
313 936 419 963 autem
435 932 590 971 quoerz‘lur
603 930 709 970 qualis
721 931 764 961 sic
780 930 837 961 illa
852 938 927 961 con-

157 986 273 1023 υιῑνεὶο,
283 987 342 1016 etc.
356 984 462 1015 Prima
478 993 550 1023 pars
560 983 744 1014 habetdnas
757 994 764 1013 :
782 984 813 1013 in
826 983 928 1022 prima

157 1040 345 1070 determinat
360 1038 397 1068 de
412 1038 461 1068 his
478 1047 550 1077 quae
572 1037 762 1068 antecedunt
776 1046 842 1067 esse
865 1036 929 1067 hu-

154 1094 210 1132 jus
224 1092 408 1123 sacramenti
424 1102 431 1129 ;
449 1091 481 1121 in
495 1090 631 1121 secunda
648 1090 686 1121 de
701 1090 750 1120 his
766 1100 837 1130 quse
853 1090 930 1120 inte-

160 1148 255 1185 grant
265 1154 331 1175 esse
342 1144 439 1183 hujus
449 1144 647 1181 sacramenti,
661 1152 734 1183 qnae
746 1146 818 1173 sunt
831 1144 930 1173 forma

159 1198 262 1236 verbi,
281 1201 310 1228 et
322 1198 361 1237 (a)
379 1198 570 1228 elementum
585 1220 592 1231 ,
610 1199 640 1226 et
656 1197 714 1226 hoc
730 1196 771 1226 ibi
788 1207 794 1227 2
814 1197 931 1227 Forma

159 1259 231 1282 vero
242 1254 298 1287 est,
314 1259 408 1290 quam
421 1251 488 1289 ipse
501 1249 617 1281 ibidem
628 1249 741 1285 eclc'dae't,
754 1251 812 1279 etc.
827 1249 931 1279 Prima

161 1314 232 1344 pars
248 1304 344 1334 habet
368 1304 466 1341 duas,
491 1304 642 1343 quoniam
665 1303 851 1333 antecedens
873 1302 932 1332 hoc

162 1360 398 1388 sacramentum
422 1360 469 1387 est
492 1356 634 1396 duplex:
662 1356 820 1395 quoddam
847 1355 931 1395 quod

162 1411 240 1442 nihil
263 1412 383 1441 confert
406 1410 445 1440 ad
471 1419 561 1447 esse,
588 1410 640 1440 scd
667 1409 705 1439 ad
729 1409 932 1439 manifestum

162 1474 246 1503 esse,
272 1466 301 1495 et
316 1464 376 1494 hoc
389 1465 435 1493 est
452 1463 672 1502 praefiguratio
687 1464 716 1492 et
735 1462 909 1492 nominatio
923 1473 930 1500 ;

163 1518 322 1558 quoddam
338 1517 421 1556 quod
437 1518 555 1547 confert
570 1517 607 1546 ad
619 1526 697 1554 esse,
715 1518 750 1546 ut
765 1516 931 1546 institutio.

165 1571 236 1602 Ideo
261 1572 363 1611 prima
384 1580 455 1610 pars
476 1570 571 1599 hahet
589 1570 688 1600 duas:
714 1569 746 1599 in
763 1569 864 1608 prima
879 1569 932 1600 de-

164 1626 311 1656 terminat
328 1624 479 1663 Magisier
492 1624 528 1654 de
542 1623 639 1662 hujus
655 1623 841 1653 sacramenti
857 1632 936 1663 prce-

164 1678 375 1717 figuratione3
393 1677 423 1706 in
440 1676 577 1707 secunda
593 1676 630 1706 de
643 1676 853 1713 institutione,
870 1675 931 1705 ibi:

164 1733 226 1762 Hic
238 1732 333 1763 etiam
347 1729 581 1762 consideranda
591 1733 772 1760 occurrant.
787 1728 820 1758 in
834 1729 936 1767 prima

163 1787 252 1825 parte
267 1784 369 1824 primo
391 1784 480 1822 ponit
504 1784 658 1813 rationem
674 1781 881 1819 nominandi,
900 1784 930 1812 et

166 1838 274 1868 modos
301 1836 477 1875 figurandi,
502 1835 669 1866 osteudens
692 1837 831 1874 quatuor
854 1843 936 1874 prae-

166 1890 291 1927 cessisse
307 1890 440 1928 figuras.

495 1982 563 2003 Iibss.
587 1981 608 2003 1.

224 2041 283 2065 Post
296 2041 484 2065 sacramentum
500 2039 619 2070 baptismi
633 2040 658 2063 et
673 2038 882 2062 confirmationis.

206 2103 337 2135 Videtur
359 2111 424 2133 nou
446 2103 527 2133 bene
550 2101 697 2132 ordinare
719 2102 938 2132 sacramenta:

169 2156 256 2195 prius
274 2156 361 2186 enim
382 2157 429 2186 est
449 2155 574 2193 cibare,
600 2154 685 2194 quod
705 2157 752 2185 est
774 2153 940 2185 Eucharis-

170 2208 238 2245 tiae,
253 2217 349 2247 quam
363 2208 543 2238 confirmari
555 2231 564 2245 ‚
580 2208 656 2247 quia
672 2207 881 2247 parvulorum
896 2209 943 2237 est

171 2260 280 2291 cibari.

212 2313 304 2353 Resp.
328 2313 498 2344 Dicendum
512 2314 596 2353 quod
611 2314 758 2353 quamvis
773 2313 940 2344 Eucharis-

173 2368 216 2398 tia
235 2367 273 2397 >it
291 2367 380 2397 cibus
402 2367 579 2397 communis
599 2369 741 2397 omnium
763 2367 918 2398 honorum
932 2391 940 2405 ‚

172 2423 278 2452 tamen
310 2420 383 2451 dii-it
415 2421 636 2460 Αυξςιιὸῑῑηυε3
665 2421 747 2461 quod
782 2422 829 2451 est
855 2421 944 2451 obus

173 2475 344 2514 grandium
375 2477 406 2505 et
433 2475 654 2514 pei-sectorum.
684 2474 721 2505 Et
744 2475 839 2515 quia,
865 2475 945 2505 sicut

205 2556 211 2569 ¹
231 2555 292 2580 Diei.
314 2561 349 2580 ix.
368 2568 397 2573 -
419 2556 427 2569 ²
442 2555 502 2579 Uist.
521 2561 556 2578 xi.
573 2567 604 2572 —
622 2555 631 2570 ³
646 2556 720 2586 Aug.,
741 2554 876 2586 Conffllib.
898 2559 944 2583 vn,

174 2597 196 2614 e.
218 2597 244 2622 x,
267 2591 450 2615 advertendum
468 2593 553 2615 tamen
573 2591 713 2620 Augustum
732 2590 780 2614 hoc
801 2590 836 2614 ibi
851 2590 943 2615 dixisse

1690 123 1748 153 415

976 183 1184 224 praecedentia
1205 183 1268 215 duo
1288 187 1484 216 sacramenta
1503 188 1577 216 sunt
1596 186 1749 226 parvulo-

976 246 1066 275 rum,
1082 238 1114 267 et
1127 236 1253 277 parvuli
1266 237 1355 278 prius
1369 240 1442 268 sunt
1455 248 1552 278 quam
1567 239 1705 278 grandes
1717 242 1749 272 et

979 290 1107 330 perfecti
1118 313 1128 328 ,
1143 290 1213 321 ideo
1228 291 1372 331 sequitur
1387 291 1440 322 iiia
1453 292 1515 322 duo
1530 296 1747 325 sacramenta:

979 346 1010 374 et
1033 344 1077 374 ita
1101 344 1278 375 secundum
1301 345 1564 376 consuetudinem
1590 347 1750 378 modernae

979 397 1125 428 Ecclesiae
1140 397 1228 437 prius
1244 398 1453 429 confirmatur
1467 398 1619 438 parvulus
1630 423 1638 438 ‚
1653 409 1751 440 quam

980 450 1244 482 communicetur.

1303 536 1372 559 DUB.
1396 537 1430 559 11.

1007 597 1166 622 Excellenter
1181 597 1338 622 Eucharistia
1352 598 1453 627 dicitur,
1469 598 1492 622 id
1509 600 1547 622 cst
1559 598 1630 623 bona
1644 598 1731 630 gratia.

1024 666 1186 703 Quaeritur
1201 676 1302 707 quare
1322 668 1383 698 hoc
1402 670 1636 699 sacramentum
1651 669 1757 709 potius

983 719 1097 750 dicitur
1117 720 1316 752 Eucharistia
1329 745 1336 758 ,
1361 731 1433 752 cum
1450 722 1483 752 in
1498 722 1647 752 omnibus
1665 722 1758 753 detur

983 773 1087 812 gratia
1103 773 1186 804 hona
1197 798 1206 811 ‚
1231 776 1261 804 et
1282 774 1315 804 in
1338 774 1496 814 baptismo
1511 776 1652 806 maxime
1666 775 1758 806 detur

983 835 1104 865 magna
1118 827 1234 866 gratia.

1024 878 1116 918 Resp.
1136 879 1308 910 Dicendum
1323 881 1407 920 quod
1422 881 1483 911 hoc
1502 882 1629 921 proprie
1643 881 1758 912 dicitur

984 932 1022 962 de
1046 931 1261 969 Eucharistia,
1287 935 1356 963 tum
1379 934 1456 973 quia
1477 934 1693 974 principaliter
1713 936 1760 965 est

985 985 1027 1015 ibi
1043 986 1122 1016 ratio
1137 986 1222 1024 boni,
1239 988 1309 1017 tum
1324 986 1399 1026 quia
1413 987 1508 1017 etiam
1523 987 1604 1017 ratio
1620 988 1734 1026 gratiae
1749 998 1755 1017 :

985 1039 1065 1069 ratio
1092 1039 1166 1069 boui
1182 1062 1191 1076 ,
1214 1039 1287 1079 quia
1312 1039 1432 1070 honum
1455 1042 1501 1070 est
1522 1040 1708 1070 diffiisivum
1730 1042 1760 1071 et

985 1092 1301 1123 communicativum.
1324 1092 1411 1123 Unde
1430 1093 1520 1124 cibus
1539 1094 1591 1133 qui
1609 1103 1757 1124 commu-

985 1145 1069 1175 nicat
1083 1154 1115 1175 se
1134 1145 1280 1184 pluribus
1301 1149 1331 1175 et
1351 1155 1406 1185 per
1426 1149 1549 1185 partes,
1569 1149 1615 1177 est
1634 1147 1756 1185 bonus3

986 1198 1037 1237 qui
1051 1198 1264 1228 communicat
1278 1208 1310 1228 se
1322 1198 1468 1238 pluribus
1484 1201 1578 1238 totus,
1596 1202 1626 1230 et
1640 1209 1759 1230 succes-

986 1251 1066 1287 sive,
1080 1251 1191 1281 melior
1202 1253 1259 1287 est,
1272 1253 1307 1281 ut
1317 1252 1452 1282 verbum
1468 1252 1532 1289 Dei,
1549 1253 1633 1292 quod
1646 1253 1759 1292 praedi-

987 1305 1097 1340 catur,
1115 1304 1169 1343 qui
1191 1313 1267 1334 vero
1288 1305 1502 1335 communicat
1519 1315 1551 1335 se
1566 1306 1713 1345 pluribus
1728 1310 1759 1337 et

988 1359 1101 1394 totum,
1118 1363 1148 1387 et
1162 1357 1268 1394 simui,
1284 1357 1342 1387 iste
1354 1360 1401 1388 est
1417 1358 1568 1397 optimus,
1583 1361 1613 1389 et
1631 1359 1699 1389 talis
1715 1364 1762 1390 est

988 1409 1046 1439 iste
1055 1410 1154 1439 cibus.
1166 1409 1325 1439 Hicetiam
1332 1413 1377 1440 est
1388 1410 1439 1440 ille
1449 1411 1548 1449 cibus,
1560 1412 1613 1450 qui
1623 1416 1668 1443 est
1676 1422 1761 1443 sum-

989 1472 1078 1493 mum
1106 1463 1246 1501 bonum,
1276 1464 1393 1494 scilicet
1418 1464 1560 1495 Christus
1587 1465 1736 1497 Dominus
1752 1477 1758 1496 :

988 1519 1018 1547 et
1033 1517 1077 1546 sic
1093 1517 1251 1556 praecipue
1267 1517 1425 1556 reperitur
1442 1518 1484 1548 ihi
1501 1518 1580 1549 ratio
1595 1519 1681 1550 boni.
1703 1519 1761 1550 Re-

988 1570 1109 1610 peritur
1126 1570 1167 1599 ibi
1184 1570 1279 1600 ctiam
1296 1570 1510 1610 prIucipaliter
1531 1572 1612 1602 ratio
1626 1573 1740 1611 grati-'B
1752 1597 1760 1611 ,

988 1625 1057 1653 tum
1071 1633 1125 1662 per
1137 1623 1267 1654 modum
1280 1623 1464 1662 contentivi,
1481 1626 1549 1654 tum
1563 1634 1618 1664 per
1632 1626 1763 1657 modum

990 1676 1148 1706 affcctivi:
1173 1686 1228 1716 per
1248 1676 1379 1706 modum
1399 1678 1591 1715 contentivi,
1615 1679 1689 1718 quia
1706 1679 1764 1710 hoc

990 1731 1035 1760 est
1051 1730 1152 1759 solum
1169 1732 1402 1760 sacramentum
1415 1753 1423 1767 ,
1439 1740 1503 1770 quo
1522 1731 1585 1771 ipsa
1601 1732 1703 1771 gratia
1718 1734 1765 1763 est

991 1785 1137 1812 contenta
1159 1783 1334 1813 secundnm
1357 1784 1545 1822 veritatem,
1572 1785 1637 1814 imo
1663 1785 1764 1824 pleni-

991 1835 1067 1865 tudo
1091 1836 1228 1874 granae:
1255 1837 1340 1866 unde
1364 1837 1558 1868 assimilatur
1578 1838 1637 1877 ipsi
1661 1839 1764 1869 chari-

992 1888 1057 1925 tati,
1072 1897 1145 1927 quse
1160 1889 1229 1918 unit
1243 1889 1295 1918 sini
1311 1890 1341 1919 et
1355 1889 1450 1920 habet
1464 1890 1548 1920 idem
1562 1900 1618 1930 pro
1630 1891 1765 1931 objecto,

993 1943 1023 1971 et
1042 1951 1098 1980 pro
1119 1941 1204 1979 fine;
1227 1943 1350 1972 ratione
1370 1942 1527 1981 affectivi,
1550 1945 1701 1984 quoniam
1716 1945 1768 1976 hic

993 1996 1040 2024 est
1053 1994 1147 2025 carbo
1162 1994 1286 2033 ignitus
1299 2019 1307 2033 ,
1325 2004 1399 2026 caro
1414 1996 1530 2027 scilicet
1546 1996 1657 2028 Christi
1670 2022 1679 2036 ,
1695 2007 1767 2038 quae

993 2047 1170 2079 inflammat
1184 2049 1214 2078 et
1228 2048 1404 2086 beatificat3
1421 2058 1484 2079 non
1501 2050 1626 2080 tantum
1643 2051 1766 2090 gratifi-

993 2103 1061 2138 cat,
1086 2101 1141 2131 sed
1164 2101 1260 2131 etiam
1285 2101 1500 2141 multipliciter
1524 2103 1665 2143 adjuvat.
1700 2104 1768 2135 Pri-

995 2162 1084 2184 mum
1109 2153 1258 2193 quidem,
1283 2154 1359 2194 quia
1382 2157 1428 2185 est
1451 2155 1539 2186 cibus
1563 2156 1768 2197 incorporans

995 2207 1087 2246 capiti
1101 2209 1131 2237 ⁶:
1157 2207 1218 2244 (mi
1242 2207 1416 2239 manducat
1437 2217 1564 2240 carnem
1588 2218 1710 2247 meam,
1732 2212 1769 2242 in

995 2268 1042 2291 me
1057 2264 1172 2291 ηιαηεί.
1190 2260 1356 2299 Secundo,
1373 2262 1447 2300 qnia
1463 2262 1627 2293 fortificat³
1642 2273 1649 2293 :
1670 2264 1768 2295 Pam's

996 2321 1048 2345 cor
1071 2313 1212 2344 hominis
1231 2314 1398 2352 confirmati
1414 2315 1463 2353 (h).
1486 2314 1591 2346 Tertio
1615 2317 1689 2355 quia
1714 2317 1769 2347 de-

996 2367 1130 2397 lectam:
1152 2367 1269 2398 I'cmem
1291 2367 1329 2399 de
1351 2368 1425 2399 coelo
1447 2368 1570 2400 dedisce·
1592 2370 1660 2407 eis,
1680 2378 1769 2402 omne

997 2419 1161 2452 habentem
1175 2421 1432 2453 delectamentum
1443 2444 1452 2459 ,
1468 2425 1526 2452 ctc.
1555 2422 1672 2458 Quarto
1687 2423 1770 2454 vaiet

999 2505 1029 2529 dc
1045 2507 1098 2529 Deo
1114 2508 1140 2529 ut
1156 2508 1194 2530 ost
1212 2506 1323 2536 veritas,
1337 2513 1389 2529 nou
1407 2509 1431 2529 nt
1446 2506 1608 2531 eucharistia.
1623 2520 1654 2526 —
1666 2508 1676 2525 ⁵
1689 2509 1770 2541 Joan„

998 2546 1034 2572 vi,
1050 2543 1088 2565 57.
1101 2554 1132 2559 —
1146 2541 1156 2558 ⁵
1168 2541 1248 2572 Psal„
1264 2547 1320 2571 cui,
1338 2544 1374 2566 16.
1386 2555 1416 2560 -
1430 2542 1439 2555 ⁶
1451 2544 1521 2573 Sap„
1539 2549 1593 2574 xm,
1607 2544 1646 2567 2⁰.

1031 2589 1064 2620 (a)
1083 2590 1143 2614 Coet.
1158 2589 1218 2615 edit.
1239 2590 1320 2615 omitt.
1337 2592 1370 2613 et.
1384 2603 1414 2608 -
1426 2589 1460 2621 (b)
1477 2590 1551 2622 Vulg.
1565 2591 1701 2622 confirmet.
