2017 2948
108 1385 194 1406 Divisio.

227 129 285 160 50ss
783 123 1093 160 SENTENTIARUM
1116 125 1190 156 LIB.
1215 125 1264 156 Ν.

226 206 302 229 nem
318 221 325 236 ,
341 195 386 228 ita
401 195 499 228 etiam
514 198 546 228 et
567 194 681 228 fractio
703 193 861 238 passionis
874 191 1011 232 Christi,
1029 196 1060 223 ct
1079 193 1192 224 mortis
1212 198 1259 225 est
1281 195 1531 237 repraesentatio.
1549 195 1642 230 Unde
1656 199 1725 243 ipse
1739 201 1785 234 ait
1804 214 1811 234 :

227 254 296 286 Hoc
307 253 413 297 facite
426 253 461 285 in
477 263 586 285 meam
603 250 947 285 commemorationem
958 276 966 288 ,
984 248 1017 282 id
1033 253 1080 281 est
1092 275 1100 290 ‚
1118 249 1151 282 in
1167 251 1356 283 memoriam
1373 251 1529 295 passionis
1543 257 1574 286 et
1590 255 1702 288 mortis
1716 267 1808 292 meae.

226 310 322 352 Nam,
341 314 377 342 ut
390 310 434 342 ait
449 310 662 342 Ambrosius·
685 321 691 341 :
711 322 726 339 «
742 308 827 347 Quia
841 307 874 339 in
900 311 1003 338 morte
1025 306 1143 339 Christi
1163 307 1291 340 liberati
1315 320 1446 350 sumus,
1463 309 1562 355 hujus
1581 311 1615 344 in
1635 313 1760 347 edendo
1783 320 1815 348 et

225 367 366 401 bibendo
381 379 509 400 carnem
525 372 556 400 et
570 367 763 409 sanguinem
780 376 940 398 memores·
961 375 1028 397 esse
1044 364 1210 397 dehemus.
1239 365 1302 398 Sed
1324 371 1435 399 caveat
1458 368 1597 413 quisque
1618 381 1658 403 ne
1681 370 1816 415 indigne

226 425 398 470 percipiat,
415 424 667 470 quiajudicium
684 423 745 455 sibi
763 422 946 455 manducat.
965 421 1039 454 Non
1063 426 1108 454 est
1129 423 1216 454 enim
1241 423 1299 455 iste
1321 424 1414 468 panis
1427 426 1485 470 qui
1509 427 1598 459 vadit
1619 428 1654 460 in
1670 440 1812 474 corpuS,

225 483 279 515 sed
295 483 387 527 panis
402 482 476 515 vitae
492 486 634 523 aeternae,
651 481 709 525 qui
724 481 841 513 animae
854 483 970 513 nostrae
989 480 1205 512 substantiam
1221 480 1325 514 fulcit.
1350 481 1403 515 Sic
1419 494 1495 526 ergo
1514 485 1602 526 vive,
1620 490 1657 518 ut
1670 487 1816 531 quotidie

224 540 378 573 merearis
393 539 554 583 accipere,
572 549 631 570 nec
647 538 776 570 accedas
800 537 967 580 indignus.
983 537 1144 580 Indignus
1158 542 1225 579 est,
1242 538 1300 582 qui
1324 539 1418 572 aliter
1436 541 1577 574 celebrat
1600 543 1794 587 mysterium
1805 570 1814 586 ,

223 608 322 642 quam
333 596 482 629 Christus
497 595 630 628 tradidit
642 608 650 635 ;
663 595 714 628 vel
730 595 800 639 qui,
813 594 935 627 habens
951 594 1085 626 mortale
1101 599 1278 638 peccatum,
1295 597 1427 629 accedit.
1441 598 1526 640 Ergo
1541 600 1599 632 etsi
1610 600 1676 633 sint
1690 605 1817 645 peccata

223 653 436 699 quotidiana,
454 653 506 685 vel
528 664 594 685 non
623 653 687 685 sint
712 652 900 692 mortifera,
920 656 1095 696 antequam
1121 652 1250 686 accedas
1265 679 1273 694 ,
1298 654 1425 687 dimitte
1449 656 1652 690 debitoribus
1675 658 1753 692 tuis.
1781 658 1818 692 Si

223 711 377 752 dimittis,
393 710 576 742 dimittetur
592 710 671 749 tibi;
687 713 719 742 et
734 709 779 742 sic
794 720 928 743 securus
942 709 1054 742 accede
1069 717 1091 742 ².
1105 710 1202 742 Panis
1216 711 1303 743 enim
1318 712 1470 745 salutaris
1483 718 1541 755 est,
1554 725 1620 747 non
1635 726 1813 750 venenum.

224 767 260 802 Si
276 769 321 801 ita
335 767 458 800 accedis
472 793 480 808 ,
497 767 709 812 spiritualiter
735 767 923 800 manducas.
941 766 1163 811 spiritualiter
1186 768 1275 800 enim
1297 769 1493 812 manducat,
1517 772 1575 816 qui
1595 772 1815 807 innocentiam

219 827 259 859 ad
274 826 375 859 altare
394 828 513 869 portat.
531 838 547 855 »

404 943 607 975 EXPOSITIO
628 943 792 974 TEXTUS.

215 1029 240 1053 Si
252 1030 336 1052 autem
349 1028 469 1058 quoeritur
480 1028 511 1052 de
523 1027 707 1058 accidentibus,
717 1033 774 1058 quae
784 1028 926 1057 remanent,
938 1029 987 1050 etc.

254 1106 357 1146 Supra
381 1107 448 1145 egit
468 1106 618 1145 Magister
641 1106 679 1135 de
703 1105 895 1136 confectione
921 1105 988 1135 sive

213 1160 462 1197 consecratione;
492 1159 522 1188 in
549 1159 608 1189 hac
634 1159 833 1189 distinctione
857 1159 924 1196 agit
950 1159 988 1188 de

212 1212 488 1252 consequentibus.
512 1212 549 1242 Et
565 1212 717 1251 quoniam
732 1211 794 1241 duo
818 1213 891 1241 sunt
913 1220 987 1241 con-

212 1266 387 1305 sequentia,
403 1266 519 1295 scilicet
535 1265 652 1303 fractio,
667 1267 697 1295 ct
712 1265 834 1295 iteratio
850 1264 917 1295 sive
930 1265 989 1294 fre-

213 1319 390 1358 quentatio;
417 1318 486 1349 ideo
513 1318 671 1349 distinctio
698 1318 757 1348 ista
783 1318 934 1348 dividitur
957 1318 988 1348 in

213 1371 291 1402 duas
312 1374 416 1411 partes
433 1383 438 1401 :
456 1372 487 1401 in
510 1371 612 1411 prima
627 1371 693 1409 agit
714 1371 752 1401 de
772 1371 937 1408 t'ract'1mw3
956 1371 987 1401 in

213 1425 359 1463 secunda,
369 1426 406 1456 (le
417 1425 514 1464 hujus
524 1425 710 1455 sacramenti
721 1425 985 1464 frequentatione,

208 1478 249 1507 ibi
268 1489 274 1508 ε
296 1478 366 1509 Post
380 1478 445 1509 laec
460 1479 630 1517 qmert'tm,
645 1479 676 1508 .ςὶ
689 1477 774 1517 quod
789 1478 872 1517 aei-it
886 1485 989 1508 sacer-

209 1529 276 1562 dos.
294 1530 331 1560 Et
347 1530 498 1570 quoniam
514 1531 622 1561 fractio
639 1530 691 1560 illa
708 1540 772 1560 non
787 1533 889 1569 potest.
905 1539 985 1568 esse,

209 1583 269 1613 nisi
284 1583 365 1613 circa
383 1583 457 1613 illud
474 1583 559 1622 quod
573 1585 715 1613 remanet
732 1586 800 1622 post
818 1584 987 1613 transsub-

209 1637 453 1674 stantiationem,
465 1639 492 1666 et
504 1637 571 1666 haec
581 1639 653 1666 sunt
663 1635 850 1673 accidentia3
865 1636 934 1666 ideo
945 1637 984 1675 (α)

210 1690 308 1728 primo
333 1690 447 1729 quaerit
471 1692 579 1719 utrum
604 1689 646 1719 ibi
673 1690 735 1719 sint
759 1689 930 1719 accidentia
956 1689 987 1719 in

210 1742 318 1781 scipsis
353 1742 570 1779 subsistentia3
602 1742 739 1772 secundo
768 1750 844 1772 vero
871 1741 988 1780 quaerit

211 1797 319 1825 utrum
335 1795 377 1825 ibi
393 1795 431 1824 sit.
456 1795 563 1825 fractio
586 1804 678 1832 vera,
704 1795 745 1824 ibi
765 1805 770 1824 z
790 1793 870 1825 Solet
893 1794 988 1825 ctiam

211 1849 315 1888 qnoeri
337 1848 376 1880 dc
401 1849 567 1887 fractione.
593 1848 629 1878 Et
646 1848 699 1878 illa
714 1857 784 1887 pars
806 1848 901 1878 habet
925 1850 988 1877 tres

211 1904 314 1941 partes
339 1912 346 1932 :
373 1902 406 1931 in
432 1902 534 1941 prima
561 1901 748 1931 determinat
777 1901 986 1940 quaestionem

210 1954 384 1984 secundum
407 1954 544 1984 aliorum
568 1955 764 1994 opinione1n3
790 1954 821 1983 in
837 1954 986 1991 secunda,

212 2007 385 2037 secuudum
397 2007 575 2044 veritatem,
587 2009 617 2037 et
625 2008 806 2047 opinionem
813 2007 987 2046 propriam,

211 2059 255 2089 ibi
272 2071 278 2089 :
296 2059 357 2091 Sed
379 2061 458 2099 quia
478 2068 591 2100 corpus
609 2060 729 2092 Christi
748 2060 988 2098 incorruptibile

212 2115 273 2151 est,
290 2112 457 2142 ostendens
478 2113 563 2152 quod
588 2113 696 2143 fractio
718 2113 771 2143 illa
786 2115 833 2143 est
848 2121 937 2149 vera,
959 2114 990 2142 et

213 2168 318 2195 tamen
334 2167 379 2195 est
395 2167 518 2195 tantum
535 2166 616 2196 circa
634 2166 822 2203 accidentia3
845 2165 877 2195 in
897 2165 990 2195 tertia

214 2227 290 2248 vero
298 2218 433 2248 ostendit
443 2218 519 2257 quid
531 2220 634 2257 partes
644 2218 706 2248 illae
717 2218 907 2257 significent,
924 2218 983 2257 ibig:

217 2271 303 2308 Ouid
319 2274 423 2303 autem
435 2274 543 2310 partes
558 2271 630 2302 istoe
651 2271 846 2310 significent.
872 2270 990 2301 Subdi-

215 2324 351 2355 visiones
374 2324 512 2364 partium
534 2324 708 2354 manifestae
729 2326 802 2354 sunt
824 2324 855 2354 in
874 2324 987 2354 littera.

543 2427 610 2448 DUB.
636 2426 657 2446 1.

215 2487 329 2512 Christus
344 2496 371 2512 se
386 2489 496 2512 ostendit
511 2488 610 2512 duobus
625 2488 754 2519 discipulis
769 2488 793 2511 in
810 2489 850 2512 via
865 2489 888 2512 in
904 2490 989 2520 specie

536 2524 672 2555 peregrini.

256 2590 388 2621 Videtur
403 2591 434 2621 in
450 2591 509 2621 hoc
529 2591 730 2631 multiplicari
751 2591 987 2629 inconveniens,

1044 953 1106 975 non
1131 946 1225 983 solvi,
1250 947 1325 987 quia
1348 947 1506 987 Christus,
1532 950 1587 990 qui
1616 952 1661 981 est
1683 950 1818 988 veritas,

1043 998 1165 1029 nullam
1189 999 1353 1030 falsitatem
1379 1001 1496 1032 habere
1521 1003 1624 1042 potuit
1647 1003 1681 1034 in
1695 1003 1816 1035 verbo:

1043 1061 1121 1091 ergo
1145 1052 1214 1092 pari
1240 1053 1360 1083 ratione
1385 1062 1443 1084 nec
1466 1054 1498 1084 in
1524 1055 1603 1086 facto
1621 1065 1723 1096 :ergo
1746 1065 1820 1087 cum

1043 1113 1104 1134 non
1130 1107 1209 1135 esset
1234 1106 1438 1145 peregrinus,
1464 1116 1526 1137 non
1547 1108 1656 1138 debuit
1671 1118 1703 1139 se
1717 1109 1750 1139 in
1766 1108 1820 1140 illa

1043 1158 1146 1197 specie
1176 1158 1349 1189 ostendere.
1382 1159 1536 1190 Praeterea
1564 1169 1678 1201 corpus
1707 1161 1818 1192 Christi

1045 1212 1110 1240 erat
1126 1211 1301 1249 gloriosum
1316 1222 1322 1241 :
1341 1220 1420 1251 ergo
1440 1221 1503 1243 non
1519 1216 1586 1244 erat
1607 1214 1745 1252 visibile,
1762 1223 1819 1246 nec

1046 1264 1141 1294 ullius
1164 1264 1275 1294 coloris
1292 1273 1299 1294 ε
1316 1274 1394 1303 crgo
1420 1266 1545 1296 videtur
1567 1267 1651 1306 quod
1674 1266 1764 1298 aliter
1787 1275 1820 1298 se

1044 1318 1278 1355 monstraverit,
1296 1328 1393 1358 quam
1409 1319 1467 1348 fuit
1481 1330 1486 1348 :
1499 1328 1577 1358 ergo
1594 1319 1720 1350 videtur
1733 1320 1818 1360 quod

1044 1371 1075 1401 in
1092 1380 1185 1410 opere
1200 1371 1400 1402 mendacium
1415 1372 1582 1402 commisit.

1085 1424 1174 1464 Resp.
1205 1424 1376 1455 Dicendum
1399 1425 1483 1464 quod
1510 1425 1659 1456 Dominus
1684 1426 1821 1457 ostendit

1046 1486 1078 1507 se
1097 1477 1130 1507 in
1146 1477 1248 1517 speeie
1264 1478 1440 1517 peregrini,
1465 1487 1530 1508 non
1545 1481 1580 1508 ut
1593 1478 1772 1510 ostenderet
1787 1488 1821 1510 se

1044 1539 1110 1560 esse
1129 1530 1352 1570 peregrinum,
1374 1531 1426 1561 secl
1446 1534 1481 1561 ut
1496 1531 1589 1561 talem
1605 1541 1637 1562 se
1656 1531 1822 1563 exhiberet

1044 1583 1143 1613 oculis
1155 1584 1304 1622 corporis,
1322 1584 1403 1613 sicut
1415 1584 1489 1614 dicit
1501 1583 1701 1623 G1·egorius³,
1717 1585 1821 1625 qualis

1044 1638 1111 1666 erat
1123 1645 1229 1666 coram
1245 1637 1343 1666 oculis
1356 1637 1481 1667 mentiS.
1500 1637 1587 1668 Unde
1600 1638 1752 1668 Dominus
1766 1637 1821 1668 ali-

1044 1689 1170 1728 quando
1190 1689 1325 1719 ostendit
1340 1698 1372 1719 se
1392 1689 1512 1720 dilectis
1529 1690 1594 1720 suis
1609 1691 1668 1720 sub
1686 1690 1820 1721 diversis

1045 1742 1146 1772 modis
1161 1742 1344 1782 apparendi,
1361 1751 1426 1773 non
1442 1745 1477 1772 ut
1494 1742 1562 1773 talis
1577 1752 1645 1774 esse
1661 1743 1818 1782 credatur,

1045 1795 1097 1825 sed
1114 1797 1149 1825 ut
1163 1795 1266 1835 potius
1280 1795 1401 1825 homini
1418 1795 1637 1826 manifestetur
1651 1796 1685 1826 in
1700 1805 1738 1827 ea
1751 1797 1820 1827 t'or-

1046 1857 1114 1886 ma,
1139 1849 1171 1878 in
1187 1858 1250 1888 qua
1264 1850 1366 1888 potest
1387 1849 1562 1888 percipere3
1586 1849 1636 1879 vel
1657 1850 1768 1888 etiam,
1783 1852 1821 1881 ut

1045 1901 1150 1940 potius
1170 1901 1353 1931 occultetur.
1380 1901 1553 1931 Dicendum
1570 1910 1666 1941 ergo,
1688 1902 1773 1942 quod
1786 1903 1819 1934 in

1044 1954 1103 1985 ista
1128 1954 1307 1984 ostensione
1330 1954 1418 1984 nulla
1443 1954 1501 1985 suit
1525 1955 1675 1994 deceptio.
1704 1955 1820 1987 Sensus

1045 2008 1130 2038 enim
1145 2008 1281 2038 exterior
1296 2009 1430 2039 formam
1445 2008 1571 2039 videbat
1591 2017 1716 2047 veram,
1736 2009 1818 2040 inte-

1045 2061 1110 2091 rior
1124 2070 1187 2091 non
1203 2061 1427 2101 decipiebatur,
1443 2061 1496 2091 sed
1509 2061 1725 2100 claudebatur,
1739 2062 1820 2093 sicut

1046 2115 1161 2145 dicitur
1178 2115 1210 2144 in
1228 2114 1332 2145 littera
1343 2117 1352 2133 ⁶
1370 2126 1376 2145 :
1400 2114 1486 2146 Oculi
1501 2122 1606 2146 eorum
1621 2115 1818 2154 tenebantur,

1045 2175 1083 2198 ne
1099 2175 1169 2198 eum
1183 2172 1384 2207 aqnoscerent
1397 2178 1406 2196 :
1419 2169 1447 2197 et
1462 2167 1530 2198 ideo
1544 2168 1603 2198 ista
1616 2177 1681 2198 non
1695 2168 1755 2198 fuit
1769 2168 1820 2198 de-

1047 2220 1158 2260 ceptio,
1175 2220 1229 2250 sed
1245 2220 1386 2250 veritatis
1400 2220 1582 2257 occultati0;
1607 2222 1638 2250 et
1652 2220 1818 2250 veritatem

1046 2274 1203 2304 occultare
1221 2283 1284 2303 non
1306 2275 1351 2303 est
1367 2273 1492 2303 mentiri
1509 2284 1515 2303 t
1534 2272 1618 2304 unde
1637 2281 1701 2303 non
1716 2274 1762 2303 cst
1775 2272 1816 2302 si-

1047 2327 1120 2358 mile
1140 2328 1171 2356 in
1194 2327 1367 2366 proposito,
1393 2326 1467 2366 quia
1489 2335 1561 2356 cum
1582 2327 1684 2356 tactus
1706 2333 1816 2365 appre-

1045 2380 1153 2411 hendit
1179 2380 1393 2419 partitionem,
1420 2382 1451 2410 et
1473 2387 1644 2410 numerum
1666 2377 1815 2418 partium,

1046 2433 1127 2463 sicut
1140 2435 1300 2463 sensatum
1316 2441 1484 2463 commune
1495 2435 1524 2463 et
1537 2441 1592 2472 per
1601 2441 1644 2470 se,
1660 2433 1692 2462 et
1706 2438 1818 2460 sensus

1079 2492 1083 2504 ¹
1098 2491 1219 2521 nabetur,
1231 2490 1260 2514 de
1275 2491 1398 2520 Consecr„
1413 2490 1471 2514 dist.
1488 2495 1515 2518 ιι,
1529 2496 1551 2514 c.
1567 2489 1621 2513 Non
1636 2489 1692 2511 iste.
1702 2487 1753 2504 —2
1766 2485 1816 2510 Ha·

1046 2526 1129 2555 betur,
1146 2526 1175 2549 dv
1192 2526 1315 2554 Consecr.,
1333 2526 1391 2550 dist.
1409 2531 1436 2555 11,
1455 2533 1476 2550 c.
1500 2524 1590 2549 Semel.
1608 2536 1639 2542 -
1657 2523 1666 2537 ³
1685 2523 1770 2553 Greg.‚
1790 2522 1816 2545 in

1048 2562 1152 2592 Evanq„
1167 2562 1237 2585 hom.
1253 2561 1469 2591 xx111.—-⁸Luc.,
1486 2566 1556 2590 xxiv,
1573 2561 1608 2584 16.

1079 2602 1112 2631 (α)
1131 2601 1191 2625 Coet.
1207 2600 1267 2624 edit.
1282 2600 1400 2631 ideoque.

2004 2625 2017 2813 μ’
