2017 2948
206 174 264 202 284

207 241 313 269 menta
332 239 448 269 veteris
466 238 550 278 legis
567 240 599 269 et
619 239 696 270 fides
710 240 808 269 totam
822 237 975 269 virtutem

202 291 398 331 justificandi
414 291 574 322 habebant
587 300 627 322 ex
642 293 743 322 morte
756 290 881 321 Christi.
899 289 977 320 Item

206 344 332 375 videtur
342 344 426 385 quod
437 344 542 383 magis
555 353 595 374 ex
604 343 835 374 resurrectione
848 343 974 381 Christi,

207 398 282 437 quia
296 397 410 428 dicitur
423 398 431 414 ¹
448 409 454 428 :
479 398 665 430 Restm-rexit
673 400 808 437 propter
816 396 976 435 justifica-

208 452 325 482 te'onem
344 454 499 481 nostram.

247 504 339 544 Resp.
364 503 535 534 Dicendum
557 503 641 543 quod
664 504 860 533 sacramenta
883 511 978 534 novae

208 558 289 597 logis
305 567 459 598 magnam
477 557 596 588 habent
615 557 768 589 virtutem
782 581 790 595 ‚
813 556 888 596 quia
907 565 978 587 eam

208 611 325 641 habent
345 621 364 641 a
382 610 525 650 passione
537 634 545 648 ‚
568 619 632 640 non
654 611 778 640 tantum
802 609 976 649 promissa,

209 664 263 695 sed
280 664 376 694 etiam
393 663 574 703 persoluta;
597 665 628 694 et
647 662 807 703 persoluta
830 662 980 702 astringit

208 717 350 747 divinam
368 716 616 747 misericordiam
628 740 636 754 ‚
657 718 693 746 ut
711 715 874 746 liberalius
895 724 977 755 prae-

209 771 303 801 beat:
336 772 367 800 et
397 769 457 800 hoc
479 778 544 800 non
568 769 627 799 fuit
652 769 713 799 nisi
738 771 809 808 post
831 771 977 799 mortem.

210 823 297 859 Quod
313 822 464 863 objicitur
484 822 523 853 de
543 822 773 853 resurrectione
785 846 794 860 ,
811 821 979 853 dicendum

209 876 293 916 quod
304 875 454 907 meritum
469 875 683 915 principaliter
698 875 757 906 suit
771 875 803 905 in
818 875 978 915 passione3

209 930 263 960 sed
279 929 468 968 significatio
488 930 605 959 nostrae
621 928 855 968 ,iustificationis
874 938 892 959 a
907 937 977 968 pec-

210 985 278 1014 cato
294 982 494 1021 significatur
513 982 546 1012 in
565 983 667 1012 morte
683 983 714 1012 et
727 982 958 1013 resurrectione
971 1006 978 1019 ‚

210 1038 244 1067 ut
259 1036 440 1067 destruatur
453 1035 550 1066 homo
565 1037 657 1066 vetus
667 1058 677 1072 ,
692 1036 722 1066 et
736 1035 791 1066 fiat
805 1044 918 1066 novus.

528 1130 596 1151 DUB.
613 1130 658 1151 111.

210 1188 368 1218 Baptismum
383 1187 475 1212 Christi
489 1187 602 1211 Joannes
619 1193 665 1211 suo
682 1186 809 1217 baptismo
823 1187 982 1218 prwnuncia-

239 1223 286 1253 vit,
300 1223 343 1254 qui
355 1223 451 1254 primus
464 1223 604 1253 baptizasse
619 1222 710 1253 legitur
722 1230 727 1246 x
744 1223 789 1246 sed
803 1222 829 1246 in
843 1229 917 1254 aqua,
930 1229 982 1246 non

241 1259 265 1282 in
275 1259 373 1289 spiritu,
386 1258 515 1289 sicutipse
526 1258 559 1282 ait
573 1265 578 1281 z
593 1259 645 1289 Ego
657 1258 756 1288 baptizo
771 1264 818 1282 vos
832 1258 858 1282 in
872 1265 947 1289 aqua,
957 1258 981 1281 i=l

240 1295 289 1324 est,
306 1294 331 1318 in
347 1294 529 1325 poenitentiam.

251 1356 411 1393 Quaeritur
421 1366 493 1397 quae
507 1357 675 1387 necessitas
690 1357 785 1387 suerit
796 1357 982 1396 huiusmodi

209 1410 500 1450 praenunciationis.
525 1409 558 1441 Si
581 1410 665 1441 dicas
684 1419 692 1440 :
713 1421 728 1439 ι(
745 1409 783 1440 Ut
807 1410 982 1441 assueface-

210 1465 281 1500 ret;
311 1475 324 1491 »
353 1472 463 1503 quaero
487 1463 641 1501 similiter,
668 1472 767 1503 quare
791 1463 854 1494 alia
877 1472 981 1494 sacra-

211 1518 318 1546 menta
335 1525 399 1547 non
418 1516 601 1546 habuerunt
619 1516 851 1547 assuesaetoria.
877 1516 910 1547 Si
935 1516 981 1547 di-

212 1578 263 1599 cas
277 1569 361 1609 quod
376 1570 552 1609 baptismus
566 1569 723 1600 difficilior
737 1571 784 1600 est
799 1569 838 1600 ad
852 1569 981 1599 creden-

212 1623 304 1661 dum;
317 1622 446 1653 hocnon
452 1623 557 1661 solvit,
567 1623 642 1662 quia
650 1622 847 1653 Eucharistia
855 1631 984 1661 magnae

212 1676 404 1706 difficultatis
419 1678 465 1707 est
480 1678 511 1707 et
525 1685 653 1715 magnae
669 1676 827 1707 efficaciae.

253 1729 388 1769 Respon.
414 1729 586 1760 Dicendum
606 1729 690 1769 quod
710 1729 886 1769 baptismus
906 1738 982 1759 con-

213 1791 295 1822 grue
314 1782 428 1813 habuit
448 1782 701 1822 praeambulum;
727 1785 758 1813 et
780 1783 862 1813 ratio
885 1783 984 1822 hujus

212 1837 278 1874 est,
298 1836 374 1875 quia
396 1839 443 1866 est
463 1838 697 1866 sacramentum
717 1836 858 1875 primum
879 1837 909 1865 et
927 1845 982 1866 ne-

211 1889 394 1919 cessarium.
414 1889 493 1926 Quia
508 1889 594 1919 enim
610 1889 824 1920 necessarium
837 1913 845 1927 ‚
863 1892 984 1929 oporte-

211 1942 264 1972 bat
279 1951 389 1972 omnes
403 1942 561 1982 suscipere
575 1952 583 1981 3
600 1943 675 1982 quia
690 1942 831 1982 primum
844 1966 852 1979 ,
869 1951 909 1972 ne
925 1942 982 1973 ho-

213 1995 314 2025 mines
329 1995 485 2026 inhabiles
506 1996 612 2026 essent
627 1996 658 2026 et
672 1996 840 2035 imparati,
857 1999 984 2035 oporte-

213 2047 266 2077 bat
280 2047 365 2087 quod
380 2048 569 2087 praecederet
584 2048 703 2087 aliquid
719 2048 833 2079 simile.
857 2048 926 2080 Non
941 2050 984 2079 sic

213 2102 320 2131 autem
341 2102 386 2131 est
405 2100 437 2130 in
458 2101 527 2131 aliis
553 2101 779 2131 sacramentis:
804 2101 984 2141 Baptismus

213 2153 298 2184 enim
318 2155 482 2193 susceptus
501 2153 636 2192 disponit
655 2154 695 2184 ad
716 2156 830 2185 caetera
845 2155 906 2186 alia
923 2166 930 2185 z
954 2158 983 2186 et

213 2206 284 2237 ideo
308 2206 369 2237 alia
392 2216 456 2237 non
480 2207 628 2246 indigent
650 2208 892 2247 assuefactorio‚
918 2209 983 2239 imo

214 2259 473 2290 assuefactorium
491 2260 642 2300 Baptismi
657 2270 714 2300 per
735 2269 930 2301 consequens
944 2263 982 2292 ad

213 2312 274 2343 alia
288 2313 462 2344 assuefacit.

532 2377 600 2398 DUB.
624 2377 668 2398 ιν.

245 2431 359 2455 Hominis
373 2432 454 2456 dietus
468 2432 513 2462 est,
527 2432 586 2463 quia
598 2432 660 2456 nihil
674 2432 709 2456 ibi
723 2434 869 2465 gerebatur,
884 2436 953 2465 quod

474 2474 525 2492 non
539 2470 625 2499 ageret
639 2468 724 2493 homo.

255 2527 389 2560 Contra:
415 2529 545 2561 Videtur
558 2530 644 2570 quod
657 2530 737 2562 ratio
751 2531 804 2562 illa
818 2532 904 2562 nulla
920 2532 980 2571 sit,

248 2608 253 2621 ¹
268 2608 347 2638 Rom,
367 2615 401 2639 lv,
422 2611 459 2634 25.
476 2624 507 2628 —
523 2611 532 2625 ²
548 2612 621 2642 Aug„
636 2611 665 2634 cle
681 2612 812 2642 Maqzstro,
826 2619 872 2643 per
888 2615 983 2643 totum;

215 2643 241 2666 in
254 2643 334 2673 Epist.
346 2645 428 2673 Joan„
440 2648 512 2671 tract.
527 2647 569 2675 ΙΙΙ,
583 2653 608 2671 n.
623 2648 665 2677 ¹33
679 2648 704 2671 in
716 2647 784 2671 Psal.
797 2653 858 2678 Lxx,
869 2654 943 2673 conc.
957 2653 985 2676 ιι,

764 169 1073 201 SENTENTIARUM
1094 169 1166 200 LIB.
1191 170 1240 201 lv.

1032 237 1108 277 quia
1119 236 1236 268 dicitur
1250 236 1462 277 Evangelium
1477 237 1617 268 hominis
1627 261 1636 275 ‚
1657 239 1694 268 ut
1705 237 1801 269 Joan-

1032 290 1081 320 nis
1104 292 1136 321 et
1157 290 1297 321 Matthaei
1318 292 1370 328 (a),
1396 292 1427 320 et
1447 292 1553 321 tamen
1572 289 1605 320 in
1627 289 1802 329 Evangelio

1032 343 1150 384 aliquid
1164 344 1272 383 agitur
1285 343 1369 383 quod
1385 352 1449 374 uon
1456 343 1530 382 agit
1542 343 1650 374 homo.
1669 342 1704 374 Si
1718 343 1803 374 dicas

1032 396 1117 437 quod
1132 396 1344 435 Evangelium
1358 396 1474 427 dicitur
1489 396 1643 427 nuncium
1657 420 1665 434 ‚
1684 397 1715 427 et
1729 396 1804 426 dicit

1033 449 1110 490 quid
1123 450 1263 480 exterius
1275 473 1283 486 ‚
1304 452 1335 480 et
1349 450 1409 480 hoc
1425 451 1470 479 est
1486 449 1586 490 ipsius
1600 449 1781 480 nunciantis
1793 473 1801 488 ,

1032 512 1097 534 non
1124 504 1249 533 tantum
1274 502 1470 540 mandantis;
1496 502 1646 541 objicitur
1670 502 1708 533 de
1730 502 1802 534 doc-

1033 556 1135 594 trina,
1153 564 1226 596 quae
1241 555 1356 586 dicitur
1378 565 1446 586 esse
1460 556 1599 586 docentis
1609 567 1618 593 ;
1635 558 1666 586 et
1684 557 1802 592 tamen,

1033 611 1069 640 ut
1083 609 1156 640 dicit
1180 608 1415 648 Augustinus¹,
1440 608 1526 640 solus
1548 608 1630 639 Deus
1648 608 1738 640 docet
1751 608 1805 639 in-

1033 664 1096 693 tus.

1074 715 1209 756 Respon.
1234 715 1406 746 Dicendum
1427 715 1511 756 quod
1527 715 1670 746 doctrina
1691 714 1805 746 dicitur

1034 768 1138 807 Petri,
1158 777 1223 799 non
1238 768 1314 808 quia
1329 767 1439 799 Petrus
1454 769 1555 799 totum
1569 770 1647 808 agat
1662 767 1805 799 effective

1034 822 1121 862 quod
1135 822 1178 852 ibi
1194 822 1230 852 fit
1241 845 1249 860 ,
1266 821 1320 852 sed
1334 821 1409 862 quia
1424 821 1502 851 nihil
1517 820 1561 851 ibi
1575 821 1611 851 fit
1622 845 1632 859 ,
1648 820 1733 861 quod
1749 819 1805 852 Pe-

1035 879 1103 906 trus
1118 884 1182 905 non
1205 875 1298 905 saciat
1319 886 1325 905 :
1343 874 1393 905 vel
1415 874 1578 912 effective,
1601 874 1646 904 sic
1668 874 1805 905 verbum

1035 929 1194 966 exteriu53
1227 927 1278 959 vel
1300 927 1504 968 dispositive,
1531 927 1575 958 sic
1598 929 1645 958 est
1669 927 1804 958 eruditio

1035 982 1166 1012 interior
1182 993 1188 1012 :
1206 981 1318 1012 melius
1331 981 1418 1011 enim
1433 980 1522 1012 docet
1535 981 1638 1012 bonus
1652 980 1784 1011 clericus
1793 1003 1803 1018 ,

1035 1044 1133 1075 quam
1149 1034 1263 1066 maluS.

1352 1092 1420 1114 nun.
1442 1092 1475 1115 v.

1083 1151 1225 1183 Baptismus
1249 1152 1334 1175 autem
1355 1150 1461 1175 Joanuis
1484 1150 1510 1174 in
1532 1149 1636 1174 nomine
1660 1150 1760 1174 venturi

1344 1186 1499 1210 tradebatur.

1077 1250 1212 1280 Contra:
1235 1248 1366 1280 Videtur
1386 1249 1445 1279 hoc
1463 1248 1578 1279 salsum
1590 1270 1599 1285 ‚
1616 1248 1693 1288 quia
1711 1246 1805 1278 Joan-

1038 1311 1093 1333 nes
1106 1302 1222 1333 sciebat
1232 1303 1301 1341 ,iam
1316 1301 1477 1332 Christum
1491 1300 1628 1339 venisse,
1644 1309 1718 1331 cum
1735 1300 1808 1340 bap-

1037 1356 1145 1387 tizavit
1158 1356 1264 1396 ipsum
1279 1366 1286 1386 z
1303 1364 1382 1394 ergo
1396 1354 1509 1385 nonin
1524 1353 1654 1385 nomine
1666 1353 1804 1392 venturi,

1037 1409 1092 1440 sed
1112 1409 1182 1448 ejus
1206 1408 1260 1448 qui
1282 1408 1388 1446 venit,
1414 1407 1519 1447 potius
1542 1406 1732 1446 baptizavit,
1757 1405 1809 1437 vel

1039 1462 1196 1501 baptizare
1213 1461 1333 1492 debuit.

1079 1515 1170 1554 Resp.
1201 1514 1375 1545 Dicendum
1398 1513 1483 1554 quod
1509 1513 1663 1544 Dominus
1686 1513 1811 1544 venisse

1039 1572 1152 1602 dicitur
1174 1572 1330 1610 quantum
1348 1570 1387 1600 ad
1407 1570 1659 1609 assumptionem
1681 1569 1807 1606 carnis3

1038 1627 1156 1662 tamen,
1173 1624 1248 1664 quia
1258 1623 1403 1654 nondum
1415 1626 1481 1653 erat
1495 1622 1724 1660 manifestatus,
1737 1622 1807 1662 bap-

1039 1677 1154 1708 tizabat
1167 1678 1200 1707 in
1216 1677 1345 1708 nomine
1359 1676 1487 1707 venturi
1502 1675 1540 1706 de
1555 1675 1662 1706 futuro
1675 1686 1682 1706 :
1699 1677 1730 1706 et
1740 1675 1810 1706 ideo

1039 1731 1166 1771 quando
1181 1730 1336 1761 Dominus
1351 1738 1384 1759 se
1400 1729 1560 1768 ccepitper
1574 1728 1732 1759 mirabilia
1745 1737 1810 1759 ma—

1039 1785 1204 1821 nifestare,
1234 1783 1412 1823 baptismus
1440 1783 1509 1821 ejus
1538 1781 1646 1811 debuit
1674 1789 1808 1812 cessare.

1041 1838 1127 1869 Unde
1147 1840 1175 1868 et
1192 1837 1327 1868 joannes
1345 1836 1377 1866 in
1393 1843 1515 1865 carcere
1537 1834 1686 1871 existens,
1702 1833 1811 1864 volens

1040 1891 1203 1922 ostendere
1222 1888 1382 1928 discipulis
1401 1887 1467 1918 suis
1487 1895 1583 1917 suum
1598 1886 1811 1917 ministerium

1040 1945 1206 1984 impletum
1219 1952 1286 1974 esse
1300 1966 1309 1980 ,
1326 1944 1357 1972 et
1370 1941 1564 1981 baptismum
1581 1948 1730 1978 cessasse,
1748 1939 1808 1970 mi-

1040 1998 1081 2028 sit
1100 2007 1153 2028 eos
1174 1997 1213 2027 ad
1235 1995 1436 2026 Christum³z
1464 1993 1509 2024 Ta
1530 2000 1562 2024 es
1580 1993 1637 2032 qui
1657 1995 1810 2024 venturus

1041 2059 1072 2082 es
1084 2051 1100 2082 P
1123 2053 1155 2080 ut
1177 2059 1232 2089 per
1247 2049 1346 2079 verba
1364 2046 1488 2077 Domini
1508 2047 1702 2084 cognoscant
1715 2044 1807 2075 disci·

1040 2103 1107 2144 puli
1121 2103 1244 2133 venisse
1259 2101 1349 2131 illum
1362 2123 1371 2137 ,
1397 2099 1431 2129 in
1453 2099 1546 2137 cujus
1560 2098 1690 2128 nomine
1705 2098 1807 2138 bapti-

1039 2158 1165 2187 zaverat
1185 2155 1320 2185 Joanues
1336 2162 1343 2183 :
1365 2154 1396 2182 et
1414 2151 1484 2182 ideo
1501 2159 1574 2181 cum
1587 2151 1656 2190 jam
1673 2150 1810 2190 amplius

1039 2219 1105 2241 non
1131 2209 1242 2240 debeat
1271 2206 1332 2237 dici
1362 2207 1519 2237 venturus
1533 2228 1541 2242 ‚
1574 2207 1809 2236 sacramentum

1040 2265 1108 2304 ejus
1123 2261 1265 2293 cessavit.
1288 2259 1326 2290 Et
1348 2259 1418 2290 haec
1434 2260 1481 2288 est
1501 2257 1581 2288 ratio
1597 2266 1696 2297 quare
1712 2256 1808 2288 Joan-

1039 2325 1095 2347 nes
1119 2315 1225 2353 magis
1249 2311 1420 2352 baptizavit
1444 2311 1477 2341 in
1501 2310 1630 2341 nomine
1659 2310 1808 2349 venturi,

1039 2378 1137 2410 quam
1169 2366 1303 2404 Christi,
1338 2367 1373 2396 ut
1403 2363 1581 2395 ostenderet
1613 2363 1808 2403 baptismum

1040 2431 1135 2454 suum
1147 2421 1186 2452 ad
1200 2423 1327 2460 tempus
1342 2427 1419 2449 esse.
1436 2417 1516 2448 Nam
1527 2416 1668 2448 Christus
1681 2425 1809 2456 semper

1041 2476 1180 2508 Christus
1194 2476 1258 2512 est,
1280 2472 1334 2503 sed
1348 2480 1414 2503 non
1431 2479 1556 2510 semper
1570 2471 1725 2500 venturus
1739 2471 1806 2500 est:

1040 2532 1071 2560 et
1084 2529 1154 2559 ideo
1166 2526 1322 2566 baptisma
1336 2523 1471 2561 Christi,
1498 2522 1582 2563 quod
1597 2521 1708 2553 debuit
1721 2530 1806 2553 sem·

1041 2618 1057 2634 n
1085 2612 1111 2639 2;
1134 2610 1158 2631 ιἰι
1180 2607 1246 2631 μοί.
1266 2611 1356 2632 cxvlu,
1372 2610 1445 2628 conc.
1463 2608 1525 2631 xvh,
1546 2608 1571 2625 u.
1591 2602 1614 2625 3.
1633 2614 1663 2618 -
1681 2602 1689 2615 ³
1709 2601 1808 2632 Manli„

1042 2652 1079 2675 xl,
1091 2646 1114 2668 3.
1130 2657 1153 2661 —
1171 2645 1204 2674 (a)
1224 2642 1282 2666 Cael.
1299 2640 1359 2664 edit.
1375 2640 1487 2663 Joannes
1502 2639 1526 2661 et
1542 2635 1683 2661 Matthaeus.
