2017 2948
605 195 700 226 DIST.
723 195 801 226 XVI.
824 195 938 227 PART.
965 195 1001 225 Il.
1026 193 1115 225 ART.
1140 194 1161 224 1.
1186 193 1321 230 QUAEST
1347 195 1367 224 1.

187 263 241 293 sed
265 263 386 293 ratione
411 263 620 301 eleemosynae
646 262 803 302 implicitae
831 262 868 301 (a)
893 273 900 292 ε
925 264 955 293 01

186 315 239 346 illa
253 318 299 346 est
314 316 513 355 eleemosyna
528 315 696 355 praecipua,
713 315 829 345 scilicet
845 316 953 345 remit-

185 371 249 399 tere
273 371 435 409 peccatum
456 368 600 408 proximo
618 379 624 398 :
645 371 675 398 et
694 368 763 398 ideo
784 369 908 405 dicitur,
929 369 954 397 si

185 422 337 452 veraciter
351 422 484 452 dicitur:
497 423 626 454 Dimitte
642 422 744 459 nobis,
759 423 842 453 sicut
856 424 883 453 ei
897 429 955 453 nos

184 475 387 507 dimittimus.

506 547 572 568 DL'B.
599 547 630 568 V.

230 616 265 639 lta
280 615 402 640 veraciter
415 615 527 639 dicatur:
539 616 609 640 Sicut
623 622 670 639 nos
686 615 841 644 dimittimus,
859 617 906 638 etc.

223 690 405 721 Secundum
429 690 487 720 hoe
508 689 644 727 videtur,
667 689 753 729 quod
774 690 877 720 omnis
899 690 953 729 qui

182 744 276 774 habet
293 752 467 779 rancorem,
484 743 516 772 in
530 743 660 773 dicendo
673 743 766 772 istan]
778 743 953 773 orationem

182 798 285 836 peccet
308 796 482 826 mortaliter
499 805 506 825 :
524 796 599 835 quia
613 796 716 825 omnis
731 796 785 834 qui
806 797 881 834 petit
896 796 952 826 sibi

181 849 312 886 dimitti,
335 849 416 879 sicut
438 848 563 878 dimittit
586 848 655 885 alii;
679 848 705 877 si
727 857 790 878 non
811 849 951 886 (limittit,

181 911 220 932 ex
236 902 296 932 hoc
311 902 387 941 petit
402 902 460 932 sibi
476 904 638 941 peccatum
656 911 721 932 non
741 901 856 931 dimitti
875 913 880 932 ι
899 902 952 932 sed

181 955 374 995 quicumque
390 955 466 994 petit
484 955 541 984 sibi
565 957 728 994 peccatum
744 964 808 985 11011
824 955 949 992 dimitti⁷

180 1010 286 1048 peccat
307 1008 478 1038 mortaliter
497 1018 502 1037 z
520 1016 599 1045 ergo
621 1007 747 1037 videtur
768 1008 851 1047 quod
869 1017 953 1038 sem-

179 1071 235 1101 per
249 1063 356 1101 peccat
375 1061 560 1098 mortaliter,
583 1060 710 1099 quaudo
731 1061 814 1090 hanc
836 1061 949 1091 oratio-

179 1124 251 1145 nem
268 1114 352 1144 dicit.

220 1167 310 1207 Resp.
330 1167 500 1198 Dicendum
517 1167 601 1207 quod
622 1167 729 1197 nullus
749 1167 855 1197 dicens
870 1167 951 1198 hanc

178 1220 369 1257 orationem,
393 1220 527 1250 intendit
546 1220 649 1259 ipsam
663 1220 766 1250 dicere
785 1220 824 1250 ad
839 1223 950 1260 peten-

178 1274 251 1304 dam
271 1274 367 1311 iram,
392 1274 445 1304 sed
468 1274 573 1313 potius
588 1274 625 1303 ad
644 1274 810 1313 petendam
827 1274 949 1304 miseri-

178 1327 326 1358 cordiam.
351 1326 482 1363 Quando
500 1336 577 1365 ergo
600 1327 674 1357 dicit
696 1328 781 1357 illam
797 1328 950 1358 conditio-

178 1390 261 1418 nem,
272 1390 337 1411 non
346 1381 478 1411 intendit
486 1381 551 1411 vini
561 1381 746 1411 conditionis
754 1390 949 1419 aggravare,

178 1435 245 1465 sive
260 1434 298 1463 sit
318 1434 415 1464 homo
436 1433 634 1473 intelligens„
659 1434 724 1464 sive
746 1435 881 1474 simplex
898 1446 903 1464 :
922 1438 952 1465 et

177 1489 247 1519 ideo
268 1497 331 1518 non
353 1490 399 1518 est
422 1487 463 1517 ibi
486 1496 589 1517 novus
609 1490 823 1528 contemptus⁷
846 1498 881 1518 ac
896 1498 952 1528 per

178 1542 237 1572 hoc
252 1550 309 1572 nec
324 1550 444 1571 novum
460 1543 623 1580 peccatum
636 1552 642 1571 t
656 1541 867 1571 nihilominus
880 1551 951 1581 per—

178 1597 284 1625 catum
310 1596 506 1633 aggravatur
531 1594 775 1624 occasionaliter.
805 1594 841 1624 Et
865 1595 890 1623 si
916 1596 951 1624 tu

178 1648 323 1688 objicias,
345 1648 429 1687 quod
447 1650 522 1677 tuuc
541 1647 665 1677 deberet
685 1648 858 1686 abstinere,
883 1648 951 1678 dico

176 1701 261 1740 quod
283 1701 387 1731 adhuc
410 1703 642 1739 aggravaretur
666 1701 788 1739 magis,
811 1701 888 1730 [111111
912 1701 950 1730 ab

177 1753 245 1784 aliis
268 1753 474 1793 petitionibus
498 1753 714 1783 saluberrimis
737 1763 791 1783 cor
817 1753 951 1793 petentis

177 1809 348 1837 arceretur.
373 1806 405 1836 Si
432 1809 465 1836 tu
486 1807 584 1843 dicas,
610 1806 693 1845 quod
718 1806 804 1836 illam
826 1807 952 1837 deberet

178 1859 348 1896 dimittere,
365 1858 468 1888 adbuc
483 1859 617 1897 gravius
631 1861 784 1898 peccaret,
802 1859 879 1889 dum
896 1860 951 1890 Do-

179 1912 256 1942 mini
271 1912 445 1942 orationem
462 1912 594 1943 scienter
610 1912 810 1951 infringerel3
833 1915 862 1943 et
882 1914 951 1943 ideo

179 1974 292 1996 sanum
313 1965 480 1995 consilium
497 1967 544 1995 est
561 1965 702 2003 cuilibet,
726 1966 811 2005 quod
832 1967 863 1996 in
888 1968 949 1997 i'ra-

180 2020 269 2049 terno
290 2018 360 2049 odio
383 2018 562 2048 nullatenus
586 2022 764 2058 perseveret
789 2030 794 2049 :
822 2022 951 2060 apparet

179 2071 264 2102 enim
283 2071 367 2110 quod
387 2071 454 2101 sine
477 2071 640 2111 dispendio
664 2072 805 2103 maximo
827 2072 863 2112 (b)
884 2082 950 2104 esse

180 2133 244 2154 non
260 2126 370 2164 potest.

416 2232 658 2266 ARTICULUS
683 2233 708 2265 Ι.

219 2339 265 2370 Ad
281 2339 522 2378 intelligentiam
542 2339 638 2379 hujus
654 2340 760 2379 partis,
775 2342 949 2372 secundum

179 2392 334 2433 triplicem
349 2392 575 2432 poenitentiam,
591 2402 688 2432 quam
704 2393 873 2433 distinguit
890 2394 949 2425 Ma-

179 2446 277 2485 gister
296 2446 328 2475 in
347 2445 467 2482 littera,
489 2446 547 2476 tria
564 2446 776 2486 principaliter
794 2456 947 2487 quaerun-

179 2502 232 2530 tur
257 2510 263 2529 :
290 2499 394 2539 primo
418 2499 575 2538 quaeritur
601 2499 639 2530 de
667 2500 851 2540 poenitentia
878 2505 949 2533 ante

221 2598 227 2614 ¹
242 2597 281 2628 Cf.
299 2598 369 2621 Alex.
384 2597 479 2625 Mens,
490 2604 515 2627 p.
534 2597 576 2626 lv,
591 2605 617 2629 q.
633 2603 698 2628 xvu,
711 2599 805 2624 memb.
820 2602 843 2630 3,
858 2603 905 2624 art.
922 2603 947 2632 *²5

180 2634 205 2658 S.
221 2633 344 2664 Thomas,
365 2632 391 2656 in
412 2632 499 2663 suppl.
521 2640 546 2663 p.
569 2633 615 2664 111,
633 2640 657 2664 q.
678 2640 711 2664 11,
731 2636 777 2658 art.
808 2637 838 2666 23
861 2637 947 2667 steph.

182 2668 284 2700 Bruler„
299 2669 332 2694 lv
349 2669 426 2698 Seni„
444 2668 502 2693 dist.
520 2674 573 2700 xV1,
586 2676 611 2701 q.
629 2675 673 2700 1x;
691 2671 779 2696 Petrus
793 2671 825 2696 de
836 2672 948 2704 Teu-ant„

1722 197 1779 226 645

1008 261 1217 300 baptismum3
1235 261 1371 291 secundo
1383 261 1420 291 de
1431 261 1615 300 poenitentia
1626 263 1695 300 post
1706 260 1780 300 bap·

1009 315 1157 352 tismum,
1179 323 1251 354 quae
1273 317 1319 345 est
1339 315 1377 344 de
1398 314 1602 352 mortalibus;
1626 314 1717 345 tertio
1741 315 1780 345 de

1009 368 1203 407 poenitentia,
1220 377 1292 407 quae
1307 369 1353 398 est
1362 368 1400 398 de
1414 367 1601 398 venialibus.
1618 367 1703 398 Circa
1716 367 1779 406 pri-

1010 431 1099 451 mum
1109 424 1297 461 quaeruutur
1305 421 1383 451 duo:
1397 420 1498 459 primo
1507 420 1661 459 quaeritur
1669 422 1778 451 utrum

1009 477 1152 514 oporteat
1174 474 1325 513 poenitere
1353 475 1383 503 et
1411 472 1515 503 dolere
1545 481 1602 511 pro
1630 472 1778 511 originali

1008 530 1147 568 peccato;
1166 528 1303 558 secundo
1314 529 1423 557 utrum
1438 526 1636 557 accedentem
1650 525 1688 555 ad
1704 525 1780 564 bap-

1008 581 1138 611 tismum
1155 572 1228 611 cum
1244 580 1372 617 actuali,
1393 588 1518 610 necesse
1533 579 1572 609 sit
1586 581 1659 609 ante
1673 587 1777 609 sacra-

1008 636 1153 664 mentum
1168 633 1361 672 poenitentiae
1375 632 1526 671 accipere.

1265 737 1468 775 QUAESTlO
1501 738 1523 768 1.

1062 821 1107 847 An
1123 823 1243 855 oporteat
1258 821 1386 854 primiceri-e
1397 819 1427 845 (Ie
1441 820 1573 853 011911111Ιί
1584 823 1692 854 peccato
1706 821 1723 847 ¹.

1049 902 1134 938 Qum
1145 912 1208 932 non
1222 902 1260 930 sit
1269 910 1393 931 necesse
1404 901 1556 940 poenitere
1570 901 1607 931 de
1617 902 1776 941 originali,
1792 916 1897 938 fundam,

1010 956 1136 985 videtur
1151 966 1156 984 z
1174 954 1248 993 quia
1266 954 1421 993 potentior
1435 955 1481 983 est
1495 954 1541 983 vis
1557 955 1779 992 regenerativa

1008 1008 1211 1044 sacramenti,
1228 1016 1324 1045 quam
1348 1007 1395 1036 vis
1414 1006 1625 1046 propagativa
1641 1007 1778 1038 hominis

1008 1062 1148 1101 corrupti
1166 1073 1171 1091 :
1189 1062 1241 1091 sed
1259 1071 1314 1101 per
1326 1061 1591 1101 propagationem
1606 1061 1673 1092 sine
1693 1062 1778 1093 dele-

1009 1115 1142 1145 ctatione
1166 1114 1397 1145 transfunditur
1421 1114 1578 1152 originale
1600 1124 1607 1145 ε
1634 1123 1713 1153 ergo
1739 1115 1778 1146 ab

1007 1168 1174 1207 oppositis,
1197 1168 1262 1197 imo
1280 1168 1378 1197 multo
1402 1168 1513 1197 fortius
1530 1176 1586 1207 per
1599 1177 1775 1199 sacramen-

1007 1223 1075 1251 tum
1093 1222 1159 1251 sine
1175 1221 1280 1251 dolore
1297 1221 1428 1251 deletur.

1050 1274 1126 1304 Item
1141 1275 1245 1304 omnis
1260 1274 1444 1314 poenitentia
1455 1275 1597 1313 respectu
1615 1274 1702 1304 voliti
1718 1276 1774 1312 est3

1007 1328 1167 1357 nonenim
1183 1327 1312 1366 poenitet
1326 1327 1422 1357 homo
1442 1326 1479 1356 (lc
1495 1335 1532 1356 eo
1551 1327 1634 1366 quod
1648 1327 1750 1357 noluit
1767 1338 1774 1357 :

1007 1381 1060 1411 sed
1085 1380 1240 1419 originale
1265 1390 1432 1420 nunquam
1455 1380 1514 1410 fuit
1538 1380 1773 1411 voluntarium:

1007 1444 1085 1471 ergo
1101 1435 1138 1464 de
1154 1434 1206 1463 illo
1222 1443 1285 1464 non
1301 1436 1347 1463 est
1362 1434 1538 1464 necessaria
1549 1434 1743 1473 poenitentia.

1048 1488 1124 1518 ltem
1137 1488 1239 1517 omnis
1249 1487 1431 1527 poenitentia
1440 1490 1486 1518 est
1500 1487 1532 1517 in
1543 1490 1615 1518 actu
1630 1488 1754 1518 volente
1767 1500 1774 1519 ε

1008 1542 1059 1572 sed
1076 1541 1232 1580 originale
1252 1543 1297 1571 est
1318 1542 1351 1571 111
1376 1542 1509 1581 parvulo
1523 1565 1530 1579 ,
1550 1544 1580 1572 et
1594 1542 1626 1571 in
1645 1552 1709 1582 quo
1732 1545 1778 1573 est

1007 1595 1153 1633 morbus,
1171 1597 1201 1625 et
1216 1595 1392 1625 remedium
1407 1606 1413 1625 :
1429 1604 1506 1633 ergo
1521 1604 1585 1625 non
1599 1598 1721 1634 oportet
1733 1596 1778 1635 ip-

1008 1658 1079 1678 sum
1097 1648 1262 1687 poenitere,
1276 1657 1349 1678 cum
1370 1657 1432 1678 11011
1447 1649 1544 1687 possit
1559 1650 1630 1678 actu
1645 1648 1735 1679 velle.

1048 1702 1125 1732 Item
1141 1702 1244 1731 omnis
1262 1702 1444 1740 poenitentia
1467 1703 1513 1731 cst
1532 1703 1675 1740 respectu
1690 1704 1778 1732 actus

1008 1755 1141 1794 proprii,
1162 1754 1292 1794 poenitet
1306 1754 1392 1784 enim
1408 1754 1504 1784 honio
1522 1754 1560 1784 de
1575 1762 1611 1784 eo
1627 1754 1711 1793 quod
1731 1754 1776 1785 fe-

1008 1809 1063 1845 cit,
1094 1817 1157 1837 non
1179 1808 1217 1838 de
1240 1807 1341 1837 alieno
1366 1817 1373 1836 :
1399 1808 1451 1837 sed
1476 1807 1631 1846 originale
1653 1809 1699 1838 est
1723 1816 1779 1846 per

1009 1864 1115 1892 actum
1131 1861 1290 1891 alienum:
1309 1869 1397 1899 ergo,
1415 1862 1473 1890 etc.

1052 1915 1127 1945 [tem
1155 1915 1330 1954 baptismus
1355 1914 1518 1944 ordinatur
1544 1916 1653 1944 contra
1678 1914 1776 1953 origi-

1007 1968 1077 1998 nale
1101 1979 1107 1998 :
1143 1968 1195 1998 sed
1221 1977 1283 1998 non
1311 1970 1384 1998 sunt
1411 1967 1474 1998 duo
1504 1967 1642 1997 remedia
1669 1969 1777 1997 contra

1009 2022 1091 2051 idem
1113 2033 1118 2051 :
1140 2030 1219 2060 ergo
1242 2020 1425 2061 poenitentia
1446 2029 1511 2051 non
1533 2022 1579 2050 est
1600 2020 1776 2051 remedium

1007 2077 1116 2105 contra
1129 2074 1295 2113 originale.

1047 2127 1183 2157 Contra:
1205 2130 1232 2157 1.
1261 2127 1299 2157 De
1319 2136 1367 2164 00,
1390 2127 1428 2157 de
1448 2135 1511 2166 quo
1522 2127 1608 2166 juste
1625 2127 1776 2165 arguitur

1007 2181 1102 2211 honio
1125 2181 1163 2211 ab
1185 2180 1262 2217 alio,
1276 2182 1361 2219 Juste
1376 2180 1526 2219 arguitur
1540 2190 1558 2210 a
1573 2181 1674 2220 seipso
1696 2192 1702 2210 :
1721 2180 1775 2211 sed

1007 2234 1207 2273 Augustinus
1228 2238 1237 2253 ²
1255 2234 1328 2264 dicit
1340 2233 1373 2263 in
1387 2234 1468 2264 libro
1484 2234 1521 2265 de
1539 2234 1731 2265 Correctione
1746 2236 1775 2266 et

1009 2289 1131 2326 Gratia,
1148 2288 1232 2328 quod
1249 2289 1392 2327 peccator
1413 2296 1469 2327 pro
1491 2287 1641 2326 originali
1661 2289 1707 2317 est
1721 2296 1773 2318 ar-

1008 2342 1156 2381 guendus
1172 2352 1180 2372 ε
1197 2351 1276 2380 ergo
1293 2343 1436 2381 peccator
1457 2341 1549 2371 dehet
1573 2350 1710 2380 arguere
1725 2350 1774 2371 se-

1006 2397 1109 2436 ipsum
1129 2406 1135 2426 :
1154 2396 1205 2426 sed
1224 2396 1319 2426 homo
1334 2396 1371 2425 de
1391 2395 1483 2435 culpa
1505 2394 1612 2434 arguit
1635 2395 1774 2434 seipsum

1006 2459 1061 2489 per
1075 2449 1292 2489 poenitentiani
1308 2459 1314 2478 t
1332 2458 1425 2487 ergo,
1447 2450 1504 2478 etc.

1045 2505 1075 2534 2.
1106 2503 1198 2541 Item,
1225 2503 1303 2532 sicut
1325 2503 1372 2532 ira
1398 2510 1452 2541 per
1477 2501 1578 2532 zelum
1601 2501 1772 2531 detestatur

1007 2588 1038 2612 lv
1054 2588 1131 2617 Sami.5
1144 2588 1201 2611 dist.
1222 2593 1273 2617 xvi,
1287 2594 1311 2617 q.
1328 2592 1397 2610 xJ.—
1416 2586 1425 2602 ²
1439 2587 1555 2616 August„
1572 2585 1601 2609 ‹lc›
1618 2586 1732 2616 corrept.
1747 2587 1771 2609 et

1007 2624 1089 2652 Grai„
1106 2631 1128 2647 c.
1144 2629 1179 2654 vi,
1195 2630 1220 2646 11.
1234 2624 1256 2645 9.

1039 2674 1070 2704 (ιι)
1085 2672 1146 2698 Coee.
1156 2671 1216 2697 edit.
1232 2671 1358 2703 implicite.
1372 2684 1401 2690 —
1412 2671 1448 2702 (ὁ)
1463 2671 1524 2697 Coec.
1538 2670 1598 2696 edit.
1615 2670 1734 2696 maxime.

1792 2139 1826 2160 Ad
1843 2147 1895 2168 opp.
