2017 2948
225 151 283 179 154

225 215 311 245 Unde
326 217 453 254 propter
466 215 632 245 vitandum
651 215 764 252 otium,
781 214 831 245 vel
847 214 991 253 ineptum

223 267 388 305 solatium,
411 267 485 298 dicit
504 263 726 307 Augustinus,
747 267 831 306 quod
847 274 993 296 exercere

224 323 328 361 magis
344 333 377 354 se
392 324 505 354 debent
529 324 560 354 in
585 324 733 363 operibus
749 323 871 362 pietatis
885 324 915 351 et
930 321 993 351 mi-

223 376 400 406 sericordiae
420 400 426 413 ,
455 385 551 416 quam
586 375 723 413 negotiis
751 374 937 404 inordinatis
963 375 993 402 et

222 429 348 459 lascivis
377 430 539 459 intendere
551 453 558 465 ,
578 431 703 468 propter
722 427 806 467 quod
834 427 867 456 in
881 426 993 456 diebus

222 482 283 512 illis
296 482 405 513 debent
419 483 562 511 eeclesias
573 483 772 521 frequentare
783 505 790 517 .,
808 480 918 510 missas
934 488 992 509 au-

222 535 298 573 dire,
317 536 468 565 beneficia
485 535 536 565 Dei
552 534 687 565 recolere
698 558 707 571 ,
726 534 823 564 verba
838 532 993 572 praedica-

222 588 317 618 tionis
344 589 452 619 audire
463 612 471 626 ,
500 590 529 617 et
553 587 771 626 spiritualibus
797 584 994 616 documentis

221 641 340 680 seipsos
354 642 496 671 imbuere
514 651 520 671 z
538 643 568 670 et
586 641 644 670 boe
671 642 717 670 est
740 639 801 669 Deo
817 639 990 677 subjacere.

222 693 281 724 Per
295 694 363 724 haec
372 696 455 734 patet
470 693 634 733 responsio
650 693 688 723 ad
700 693 833 731 objecta,
845 694 876 722 et
893 692 994 731 potest

221 746 364 785 aliqualis
390 746 601 785 intelligentia
628 746 738 776 haberi
770 746 808 776 de
845 744 994 785 praedieto

221 799 381 830 mandato.
398 799 440 829 De
451 799 622 830 cessatione
634 808 710 830 vero
723 799 855 836 sabbati,
872 801 904 829 et
920 798 994 828 alio-

220 861 294 881 rum
308 853 588 890 eaeremonialium,
606 852 725 892 aliquid
740 852 876 883 habetur
901 852 933 881 in
956 851 992 881 li·

220 905 277 935 bro
291 909 404 945 quarto
419 909 440 935 ¹.

541 977 608 999 noa.
634 977 678 998 iv.

329 1045 432 1068 Honora
445 1046 543 1075 patrem
558 1047 629 1067 tuuin
646 1045 670 1067 et
682 1045 792 1067 matrem
806 1045 883 1067 tumn.

261 1118 324 1148 Hoc
339 1118 480 1157 primum
496 1120 689 1157 praeceptum
705 1116 852 1147 seeuudae
872 1115 988 1146 tabulae

220 1171 263 1201 sie
279 1171 409 1210 exponIt
420 1171 569 1209 Magister
585 1182 591 1200 :
610 1182 623 1199 «
640 1171 765 1201 Patrem
782 1172 873 1200 tuum
886 1172 916 1199 et
930 1178 995 1199 uia-

220 1227 299 1255 trem
315 1227 413 1261 tuam,
430 1226 466 1253 ut
488 1224 530 1253 sis
553 1223 722 1261 longaevus
742 1231 838 1262 super
862 1224 990 1260 terram,

220 1277 335 1307 seilicet
350 1277 544 1313 viventium3
563 1288 577 1304 n
598 1278 628 1305 et
649 1275 816 1314 subjtingit
834 1275 964 1305 niodum
983 1285 988 1304 :

225 1330 397 1361 «Parentes
416 1330 460 1360 sic
475 1332 548 1360 sunt
568 1329 755 1366 honorandi,
772 1331 808 1358 ut
830 1329 874 1358 eis
889 1328 994 1358 debita

220 1385 395 1415 reverentia
410 1384 610 1420 exhibeatur,
628 1385 657 1413 et
678 1382 854 1413 necessaria
879 1381 994 1411 minis—

221 1440 355 1468 trentur.
373 1449 386 1465 »
411 1438 525 1467 Contra
542 1437 601 1467 hoo
617 1436 765 1475 objicitur
787 1435 902 1475 primo,
919 1435 994 1474 quia

220 1492 326 1530 magis
341 1491 457 1521 debent
471 1491 619 1521 solicitari
645 1492 791 1529 parentes
805 1489 887 1519 circa
900 1489 991 1526 filios,

219 1554 316 1584 quam
334 1554 351 1574 e
373 1553 525 1575 converso
542 1555 548 1573 :
568 1552 646 1582 ergo
668 1543 773 1581 magis
794 1542 921 1572 deberet
943 1551 995 1581 pa-

220 1599 321 1628 tribus
333 1598 464 1638 imponi„
476 1598 560 1637 quod
570 1598 642 1627 filiis
653 1597 882 1634 ministrarent,
896 1605 992 1636 quam

219 1650 302 1691 'quod
331 1651 387 1681 filii
422 1651 639 1681 ministrarent
667 1650 862 1690 parentibus.
895 1649 971 1679 ltem
982 1673 991 1686 ,

219 1713 291 1734 cum
313 1713 376 1734 non
397 1706 521 1734 tantum
543 1703 724 1742 obligemur
743 1703 782 1733 ad
807 1703 992 1732 ministran—

219 1757 297 1787 dum
308 1759 337 1787 et
347 1757 612 1787 benefaciendum
624 1756 819 1796 parentibus,
833 1755 887 1785 sed
899 1756 993 1785 etiam

219 1810 288 1840 aliis
300 1811 495 1846 hominibus,
511 1810 638 1841 videtur
654 1809 847 1849 praedictum
860 1809 994 1839 manda-

220 1866 288 1894 tum
304 1863 530 1894 insufficienter
546 1872 613 1893 esse
629 1863 750 1900 datum,
768 1871 841 1893 cum
856 1862 994 1892 mentio-

220 1928 294 1948 nem
313 1919 403 1949 faciat
425 1919 462 1949 de
494 1919 568 1949 solis
590 1919 784 1958 parentibus,
808 1917 896 1954 Item,
922 1927 995 1947 cum

223 1972 409 2010 parentibus
423 1971 597 2001 debeamus
612 1971 768 2001 honorem
786 1973 816 2000 et
831 1971 993 2005 beneficia,

221 2027 349 2063 propter
378 2024 455 2063 quid
480 2024 583 2062 magis
611 2023 794 2062 praeeipitur
822 2032 875 2053 eos
899 2023 995 2053 hono-

222 2088 292 2109 rare
305 2079 342 2117 (a)
353 2079 638 2118 quambenefacere
645 2079 659 2107 ‘?
668 2078 758 2115 Item,
767 2087 840 2108 cum
847 2078 996 2108 omnibus

223 2131 380 2162 mandatis
395 2131 579 2171 respondeat
590 2131 749 2161 beatitudo
762 2133 898 2169 aeterna3
911 2139 996 2170 quae-

222 2185 314 2221 ritur,
324 2193 422 2224 quare
434 2184 508 2214 huie
518 2184 664 2214 mamiato
676 2184 870 2223 promittitur
878 2184 928 2214 lon
934 2193 996 2222 gae-

222 2238 304 2268 vitas
319 2238 405 2275 vitae,
422 2240 451 2268 et
465 2238 571 2276 magis
584 2237 628 2267 illi
644 2238 803 2273 mandato,
819 2246 915 2277 quam
930 2237 993 2267 alii.

265 2291 356 2331 Resp.
391 2291 563 2321 Dicendum
592 2291 674 2330 quod
702 2291 735 2321 iu
760 2291 820 2321 hec
847 2291 996 2321 mandato

225 2344 408 2385 praecipitur
425 2343 579 2374 ordinatio
596 2344 734 2374 hominis
755 2344 792 2374 ad
810 2345 994 2383 proximum

225 2406 320 2427 suum
328 2397 504 2427 seeundum
519 2396 758 2427 beneficentiam
772 2407 778 2426 t
794 2399 823 2426 et
838 2397 991 2436 quoniam

226 2449 379 2480 exhibitio
394 2450 607 2480 beneficentiae
629 2449 799 2479 attenditur
818 2450 994 2480 seeundum

227 2502 371 2533 ordinem
391 2503 566 2540 charitatis,
590 2504 620 2533 et
640 2502 675 2532 in
700 2502 810 2532 ordine
835 2502 996 2533 charitatis

226 2555 346 2596 priores
361 2559 436 2586 sunt
449 2559 610 2596 parentes;
627 2556 701 2587 hinc
716 2560 773 2594 est,
789 2556 875 2596 quod
888 2556 994 2587 Domi-

262 2618 266 2631 “
285 2617 347 2641 Dist.
365 2623 402 2641 111.
416 2631 444 2635 -
463 2619 469 2633 ²
485 2619 492 2642 l
511 2619 582 2650 Tim,
599 2624 632 2648 lv,
651 2619 754 2647 8.—(u)
767 2617 950 2642 ,1[.1]οιιοπ1ιι·1,

782 144 1092 177 SENTENTIARUM
1115 144 1188 175 LlB.
1213 144 1265 175 Ill.

1050 221 1110 242 nus
1140 211 1236 242 simul
1260 212 1370 243 volens
1394 213 1556 243 insinuare
1574 213 1814 252 obligationem,

1051 264 1155 304 potius
1166 265 1319 304 expressit
1331 265 1369 295 (le
1380 265 1577 305 parentibuS‚
1591 274 1688 305 quam
1698 265 1736 296 de
1748 266 1817 296 aliis

1050 317 1213 356 proximis,
1226 317 1354 348 nomine
1365 321 1535 357 parentum
1547 318 1642 349 etiam
1654 318 1732 349 alios
1746 328 1816 358 pro-

1049 370 1153 400 ximos
1169 370 1278 400 volens
1293 370 1482 409 intelligere.
1495 371 1565 402 Alia
1579 374 1625 402 est
1636 372 1729 410 ratio,
1742 372 1818 412 quia

1049 432 1122 453 cum
1138 423 1208 453 aliis
1221 424 1364 463 personis
1378 424 1551 455 debeamus
1566 425 1817 462 beneficentiam,

1049 477 1233 516 parentibus
1248 476 1362 507 nostris
1377 486 1442 508 non
1457 479 1581 508 tantum
1601 477 1753 508 dehemus
1766 478 1819 508 be·

1049 529 1259 567 nefieentiam,
1275 529 1328 560 sed
1343 530 1439 560 etiam
1454 530 1584 561 honoris
1595 530 1816 561 reverentiam.

1050 581 1171 620 lde0‚ut
1195 581 1292 612 simul
1315 584 1449 622 utraque
1468 577 1501 613 in
1522 592 1624 614 unum
1647 583 1817 620 clauderet,

1049 635 1161 666 maluit
1180 635 1342 673 legislator
1365 638 1527 675 parentes,
1546 645 1643 676 quam
1663 635 1741 667 alios
1764 635 1820 666 ho-

1050 689 1151 719 mines
1179 688 1369 728 exprimere.
1399 688 1502 720 Tertia
1534 689 1629 720 etiam
1654 689 1734 720 ratio
1761 692 1818 726 est,

1049 743 1125 783 quia
1149 746 1294 783 parentes
1313 746 1382 784 post
1411 744 1652 782 generationem
1679 744 1820 775 filiorum

1050 798 1232 837 frequenter
1247 798 1437 837 perveniunt
1452 798 1491 828 ad
1506 799 1631 829 senium
1646 800 1677 829 et
1691 798 1730 830 ad
1740 800 1820 829 aeta-

1049 853 1113 881 tem
1133 851 1344 891 deerepitam;
1371 854 1401 881 et
1423 852 1562 882 maxime
1583 861 1640 892 pro
1661 852 1715 883 illo
1739 855 1821 882 tem-

1050 912 1125 942 pore
1140 904 1203 935 indi
1209 907 1287 943 gent
1302 904 1402 935 foveri
1417 906 1448 935 et
1462 905 1646 942 sustentari,
1663 914 1737 935 cum
1751 904 1821 936 aliis

1049 956 1111 986 sint
1126 966 1240 995 graves
1254 958 1284 987 et
1299 957 1423 987 onerosi
1440 967 1447 987 ε
1464 957 1533 988 ideo
1547 959 1675 997 propter
1693 966 1820 988 servan-

1049 1010 1125 1040 dum
1142 1010 1303 1040 eharitatis
1319 1010 1475 1047 ordinem,
1491 1012 1521 1041 et
1535 1011 1759 1042 insinuandam
1770 1012 1820 1051 Ju-

1049 1063 1092 1092 ris
1109 1063 1348 1102 obligationem,
1365 1066 1395 1093 et
1416 1066 1543 1103 propter
1562 1064 1753 1095 necessitatis
1769 1064 1818 1095 in·

1049 1116 1198 1156 ‹ligentiae
1236 1117 1461 1147 relevationem
1479 1141 1488 1155 ,
1529 1118 1641 1148 maluit
1675 1120 1820 1158 parentes

1049 1171 1239 1210 exprimere,
1259 1180 1354 1210 quam
1371 1171 1446 1201 alios
1460 1171 1615 1202 homines.
1640 1171 1676 1202 Et
1690 1181 1746 1212 per
1759 1172 1820 1202 hoc

1050 1227 1133 1264 patet
1153 1225 1315 1264 responsio
1335 1225 1374 1255 ad
1401 1225 1488 1262 illud,
1505 1225 1588 1264 quod
1611 1225 1760 1264 objicitur
1782 1225 1820 1256 de

1050 1278 1132 1308 filiis.
1143 1278 1224 1308 Illud
1235 1278 1320 1308 enim
1332 1287 1397 1307 non
1410 1278 1547 1316 oportuit
1560 1286 1709 1317 expresse
1723 1277 1821 1317 expli-

1049 1331 1123 1369 cari,
1147 1331 1221 1370 quia
1237 1339 1347 1361 omnes
1367 1331 1406 1361 ad
1427 1331 1486 1361 hoc
1508 1339 1563 1370 per
1578 1332 1724 1361 naturam
1745 1332 1822 1361 sunt

1049 1385 1123 1414 satis
1146 1384 1247 1424 proni.
1272 1384 1310 1415 Et
1331 1384 1476 1415 similiter
1498 1385 1583 1423 patet
1604 1383 1767 1423 responsio
1781 1383 1821 1415 ad

1049 1440 1126 1470 illud
1147 1440 1185 1470 de
1200 1440 1269 1470 aliis
1291 1440 1459 1480 proximis,
1478 1442 1508 1470 et
1529 1439 1567 1469 ad
1580 1438 1657 1470 illud
1678 1439 1822 1470 similiter

1049 1494 1134 1533 quod
1152 1494 1302 1532 objicitur
1315 1494 1352 1524 de
1367 1493 1464 1526 verbo
1474 1492 1662 1523 honorandi.
1679 1492 1727 1523 Ad
1743 1492 1823 1523 illud

1049 1546 1133 1586 quod
1149 1547 1306 1586 quaeritur
1320 1555 1418 1586 quare
1437 1546 1512 1576 huic
1533 1545 1680 1576 mandato
1702 1545 1823 1585 specia-

1050 1599 1120 1630 liter
1136 1600 1332 1639 promittitur
1346 1599 1537 1637 longaevitas
1549 1598 1638 1635 vitae,
1653 1597 1822 1628 dicendum

1049 1653 1134 1692 quod
1142 1653 1174 1682 iu
1184 1653 1242 1683 isto
1251 1652 1400 1683 mandato
1408 1652 1590 1691 praecipitur
1597 1659 1678 1691 opus
1684 1650 1820 1690 pietatis,

1049 1706 1089 1736 do
1105 1715 1169 1745 qua
1181 1704 1442 1745 dicitApostolus,
1460 1704 1535 1744 quia
1551 1708 1562 1723 ‘2
1576 1704 1822 1743 promissionem

1050 1762 1096 1790 est
1111 1760 1227 1791 habens
1254 1760 1330 1791 vitoe
1353 1767 1423 1798 ‹111oe
1442 1766 1528 1788 mmc
1552 1760 1615 1795 est,
1640 1761 1669 1789 ec
1691 1758 1819 1795 tucurae.

1051 1813 1139 1844 Unde
1154 1814 1270 1853 populo
1286 1813 1404 1844 carnali
1416 1812 1660 1852 promittebatur
1667 1811 1733 1842 vita
1743 1819 1823 1850 prae-

1051 1876 1139 1904 sens;
1170 1867 1328 1906 spirituali
1353 1875 1419 1896 non
1438 1867 1562 1896 tantum
1581 1873 1722 1904 praesens
1733 1887 1743 1902 ,
1769 1863 1823 1895 sed

1050 1921 1145 1951 etiam
1160 1921 1278 1951 futura.
1297 1920 1334 1950 Et
1350 1920 1376 1949 si
1389 1928 1517 1959 quaeras
1533 1927 1632 1958 quare
1643 1917 1747 1957 magis
1761 1917 1823 1957 pie-

1051 1974 1106 2004 tati
1122 1973 1327 2013 promittitur,
1345 1981 1443 2012 quam
1462 1971 1525 2009 alii,
1550 1971 1719 2002 dicendum
1737 1970 1823 2010 quod

1051 2026 1111 2057 hoe
1123 2029 1170 2056 est
1181 2028 1308 2066 propter
1321 2024 1629 2056 commendationem
1646 2024 1746 2063 ipsius
1759 2023 1820 2054 mi-

1052 2078 1240 2115 sericordiae‚
1255 2078 1289 2108 in
1313 2079 1406 2116 quus
1431 2079 1505 2107 actu
1524 2076 1663 2106 maxime
1683 2078 1823 2106 meretur

1051 2132 1147 2162 1101110
1162 2131 1214 2162 Dei
1231 2130 1479 2161 misericordiam
1495 2132 1525 2160 et
1537 2129 1686 2168 gratiam.
1702 2129 1741 2160 Et
1752 2138 1822 2160 ma-

1053 2186 1104 2225 gis
1132 2185 1326 2225 promittitur
1351 2184 1417 2215 vita
1444 2192 1541 2223 quam
1573 2183 1658 2214 aliud
1689 2183 1821 2221 donum,

1052 2241 1179 2279 propter
1189 2239 1249 2269 hoc
1261 2238 1345 2278 quod
1356 2237 1408 2267 illa
1421 2239 1478 2274 est,
1491 2245 1563 2276 quae
1578 2237 1719 2268 maxime
1733 2245 1821 2267 ama-

1054 2299 1119 2329 tnr;
1143 2294 1174 2322 et
1201 2294 1236 2321 ut
1264 2291 1361 2321 homo
1390 2292 1558 2330 expectans
1583 2290 1822 2330 longaevitatem

1052 2346 1136 2382 vitae,
1162 2353 1225 2375 non
1249 2344 1418 2374 abhorreat
1436 2343 1570 2382 longam
1592 2344 1692 2374 vitam
1711 2352 1822 2383 paren-

1053 2400 1132 2428 tum.
1148 2397 1217 2428 Alia
1227 2397 1322 2427 etiam
1333 2397 1412 2427 ratio
1423 2399 1523 2436 potest
1532 2396 1619 2427 reddi
1630 2396 1668 2426 de
1680 2395 1739 2426 ista
1751 2403 1823 2435 pro-

1053 2451 1203 2481 missione
1220 2461 1226 2480 :
1244 2450 1320 2490 quia
1333 2450 1435 2480 Judaei
1459 2450 1598 2480 maxime
1619 2448 1712 2488 proni
1733 2450 1823 2478 erant

1054 2504 1093 2535 ad
1108 2503 1315 2533 idololatriam
1330 2505 1360 2533 et
1383 2503 1565 2540 avaritiam,
1581 2510 1655 2541 quae
1672 2503 1718 2532 est
1732 2509 1821 2540 quae-

1054 2556 1127 2587 dam
1142 2555 1338 2594 idololatria3
1355 2555 1424 2586 ideo
1440 2555 1484 2585 illi
1498 2556 1656 2595 praecepto
1675 2554 1761 2593 quod
1776 2556 1823 2584 est

1055 2609 1094 2641 de
1115 2608 1301 2648 idololatria,
1317 2608 1526 2648 subjungitur
1549 2607 1772 2646 comminatio;
1791 2609 1822 2640 et

1602 2750 1615 2757 r
