2017 2948
236 197 274 225 '16

235 264 396 301 quatuor:
423 259 498 299 quia
520 258 602 288 dona
623 259 696 288 sunt
719 257 828 286 contra
851 254 1007 294 sequelas,

236 314 286 344 vel
303 313 527 354 symptomata,
543 320 614 351 quae
629 319 668 340 ex
684 311 810 349 peccato
826 308 1010 347 relinquun-

238 373 306 397 tur:
325 366 378 397 sed
395 367 452 396 ista
473 368 545 395 sunt
559 366 695 404 quatuor
712 364 847 399 tantum,
866 361 1011 391 videlicet

237 420 418 459 ignorantia
433 421 463 449 et
476 418 657 454 infirmium,
674 416 795 447 malitia
809 418 840 445 et
861 413 1010 453 concupi-

238 473 367 510 scentia,
384 473 465 502 sicut
481 471 554 501 dicit
571 470 670 500 Beda:
686 478 776 507 ergo,
792 470 849 498 etc.

279 530 307 557 3.
322 526 400 556 Item
409 525 535 555 videtur
547 523 630 562 quod
644 523 792 553 deberent
808 530 876 551 esse
890 522 1014 550 tantum

239 581 320 617 duo,
341 580 416 619 quia
433 581 510 617 quot
532 577 634 607 modis
653 578 699 607 est
719 575 855 615 reperire
880 574 1013 610 honum,

240 636 285 663 tot
305 632 405 662 modis
424 633 470 661 est
492 630 629 670 reperire
653 629 772 659 malum
794 638 800 658 2
821 627 873 657 sed
891 628 1016 656 tantum

240 696 342 717 unum
366 688 412 716 est
432 685 552 715 donum
572 683 655 723 quod
671 682 797 721 expedit
813 682 921 711 contra
947 688 1017 708 ma-

241 741 319 778 lum,
337 739 481 770 videlicet
496 738 615 767 donum
631 735 753 766 timoris
770 746 776 764 2
794 743 874 771 ergo
890 733 1018 763 videtur

241 793 324 832 qnod
340 800 442 822 unum
458 789 561 820 solum
576 789 703 819 deberet
724 797 790 817 esse
804 811 812 824 ,
829 785 913 825 quod
930 784 1019 815 habi-

242 846 344 875 litaret
360 844 399 874 ad
414 845 534 874 bonum
551 853 556 871 :
578 844 608 872 et
628 842 671 871 sic
686 843 810 871 tantum
826 840 889 869 duo
904 848 911 869 :
931 840 961 869 et
975 838 1020 867 sie

242 899 368 929 videtur
389 897 474 937 quod
495 905 559 926 non
583 894 644 924 sint
666 895 806 933 septem,
832 893 897 923 imo
919 891 1020 922 multo

243 952 405 992 pauciora.

284 1008 314 1035 4.
338 1004 416 1034 Item
430 1028 438 1041 ,
456 1002 583 1032 videtur
598 1000 682 1040 qnod
700 1000 732 1029 in
746 999 844 1039 duplo
859 999 950 1038 plura
964 998 1021 1027 de-

244 1060 338 1089 beant
361 1066 428 1087 esse
442 1067 448 1086 2
467 1056 492 1085 si
508 1054 593 1085 enim
610 1054 692 1083 dona
708 1055 782 1083 sunt
798 1053 837 1083 ad
853 1051 1024 1091 expeditio·

245 1122 317 1143 nem
333 1111 501 1145 virtutum,
518 1113 547 1138 et
558 1108 634 1137 tides
642 1107 737 1137 habet
749 1106 812 1136 duo
827 1106 910 1135 dona
922 1105 1023 1143 ipsam

245 1163 461 1203 expedientia,
484 1161 630 1193 videlicet
649 1160 845 1189 intellectum
870 1160 900 1188 et
924 1157 1025 1187 seien-

246 1217 322 1247 tiam
338 1241 345 1253 ,
365 1216 489 1246 videtur
504 1214 589 1254 quod
606 1213 755 1253 qnaelibet
777 1212 881 1242 virtus
896 1211 1024 1241 deberet

246 1270 363 1300 habere
387 1269 450 1299 duo
475 1268 578 1298 dona:
607 1276 680 1296 cum
705 1274 784 1304 ergo
808 1265 943 1295 virtutes
964 1264 1027 1293 sint

247 1326 368 1364 septem
384 1347 391 1359 ,
408 1323 490 1353 dona
506 1321 655 1351 deberent
670 1328 736 1349 esse
751 1318 1002 1358 quatuordecim.

290 1379 319 1406 ἓί.
337 1376 426 1413 Item,
436 1375 563 1405 videtur
578 1373 662 1413 quod
674 1372 785 1402 saltem
797 1371 948 1402 deberent
959 1379 1026 1400 esse

247 1429 413 1461 duodecim
431 1440 438 1460 ε
458 1428 535 1468 quia
549 1429 686 1467 quatuor
697 1426 779 1456 dona
793 1427 867 1455 sunt
883 1425 965 1454 cirea
976 1433 1027 1454 ex-

249 1484 439 1524 peditionem
464 1480 644 1517 rationalis,
680 1479 796 1509 scilieet
821 1478 952 1509 scientia
964 1502 973 1515 ,
1000 1479 1030 1507 et

249 1536 429 1573 consilium,
443 1534 628 1570 intellectus,
641 1534 671 1562 et
682 1532 844 1571 sapientia.
860 1532 937 1561 telum
950 1539 1029 1569 ergo

251 1590 401 1630 quaelibet
413 1588 547 1618 aliarum
559 1587 696 1617 duarum
707 1585 826 1615 virium
838 1585 977 1623 indigeat
989 1584 1027 1622 (a)

252 1643 393 1683 expediri
405 1646 433 1672 et
451 1641 554 1671 sanari
571 1640 651 1670 sicut
667 1639 839 1675 rationalis,
857 1648 930 1668 cnm
945 1647 1031 1677 qure-

253 1696 328 1726 libet
353 1696 392 1725 sit
418 1697 541 1725 tantuin
568 1693 619 1723 vel
646 1692 750 1731 magiS
775 1692 923 1728 infirma;
952 1700 1030 1729 ergo

253 1749 402 1789 quaelihet
415 1756 525 1778 earnm
539 1746 629 1776 debet
643 1745 760 1775 habere
774 1746 911 1784 quatuor
925 1743 1008 1773 dona
1021 1751 1029 1773 :

253 1805 283 1833 et
306 1802 331 1831 si
355 1800 503 1840 quaelibet
527 1807 638 1829 earnm
663 1798 758 1828 habet
783 1800 932 1837 quatuor,
958 1806 1031 1827 cum

253 1856 328 1895 ipsae
344 1855 406 1884 sint
420 1856 483 1884 tres
498 1877 505 1890 ,
522 1861 600 1891 ergo
615 1852 697 1882 dona
712 1853 807 1881 erunt
822 1851 999 1880 duodecim.

293 1912 323 1939 6.
348 1908 427 1939 Item
441 1907 568 1938 videtur
583 1905 667 1945 quod
688 1905 798 1935 saltem
822 1904 942 1934 habent
964 1913 1032 1934 esse

254 1963 361 1992 decem
376 1972 383 1991 ι
400 1961 475 2000 quia
489 1959 570 1989 sicut
584 1958 623 1989 ad
642 1958 864 1997 perfectionem
881 1957 1034 1996 poeniten-

255 2015 307 2045 tiae
322 2013 518 2044 necessarius
532 2014 578 2041 est
593 2012 701 2042 timor.
723 2011 767 2040 sic
782 2010 878 2040 etiam
894 2019 1034 2040 necessa-

256 2068 303 2097 ria
316 2069 391 2097 sunt
405 2066 517 2105 pudor,
535 2067 564 2094 et
579 2064 679 2099 dolor,
692 2065 722 2093 et
737 2063 904 2101 gaudium,
921 2063 958 2092 ad
974 2063 1034 2092 hoc

257 2121 341 2161 quod
356 2121 452 2150 homo
474 2118 627 2158 poenitere
642 2116 745 2146 valeat
769 2116 904 2155 perfecte
926 2117 956 2145 et
977 2124 1034 2145 ex-

258 2174 361 2214 pedite
376 2181 383 2202 :
399 2181 491 2211 ergo,
507 2180 602 2210 super
618 2171 687 2200 haec
700 2169 793 2203 dona,
812 2169 937 2198 videtur
950 2168 1034 2207 quod

258 2228 391 2259 debeant
412 2235 480 2256 esse
503 2224 564 2254 alia
585 2223 656 2253 tria.
681 2224 760 2252 Cum
790 2231 869 2260 ergo
885 2222 1035 2261 praedicta

259 2281 342 2311 dona
367 2279 429 2309 sint
451 2280 584 2317 septem,
602 2277 670 2306 aliis
694 2275 796 2305 tribus
808 2275 1035 2314 superadditis,

260 2334 386 2364 videtur
401 2332 485 2373 quod
499 2331 649 2362 deberent
662 2338 729 2360 esse
739 2329 858 2359 deceni.
875 2328 1036 2365 Quaeritur

262 2396 341 2426 ergo
354 2394 453 2426 quare
474 2386 519 2415 tot
539 2385 634 2420 sunt,
657 2392 715 2412 nee
739 2383 848 2421 plura,
874 2391 931 2412 nec
956 2391 1037 2421 pau-

263 2440 358 2470 ciora.

296 2502 329 2531 (a)
343 2501 412 2525 Edit.
431 2501 488 2524 Ven-
504 2499 610 2529 indiget.

769 185 1085 219 SENTENTIARUM
1105 185 1179 216 LlB.
1202 184 1256 216 111.

1337 269 1563 302 CONCLUSIO.

1069 343 1142 368 Dona
1168 341 1286 376 Spiritus
1308 342 1396 367 sancti*
1418 342 1479 366 sunt
1504 342 1609 366 tantum
1636 340 1749 373 septem,
1777 339 1838 366 licet

1155 393 1277 412 numerus
1290 385 1330 411 hic
1346 384 1449 411 diverso
1466 383 1541 410 modo
1552 383 1645 417 cnlliqi
1656 384 1748 417 possit.

1109 462 1199 502 Resp.
1217 463 1255 493 ad
1271 472 1342 501 arg.
1359 462 1407 492 Ad
1422 461 1647 501 praedictorum
1658 460 1837 500 intelligen-

1069 517 1145 546 tiam
1162 518 1207 546 est
1224 516 1411 552 notandum,
1427 515 1512 555 quod
1536 523 1702 551 numerus,
1719 516 1751 544 et
1773 514 1837 545 dis-

1070 570 1196 607 tinctio,
1218 572 1249 600 et
1268 570 1458 600 sufficientia
1478 569 1636 599 donorum
1655 567 1841 608 quadrupli—

1071 626 1148 656 citer
1161 625 1314 665 accipitur
1330 625 1506 654 secundum
1527 624 1668 663 ipsorum
1685 623 1842 653 donorum

1072 679 1339 718 comparationem
1355 677 1607 717 quadruplicem.
1622 676 1747 706 Habent
1757 675 1843 706 enim

1072 732 1155 761 dona
1177 731 1280 770 primo
1300 730 1476 770 comparari
1500 729 1551 759 vel
1573 728 1765 760 considerari
1794 737 1845 758 re-

1074 786 1183 824 spectu
1196 784 1366 814 habituum
1381 792 1598 819 annexorum;
1615 782 1768 820 secundo,
1783 790 1847 812 res-

1075 840 1169 878 pectu
1181 847 1315 868 suorum
1330 837 1568 877 oppositorum
1587 836 1688 874 tertio,
1701 836 1845 875 respectu

1075 892 1188 922 finium
1216 891 1435 931 proximorum
1449 901 1455 927 ;
1482 891 1606 929 quarto,
1628 890 1772 928 respectu
1799 897 1848 918 ao-

1076 949 1169 977 tuum
1194 949 1225 976 et
1248 946 1457 985 objectorum.
1490 944 1549 975 Per
1576 943 1846 983 comparationem

1078 1009 1156 1038 ergo
1171 999 1209 1029 ad
1228 999 1355 1029 habitus
1371 1006 1527 1035 annexos,
1544 996 1732 1027 sufficientia
1749 995 1849 1027 dono-

1077 1064 1151 1086 rum
1175 1054 1344 1094 dupliciter
1367 1053 1518 1093 accipitur
1541 1063 1548 1083 :
1574 1061 1639 1082 uno
1667 1051 1782 1089 modo,
1815 1052 1851 1082 ut

1079 1108 1333 1148 unumquodque
1347 1107 1467 1137 donum
1482 1105 1577 1136 alicui
1597 1105 1709 1137 virtuti
1723 1113 1851 1144 respon-

1079 1163 1160 1193 deat.
1180 1162 1218 1192 Ut
1233 1161 1422 1200 incipiamus
1441 1170 1459 1190 a
1483 1159 1638 1199 superiori
1660 1170 1667 1189 ι
1691 1159 1853 1199 Sapientia

1081 1215 1248 1256 respondet
1263 1214 1429 1251 charitati;
1447 1213 1624 1244 intellectus
1638 1212 1712 1243 fidei
1722 1223 1730 1250 ;
1748 1212 1853 1243 consi-

1081 1270 1160 1300 lium
1184 1277 1271 1305 vero,
1289 1269 1417 1306 propter
1435 1267 1495 1297 hoe
1510 1265 1593 1305 quod
1616 1265 1740 1296 ordinat
1759 1265 1799 1296 ad
1817 1274 1854 1296 ea

1082 1332 1155 1363 quae
1171 1321 1464 1361 supererogationis
1487 1322 1572 1357 sunt,
1589 1319 1621 1349 in
1643 1318 1760 1358 quibus
1783 1327 1854 1358 spes

1086 1379 1279 1407 aeternorum
1295 1373 1482 1413 concipitur,
1504 1371 1670 1411 respondet
1686 1371 1747 1410 ipsi
1770 1371 1854 1410 spei3

1085 1428 1234 1460 fortitudo
1263 1426 1458 1463 sortitudini3
1496 1425 1627 1455 scientia
1656 1423 1853 1464 prudentiae;

1084 1484 1183 1523 pietas
1195 1481 1344 1521 justitiae3
1361 1480 1457 1510 timor
1470 1478 1645 1514 modestiae,
1662 1477 1729 1508 sive
1740 1478 1858 1516 tempe-

1084 1536 1208 1567 rantiae.
1226 1534 1325 1564 Aliter
1336 1535 1468 1573 possunt
1484 1532 1567 1562 sumi
1583 1530 1763 1561 secundum
1772 1529 1856 1569 quod

1085 1590 1272 1621 ordinantur
1287 1587 1325 1618 ad
1343 1586 1576 1626 expeditionem
1591 1585 1750 1615 virtutum
1765 1584 1858 1614 theo-

1086 1644 1263 1683 logicarum
1281 1650 1288 1671 :
1302 1640 1377 1680 quia
1389 1640 1474 1670 enim
1490 1639 1568 1669 fides
1583 1638 1681 1668 credit
1697 1640 1858 1677 tempora-

1086 1698 1128 1727 lia
1144 1699 1173 1727 et
1196 1697 1316 1726 aeterna
1336 1694 1493 1733 quantum
1517 1691 1556 1721 ad
1577 1690 1726 1721 articulos
1748 1690 1860 1721 divini-

1087 1751 1159 1782 tatis
1174 1752 1205 1780 et
1224 1747 1440 1784 humanitatis,
1460 1746 1520 1776 dno
1535 1744 1630 1775 habet
1647 1743 1857 1783 expedientia,

1088 1804 1282 1835 intellectum
1299 1801 1415 1831 scilicet
1442 1799 1524 1829 circa
1546 1799 1686 1834 aeterna,
1709 1798 1740 1826 et
1762 1796 1860 1826 scien-

1088 1858 1164 1889 tiam
1179 1857 1261 1887 circa
1271 1853 1467 1893 temporalia.
1487 1851 1537 1881 Sic
1549 1850 1684 1881 charitas
1699 1849 1781 1880 circa
1797 1849 1860 1880 duo

1089 1912 1183 1942 habet
1206 1909 1299 1946 affici,
1326 1906 1469 1938 videlicet
1494 1904 1577 1934 circa
1602 1903 1712 1940 Deum,
1729 1905 1760 1933 et
1778 1902 1861 1932 circa

1089 1964 1273 2005 proximum
1304 1972 1310 1992 :
1340 1963 1370 1990 et
1399 1958 1575 1989 secundnm
1597 1957 1658 1987 hoc
1679 1956 1776 1987 hahet
1798 1955 1861 1986 duo

1090 2016 1304 2057 expedientia,
1325 2013 1470 2044 videlicet
1497 2010 1684 2050 sapientiam
1713 2010 1862 2049 respectu

1091 2073 1145 2103 Dei
1159 2096 1166 2110 ,
1192 2073 1222 2101 et
1250 2070 1398 2110 pietatem
1429 2068 1573 2105 respectu
1602 2063 1752 2103 proximi.
1782 2061 1861 2102 Spes

1091 2126 1185 2157 etiam
1198 2125 1298 2164 potest
1309 2120 1475 2161 dupliciter
1490 2128 1508 2149 a
1518 2119 1602 2147 statu
1613 2125 1672 2147 suo
1684 2115 1794 2153 everti,
1810 2115 1862 2146 vel

1092 2188 1148 2219 per
1169 2175 1384 2208 extollentiam
1410 2173 1444 2202 in
1466 2170 1634 2211 prosperis,
1655 2169 1707 2200 vel
1729 2178 1786 2209 per
1807 2168 1861 2199 de-

1092 2231 1286 2272 pressionem
1309 2229 1341 2257 in
1363 2225 1503 2257 adversis
1521 2235 1526 2254 :
1546 2225 1576 2253 et
1590 2223 1661 2253 ideo
1683 2222 1778 2253 habet
1799 2222 1864 2253 duo

1093 2286 1175 2316 dona
1199 2280 1408 2322 expedientia,
1436 2286 1537 2308 unum
1567 2278 1677 2306 contra
1701 2283 1863 2315 prospera,

1094 2338 1209 2369 scilicet
1219 2336 1339 2366 donum
1358 2331 1492 2366 timoris,
1517 2329 1653 2359 alterum
1675 2330 1784 2359 contra
1809 2327 1865 2358 ad-

1094 2400 1197 2426 versa,
1214 2388 1331 2419 scilicet
1343 2386 1463 2416 donum
1477 2382 1671 2414 fortitudinis
1686 2391 1694 2412 :
1711 2383 1743 2412 et
1757 2382 1792 2412 ut
1806 2389 1863 2411 ex-

1095 2445 1196 2486 pedite
1211 2441 1319 2473 omnia
1333 2441 1363 2470 et
1378 2439 1443 2469 sine
1459 2445 1566 2467 errore
1580 2436 1726 2474 {currant‚
1744 2434 1864 2464 donum

1094 2497 1215 2530 consilii
1228 2495 1278 2526 his
1290 2502 1346 2524 sex
1359 2491 1450 2522 donis
1465 2488 1698 2530 superadditur,
1713 2488 1751 2532 ut
1769 2486 1865 2517 simul

1095 2552 1131 2582 si!
1149 2551 1183 2581 in
1197 2548 1346 2579 omnibus
1358 2543 1517 2585 praedictis
1527 2540 1697 2581 expediens
1711 2548 1785 2570 cum
1799 2548 1866 2570 ma-

1095 2605 1233 2636 turitate.
1244 2601 1284 2632 Et
1297 2600 1366 2631 haec
1377 2600 1424 2629 est
1437 2597 1540 2637 prima
1552 2594 1606 2626 via
1616 2593 1789 2633 accipiendi
1805 2593 1865 2624 do-

1096 2665 1212 2689 norum
1227 2651 1460 2685 sufficientiam.
1480 2648 1561 2680 Huic
1581 2648 1687 2678 tamen
1705 2646 1766 2678 viae
1787 2645 1863 2677 satis

1882 700 1942 722 Suffi-

1873 732 1955 753 cientis„-

1874 763 1958 784 investi-

1883 794 1948 821 gntio.

1880 945 1920 966 Via
1935 946 1954 966 ί.

1879 2633 1978 2662 Inpmb.
