2017 2948
654 144 750 176 DIST.
774 145 810 176 X.
836 145 950 176 PART.
972 145 994 175 l.
1020 144 1107 174 ART.
1131 144 1155 174 Ι.
1179 143 1326 180 QUAEST.
1350 144 1372 174 1.

217 211 287 241 ideo
302 210 466 250 signanter
483 211 557 242 dicit
576 211 775 249 Augustinus
793 212 812 248 ¹,
832 211 917 251 quod
938 220 983 241 sa-

217 266 417 293 cramentum
436 263 579 293 Ecclesiae
595 264 718 294 duobus
732 265 906 301 conficitur,
923 264 980 294 sci-

216 315 285 345 licet
306 319 501 346 sacramento
522 316 572 346 vel
597 316 706 355 signo,
731 317 780 346 cui
802 316 984 355 appropriat

216 369 369 398 rationem
397 369 585 398 sacramenti
617 372 743 408 propter
776 369 983 408 significatio-

216 430 300 458 nem,
319 423 349 450 et
362 430 428 451 rem
447 421 645 457 sacramenti,
662 431 735 460 quae
753 422 858 452 efficit.
875 422 913 452 Et
931 431 984 460 per

216 473 275 503 hoc
295 476 376 512 patet
396 473 472 504 illud
494 474 578 512 quod
605 475 771 514 quaeritur,
796 475 870 513 quia
892 475 984 505 aliter

216 528 288 555 sunt
304 528 407 565 partes
432 527 545 565 speciei
561 527 627 557 sine
650 536 695 565 rc,
713 527 829 557 scilicet
845 527 935 566 panis
954 530 984 557 et

217 578 339 615 vinum,
363 588 458 618 quam
477 580 594 618 species
615 589 687 610 cum
709 589 759 616 re,
782 580 857 619 quia
879 579 983 609 solum

216 633 371 670 quantum
396 631 434 661 ad
459 632 603 670 alterum,
628 633 742 663 scilicet
766 634 922 672 quantum
945 632 981 661 atl

216 683 370 714 rationem
385 684 583 723 significandi
601 686 805 724 completam,
824 686 904 716 sicut
918 687 982 715 tac-

216 738 285 766 tum
303 739 347 766 est
364 746 472 776 supra.

532 822 600 844 DUB.
624 822 666 843 1v.

417 883 480 906 Caro
498 883 613 907 videlicet
631 884 727 913 carnis,
745 885 793 907 etc.

255 948 386 979 Videtur
405 949 485 980 male
507 950 625 988 dicere,
648 950 723 989 quia
737 950 816 980 nihil
837 950 920 980 idern
937 952 984 980 est

215 1001 344 1040 siguum
355 1002 516 1041 suiipsius.
530 1002 607 1033 Situ
618 1003 701 1032 dicas
712 1002 791 1033 mihi
803 1002 886 1041 quod
900 1002 983 1032 idem

216 1054 274 1083 sub
295 1054 428 1084 diversis
449 1055 581 1085 statibus
605 1057 704 1094 potest
719 1063 786 1084 esse
804 1055 933 1093 signum
954 1057 984 1085 et

216 1108 389 1146 signatum,
404 1111 438 1139 ut
448 1118 531 1146 caro,
544 1111 638 1148 prout
649 1112 694 1139 est
705 1109 764 1139 sub
776 1111 982 1146 sacramento,

215 1162 255 1191 sit
269 1162 400 1199 signum
415 1162 461 1191 sui
477 1164 571 1201 prout
585 1164 630 1192 est
643 1162 675 1191 in
691 1162 783 1199 ooelo,
799 1162 884 1201 quod
900 1162 984 1192 vide-

215 1217 267 1245 tur
283 1215 385 1245 dicere
399 1215 502 1245 littera
524 1224 673 1254 sequens;
695 1217 803 1245 contra
821 1225 828 1245 z
844 1215 984 1253 Signum

215 1268 307 1298 debet
320 1277 388 1298 esse
403 1268 508 1298 notius
523 1269 677 1305 sensibus,
696 1278 792 1307 quam
804 1268 982 1306 signatum:

216 1322 266 1351 sed
285 1330 367 1358 caro,
386 1323 480 1360 prout
500 1323 545 1350 est
566 1321 624 1350 sub
640 1324 853 1358 sacramento,
874 1326 919 1351 est
934 1322 985 1351 in-

217 1374 348 1404 visibilis
366 1377 393 1404 et
410 1374 636 1413 impalpabilis,
654 1377 684 1404 et
703 1375 737 1404 in
759 1375 836 1405 coelo
854 1375 986 1405 visibilis

216 1430 246 1458 et
261 1426 445 1466 palpabilis:
463 1436 540 1465 ergo
556 1436 619 1456 non
639 1430 685 1457 est
703 1428 833 1466 signum
855 1429 934 1466 ejiis.
953 1427 985 1458 Si

215 1479 300 1510 dicas
314 1482 363 1513 tu,
381 1480 461 1510 sicut
477 1480 549 1510 dicit
571 1480 731 1519 Magister,
748 1481 833 1520 quod
846 1477 918 1511 caro
934 1490 983 1511 ae-

216 1534 329 1573 cipitur
344 1542 400 1573 pro
414 1533 509 1572 signo
523 1533 643 1570 carnis,
662 1534 777 1564 scilicet
792 1543 887 1573 pane;
906 1535 983 1565 Con-

216 1589 263 1617 tra
279 1598 285 1617 1
302 1587 425 1626 Species
440 1587 529 1626 panis
548 1588 594 1616 est
612 1586 742 1616 visibilis
756 1588 785 1616 et
801 1587 964 1626 palpabilis
978 1598 983 1617 :

215 1640 268 1670 sed
286 1639 488 1678 Augustinus
510 1640 584 1670 dicit
596 1640 606 1656 ²
623 1639 706 1679 quod
723 1649 817 1670 carne
837 1639 986 1670 invisibili

215 1692 414 1732 significatur
427 1701 499 1723 caro
514 1692 658 1723 visibilis.

262 1746 351 1785 Resp.
382 1745 555 1775 Dicendum
582 1745 666 1785 quod
694 1745 911 1784 tropologicus
941 1749 988 1776 est

215 1808 330 1836 sermo,
353 1807 411 1828 nec
431 1800 554 1828 tantum
576 1807 642 1828 uno
658 1800 758 1838 tropo,
784 1799 837 1828 sed
859 1798 985 1838 duplici,

216 1853 291 1892 quia
313 1852 397 1891 quod
420 1853 465 1881 est
486 1851 569 1890 signi
595 1851 780 1881 attribuitur
799 1851 943 1890 signato,
958 1854 988 1882 et

217 1905 299 1944 quod
323 1906 370 1934 est
393 1904 512 1942 signati
536 1904 716 1934 attribuitur
739 1904 844 1943 signo.
862 1904 988 1943 Species

217 1957 301 1988 enim
317 1956 406 1996 panis
421 1959 467 1986 est
484 1957 628 1995 signum,
646 1956 796 1996 quoniam
813 1959 858 1986 est
877 1957 986 1987 visibi-

217 2010 269 2047 lis;
287 2010 339 2040 sed
353 2018 425 2040 caro
439 2010 571 2039 interius
588 2013 733 2040 contenta
747 2012 792 2040 est
805 2010 986 2048 signatum,

217 2063 291 2104 quia
308 2065 354 2093 est
374 2062 541 2092 invisibilis
558 2062 689 2100 gratiae:
712 2071 791 2101 ergo
812 2063 897 2102 quod
916 2072 988 2093 caro

217 2116 384 2146 invisibilis
394 2116 508 2154 signet,
525 2115 584 2145 hoc
595 2118 641 2145 est
655 2115 757 2145 dicere
773 2115 855 2155 quod
871 2116 989 2155 species

218 2169 317 2209 paniS,
337 2177 409 2208 quae
424 2172 469 2199 θεῖ
485 2169 614 2207 siguum
633 2169 735 2198 carnis
750 2168 927 2206 invisibilis,
944 2169 988 2199 si-

219 2224 296 2261 gnat
310 2230 424 2261 corpus
441 2221 553 2251 Christi
569 2221 692 2252 visibile
715 2223 745 2251 et
768 2221 942 2261 palpabile:
960 2224 990 2252 et

219 2275 272 2305 illa
299 2275 415 2314 species
439 2275 529 2314 panis
553 2277 599 2305 est
624 2284 696 2305 caro
718 2275 899 2312 invisibilis,
926 2284 989 2305 non

220 2328 295 2368 quia
305 2337 369 2358 non
385 2327 539 2365 videatur,
556 2328 610 2358 sed
621 2328 697 2367 quia
712 2329 897 2358 contentum
908 2330 987 2367 ejus,

255 2426 385 2450 ¹Habetur
399 2424 428 2447 de
440 2425 526 2453 Cons.,
542 2425 599 2448 dist.
623 2430 650 2455 11,
666 2425 713 2448 lloc
728 2427 772 2454 est,
788 2428 873 2456 posset
888 2426 945 2456 dici,
960 2433 991 2449 ex

219 2470 242 2487 c.
258 2469 312 2488 xvi.
333 2470 355 2484 ν.
371 2461 399 2483 alc
415 2460 485 2484 Cam.
504 2460 656 2483 rml1hus.—
668 2462 677 2476 ἵ
688 2461 804 2484 Trahitur
817 2467 846 2485 cx
866 2461 991 2485 sententia

220 2499 293 2523 citata
308 2505 322 2521 a
338 2496 466 2527 Magistro.
481 2509 507 2513 -—-
526 2498 533 2509 ³
553 2497 627 2527 Greg.
644 2497 668 2519 1⁴12
687 2497 791 2527 Evunq„
809 2497 878 2521 hom.
900 2503 944 2520 xx.
960 2510 991 2514 ——-

221 2535 228 2548 ⁴
244 2534 284 2564 Cf.
306 2534 377 2557 Alex.
397 2533 496 2560 Ateus.r
519 2539 543 2561 p.
567 2532 608 2561 lv,
633 2539 657 2563 q.
682 2538 706 2561 x,
729 2533 824 2556 memb.
850 2534 872 2562 7,
897 2535 944 2556 art.
967 2534 990 2561 3,

220 2569 235 2599 ἐ
257 2571 284 2598 1;
306 2569 332 2592 S.
352 2568 453 2597 Thom„
472 2574 496 2597 p.
515 2567 557 2597 lll,
581 2574 605 2597 q.
622 2569 798 2597 Lxxv,art.1;
818 2568 843 2592 et
867 2568 898 2591 lV
912 2568 992 2593 Sene..

221 2604 278 2628 dist.
306 2609 330 2634 x,
358 2610 381 2633 q.
402 2608 419 2632 ι,
447 2603 494 2626 art.
521 2604 548 2632 ¹3
577 2604 602 2626 et.
622 2603 652 2626 lV
671 2603 755 2626 contra
781 2603 865 2631 Gent„
889 2610 911 2627 c.
935 2608 990 2631 in;

1750 143 1808 171 453

1039 210 1123 250 quod
1138 212 1183 240 θεῖ
1202 218 1285 245 caro⁷
1306 212 1353 239 est
1371 209 1529 240 invisibile
1551 213 1581 240 et
1597 208 1807 248 intelligibile,

1040 266 1168 294 eatenus
1191 265 1226 293 ut
1248 262 1364 292 ibidem
1386 263 1584 293 continetur:
1607 262 1697 302 quasi
1717 260 1811 291 vellet

1040 316 1237 355 Augustinus
1255 315 1377 345 dicere:
1397 315 1473 345 Caro
1489 315 1636 353 visibilis,
1654 316 1684 345 et
1701 313 1811 353 palpa-

1040 369 1110 399 bilis
1134 368 1279 406 signatur
1301 369 1331 397 θῖ
1354 367 1531 396 continetur
1557 376 1576 396 a
1598 366 1699 406 specie
1721 365 1812 405 panis

1040 418 1239 450 invisibiliter
1254 422 1284 450 et
1301 419 1550 457 intelligibiliter.

1357 511 1426 533 DUB.
1448 511 1481 533 V.

1251 569 1411 599 Significatur
1428 575 1532 599 corpus,
1551 570 1600 592 etc.

1079 630 1209 661 Videtur
1223 631 1303 661 male
1315 631 1429 666 dicere,
1447 630 1522 669 quia
1536 629 1610 660 dicit
1626 629 1812 668 Gregorius,

1041 684 1169 714 homilia
1194 683 1321 714 Paschae
1342 684 1376 714 ³:
1402 695 1415 712 «
1441 683 1528 720 Quod
1552 682 1672 722 palpari
1698 683 1812 721 potest,

1041 737 1199 776 corrumpi
1212 746 1338 767 necesse
1347 739 1428 766 est.»
1440 735 1526 774 Ergo
1538 735 1565 765 si
1574 744 1687 774 corpus
1700 733 1815 765 Christi

1040 792 1086 820 est
1100 789 1354 828 incorruptibile,
1376 792 1422 819 est
1441 787 1652 828 impalpabile.

1082 842 1171 882 Resp.
1192 843 1362 873 Dicendum
1378 843 1462 882 quod
1479 841 1653 880 Gregorius
1668 840 1816 879 intelligit

1040 897 1078 927 de
1101 896 1311 935 palpabilitate
1334 896 1510 926 secundum
1534 896 1653 924 tactum
1674 893 1816 932 corporis

1040 958 1104 979 nou
1123 949 1301 987 glorificati,
1323 950 1354 978 et
1375 948 1413 978 de
1434 947 1648 986 palpabilitate
1672 955 1735 985 qua
1757 945 1814 975 ali-

1040 1001 1115 1040 quid
1134 1001 1249 1031 dicitur
1264 1001 1384 1041 palpari
1407 1009 1446 1030 ex
1463 999 1660 1036 necessitate,
1682 1007 1747 1028 non
1762 1007 1816 1037 po-

1040 1055 1160 1090 testate,
1173 1054 1331 1093 quomodo
1347 1056 1393 1083 est
1409 1052 1566 1092 palpabile
1576 1060 1690 1091 corpus
1702 1050 1814 1082 Christi

1040 1105 1264 1144 glorificatum.

1260 1217 1541 1251 ARTICULUS
1570 1218 1595 1249 Ι.

1083 1316 1129 1346 Ad
1147 1316 1390 1355 intelligentiam
1402 1316 1500 1354 hujus
1513 1314 1609 1354 partis
1625 1316 1816 1353 quaeruntur

1041 1369 1180 1408 quinque
1207 1380 1212 1399 :
1245 1369 1348 1408 primo
1380 1368 1535 1408 quaeritur
1563 1370 1673 1398 utrum
1701 1375 1815 1406 corpus

1042 1424 1154 1455 Christi
1179 1425 1218 1455 sit
1240 1425 1274 1455 in
1302 1424 1391 1454 altari
1422 1424 1598 1454 secundum
1629 1423 1811 1460 veritatem;

1042 1477 1198 1514 secundo,
1224 1480 1332 1507 utrum
1357 1477 1397 1506 sit
1423 1477 1466 1506 ibi
1488 1476 1663 1506 secundum
1689 1475 1814 1515 quanti-

1042 1532 1161 1567 tatem3
1193 1531 1311 1568 tertio,
1343 1532 1451 1560 utrum
1484 1530 1522 1559 sit
1552 1529 1594 1559 ibi
1622 1528 1812 1563 dit'tinitive;

1042 1584 1170 1623 quinto,
1196 1586 1306 1614 utrum
1328 1585 1430 1614 totum
1453 1582 1491 1613 sit
1514 1582 1545 1612 in
1568 1581 1707 1621 qualibet
1728 1583 1815 1620 parte

1042 1636 1165 1667 hostiae.
1804 1633 1807 1636 '

1300 1705 1478 1744 QUAESTIO
1502 1705 1524 1736 1.

1056 1783 1101 1809 An
1123 1782 1243 1809 christus
1263 1783 1298 1808 sit
1320 1783 1348 1808 in
1367 1783 1531 1808 sacramento
1551 1781 1646 1808 altaris
1662 1780 1804 1808 secundum

1342 1827 1479 1852 veritatem
1495 1826 1514 1852 ¹⁴.

1084 1902 1174 1940 Quod
1190 1902 1230 1931 sit
1243 1902 1275 1931 in
1291 1901 1381 1931 altari
1393 1901 1568 1931 secundum
1580 1900 1757 1938 veritatem,
1769 1900 1815 1931 vi-
1828 1911 1934 1934 rumam.
1965 1902 1979 1924 ’ί

1043 1957 1135 1987 detur
1152 1967 1158 1986 :
1176 1956 1250 1995 quia
1267 1954 1419 1985 Dominus
1441 1954 1520 1984 dixit
1535 1954 1544 1970 ⁵
1567 1965 1573 1984 :
1598 1954 1659 1985 Hoc
1674 1956 1720 1985 est
1743 1961 1815 1985 cor-

1042 2018 1102 2049 pus
1118 2017 1218 2039 meum
1233 2017 1243 2038 :
1261 2017 1338 2047 ergo
1349 2008 1374 2037 si
1389 2007 1517 2037 mentiri
1530 2016 1593 2038 non
1606 2007 1718 2047 potuit,
1731 2008 1816 2046 quod

1043 2061 1272 2094 demonstravit
1287 2061 1346 2091 suit
1363 2069 1477 2099 corpus
1492 2070 1587 2091 suum
1604 2071 1610 2091 t
1630 2062 1660 2091 et
1677 2060 1762 2091 dedit
1776 2060 1815 2091 il-

1043 2114 1111 2143 lum
1127 2114 1242 2149 ritum,
1261 2112 1436 2142 secundum
1455 2120 1550 2151 quem
1574 2111 1640 2151 ipse
1659 2111 1813 2142 confecit:

1044 2177 1123 2207 ergo
1142 2176 1215 2197 cum
1231 2167 1324 2197 modo
1347 2167 1513 2197 conficitur
1535 2166 1711 2197 secundum
1726 2166 1816 2197 illum

1045 2222 1153 2258 ritum,
1175 2229 1288 2251 verum
1310 2229 1425 2259 corpus
1454 2219 1567 2250 Christi
1590 2221 1635 2249 est
1654 2219 1686 2248 in
1711 2218 1814 2249 altari.

1045 2276 1077 2306 Si
1092 2275 1175 2305 dicas
1192 2274 1276 2314 quod
1289 2274 1365 2304 illud
1381 2282 1444 2303 non
1459 2273 1651 2312 intelligitur
1664 2281 1718 2311 per
1732 2272 1816 2303 iden-

1045 2329 1177 2365 titatem,
1190 2327 1243 2357 sed
1253 2336 1307 2366 per
1321 2326 1598 2365 significationem,
1611 2325 1692 2355 sicut
1701 2325 1812 2356 illud‘:

1045 2392 1125 2420 Scot,
1142 2390 1172 2413 {v
1190 2389 1267 2415 Sent..
1284 2388 1340 2412 dist.
1362 2393 1422 2417 vni,
1443 2394 1467 2418 q.
1492 2393 1526 2416 11;
1543 2386 1670 2415 Richard„
1690 2387 1719 2410 lV
1738 2386 1818 2418 Seni„

1046 2426 1102 2449 dist.
1122 2431 1147 2455 x,
1167 2432 1192 2455 q.
1218 2431 1239 2454 15
1261 2424 1352 2448 Thoai.
1376 2424 1445 2452 Arg„
1468 2423 1497 2445 lV
1521 2422 1600 2452 Seni„
1620 2422 1676 2445 dist.
1696 2427 1721 2450 x,
1740 2428 1765 2452 q.
1789 2427 1817 2452 Π,

1046 2463 1093 2484 art.
1110 2462 1137 2489 1;
1157 2460 1243 2490 Steph.
1264 2459 1366 2488 Brutos,
1383 2459 1412 2481 tV
1431 2458 1488 2480 Seu!
1504 2475 1510 2486 ,
1526 2457 1582 2480 uisi.
1600 2463 1623 2486 x,
1640 2464 1663 2487 q.
1681 2462 1711 2486 vg
1729 2457 1818 2480 Petrus

1046 2497 1077 2520 de
1091 2498 1204 2525 'l'araut.,
1222 2496 1251 2519 lV
1270 2495 1350 2524 Smin,
1365 2494 1421 2517 ilist.
1438 2499 1463 2522 x,
1477 2500 1502 2523 q.
1519 2498 1544 2521 13
1561 2491 1685 2516 Mai-silius
1701 2493 1818 2523 luguen„

1047 2531 1078 2554 lV
1094 2531 1173 2561 Sent.,
1189 2538 1213 2562 q.
1229 2536 1274 2561 vit,
1292 2532 1337 2553 art.
1356 2531 1362 2552 l
1376 2536 1382 2558 ;
1398 2528 1473 2552 Gabr.
1495 2527 1564 2556 Biel..
1581 2528 1611 2551 lv
1625 2527 1703 2557 Sent„
1718 2527 1774 2552 dist.
1791 2533 1817 2558 X,

1047 2574 1071 2598 q.
1089 2573 1145 2590 i.-
1156 2566 1276 2596 Ι*ΜαῖιΙι.,
1292 2570 1361 2594 xxm,
1376 2565 1421 2593 26;
1438 2563 1527 2591 Marc„
1542 2568 1594 2593 inv,
1610 2564 1653 2593 223
1669 2563 1736 2594 Luc„
1751 2569 1818 2593 xxii,

1047 2603 1114 2632 293¹
1131 2601 1199 2632 Cor„
1213 2607 1249 2631 x1,
1266 2602 1303 2624 24.
1316 2612 1347 2618 --
1361 2599 1370 2615 ⁸
1384 2600 1391 2622 1
1406 2599 1474 2628 Cor„
1489 2603 1516 2629 x,
1531 2599 1552 2624 4.
