2017 2948
146 1006 250 1028 Fundam.

261 131 320 161 272

261 193 461 234 praecisione,
477 194 513 222 ut
532 193 643 229 tangat
665 190 742 229 quid
764 189 804 219 sit
827 196 1029 227 congruum,

261 249 336 278 tunc
359 245 447 276 nulla
469 246 550 276 esset
573 243 767 281 differentia,
789 242 866 282 quia
887 241 1032 271 similiter

262 301 458 341 congruebat
472 309 528 340 pro
542 299 684 340 parvulis
698 298 806 329 offerri
829 297 1030 327 sacrificium.

301 358 331 386 2.
351 354 428 385 item
444 354 515 394 plus
533 354 654 392 poterat
677 351 819 387 adultus,
840 359 937 390 quam
958 358 1030 389 par-

262 408 374 444 vulus,
399 410 430 438 et
450 408 554 445 majus
573 405 714 436 debitum
736 403 852 443 peccati
872 402 1029 433 habebat:

262 469 341 500 crgo
356 462 387 491 et
400 459 472 499 plns
489 458 653 489 tenebatur
668 457 784 493 facero,
801 464 898 495 quam
914 464 1032 495 parvu-

262 513 322 545 lus.
340 514 474 544 Contra:
492 514 633 550 temporo
648 509 728 548 legis
748 511 872 539 naturae
891 517 955 539 non
975 507 1034 538 fnit

263 560 475 606 praeceptnn'i,
498 563 555 594 nisi
579 562 743 593 naturale:
761 562 815 592 sed
837 562 1033 592 sacramenta

264 629 327 650 non
343 620 417 649 sunt
432 615 603 653 naturalia,
630 618 665 645 ut
687 624 783 654 supra
804 615 905 654 patuit
924 624 930 645 :
955 623 1033 653 ergo

264 672 387 703 nullum
409 670 468 701 suit
489 669 530 699 ibi
555 669 614 699 sub
638 670 815 707 praeeepto:
833 667 959 698 nullum
975 667 1033 697 fuit

263 734 342 764 ergo
354 722 544 754 neceesitatis
557 732 563 751 z
579 730 658 760 crgo
670 721 736 751 sine
747 720 899 751 sacrificio
912 722 1034 760 poterat

264 787 329 809 csse
345 777 430 807 salus
445 775 564 806 adulto.

304 833 333 861 3.
344 830 421 860 Item
431 828 537 867 lingo,
550 827 589 859 da
599 827 826 865 Sacramenlis,
838 826 937 865 dicit¹,
949 826 1034 866 quod

264 883 440 914 remedium
461 884 570 912 contra
588 880 744 920 originale
768 880 827 910 fuit
847 879 1032 917 (lecimatio;

265 936 438 976 Gregorius
453 935 557 973 dicit²‚
576 934 660 974 quod
676 933 879 964 sacrificium.

305 990 366 1022 Sed
381 992 511 1021 contra:
532 988 632 1019 Unius
655 988 783 1028 generis
806 987 909 1018 morbi
933 996 1034 1018 unum

266 1044 356 1075 debet
371 1052 435 1073 esse
451 1042 580 1073 reinctlii
595 1051 708 1080 genus.

306 1097 400 1134 Item,
419 1096 548 1125 morbus
563 1094 727 1131 originalis
751 1094 867 1133 peccati
891 1102 955 1124 non
978 1094 1035 1123 itc-

266 1152 354 1180 ratur
367 1159 373 1179 :
387 1158 465 1187 ergo
481 1148 572 1178 (lebet
583 1148 698 1177 habere
708 1146 886 1177 remedium
898 1156 962 1177 non
978 1147 1036 1176 ite-

266 1203 383 1233 rabile:
403 1201 456 1231 sed
472 1203 537 1231 tant
560 1200 766 1237 sacrificium,
784 1208 882 1239 quam
897 1199 1033 1229 decima-

267 1258 326 1295 uo,
345 1259 420 1287 sunt
438 1254 591 1285 iterubilia
613 1265 619 1284 ;
644 1262 724 1293 crgo
745 1262 808 1282 non
830 1255 904 1282 sunt
924 1261 1037 1282 conve-

267 1310 385 1341 nientia
400 1309 539 1340 remedia
555 1309 664 1337 eontra
680 1305 845 1345 originale.

309 1363 384 1394 Item
402 1371 475 1401 quie
490 1364 556 1391 ertu
573 1361 626 1391 illa
646 1360 747 1391 virtus
761 1359 927 1389 sacrificii?
943 1361 974 1389 et
989 1358 1038 1389 vi-

267 1417 358 1448 detur
382 1415 467 1455 quod
494 1415 613 1445 nullius
641 1413 798 1449 utilitatis7
825 1413 899 1451 quia
923 1413 1036 1451 liujus-

268 1470 353 1501 modi
373 1469 489 1500 oblatio
512 1477 575 1498 non
597 1469 664 1497 emt
683 1469 877 1506 praereptum
891 1466 965 1505 quia
983 1466 1038 1495 bo-

268 1532 363 1560 num,
380 1522 455 1562 quia
478 1524 554 1551 tunc
573 1529 696 1559 semper
720 1522 799 1549 esset
823 1521 1036 1558 praeceptum:

268 1586 346 1616 crgo
357 1578 422 1606 erat
437 1576 557 1605 bonnm
567 1598 575 1611 ,
590 1573 665 1613 quia
680 1574 874 1611 przeeeptum
887 1582 893 1602 z
907 1572 959 1602 sed
974 1580 1038 1601 non

269 1632 336 1660 erat
351 1631 542 1669 praeceptum
563 1638 568 1657 :
586 1636 666 1665 ergo
684 1635 747 1655 non
763 1627 830 1656 erat
845 1625 976 1655 bonnm.

310 1683 343 1713 Si
353 1685 389 1713 tu
400 1682 483 1713 dicas
492 1705 500 1719 ‚
518 1680 602 1720 qnod
617 1679 700 1710 valet
709 1679 747 1709 ad
758 1679 853 1709 fidem
862 1701 871 1715 ,
886 1687 958 1717 quae
971 1686 1040 1708 eru-

269 1736 413 1768 diebatur
443 1736 475 1765 in
500 1734 552 1764 illo
576 1733 686 1772 sigium
713 1734 821 1762 contra
843 1743 849 1762 ε
882 1732 923 1761 ibi
946 1731 1039 1762 fiebat

269 1790 402 1827 oblatio,
419 1791 449 1819 et
465 1789 572 1819 sumus
585 1786 775 1817 materialis:
794 1794 873 1823 ergo
889 1785 916 1814 si
932 1784 1039 1815 crede-

270 1844 320 1874 bat
337 1843 462 1873 sumum
477 1843 641 1880 acceptum
652 1849 670 1869 a
686 1839 762 1877 Deo,
779 1838 926 1869 credebat
940 1839 1039 1868 Deum

270 1896 393 1926 adorari
407 1896 444 1934 (a)
462 1893 685 1925 materialiter:
707 1901 786 1931 ergo
801 1891 947 1922 credebat
967 1899 1041 1921 eum

271 1957 338 1979 esse
351 1956 538 1988 corporeum
554 1957 560 1976 :
579 1955 659 1985 ergo
678 1945 804 1975 videtur
827 1943 913 1984 quod
935 1942 1042 1983 potius

272 2003 353 2032 esset
367 2001 399 2031 in
417 2002 646 2031 nocumentum
660 1998 744 2028 fidei.

313 2054 343 2084 Si
359 2053 461 2091 dicas,
482 2052 566 2092 quod
587 2051 737 2082 valebant
756 2049 794 2080 ad
817 2048 1041 2080 excitationem

272 2106 464 2143 devotioni53
481 2107 609 2136 contra:
626 2103 729 2134 omnis
744 2102 885 2140 devotio,
906 2109 978 2142 quae
996 2102 1043 2132 est

273 2162 380 2190 contra
390 2159 513 2199 pietatis
525 2167 604 2197 opus
614 2181 621 2195 ,
633 2165 698 2187 non
709 2157 812 2196 potest
821 2163 887 2186 esse
900 2156 1040 2194 accepta:

273 2214 357 2243 unde
366 2213 392 2242 ³:
412 2213 501 2244 Dona
516 2212 703 2251 iniquorum
710 2217 774 2241 non
787 2208 899 2248 probat
909 2208 1042 2240 Alassi-

275 2275 343 2298 mus
355 2277 362 2296 t
377 2266 431 2297 sed
442 2266 501 2296 ista
513 2267 580 2296 erat
590 2265 698 2294 contra
710 2264 870 2303 pietatem,
885 2261 961 2302 quia
971 2271 1043 2292 con-

274 2320 454 2351 summabat
469 2319 585 2349 frustm
603 2317 687 2357 quod
710 2318 778 2347 erat
798 2316 874 2346 utile
894 2315 1043 2355 pauperi-

273 2373 333 2403 bns
348 2381 442 2411 ergo,
458 2374 516 2402 etc.

305 2472 311 2488 ¹
330 2471 405 2501 nug..
417 2470 460 2494 lib.
475 2470 493 2499 1,
506 2477 533 2500 p.
546 2469 576 2499 ll,
589 2474 697 2493 c.111.-
708 2468 716 2482 ²
727 2469 811 2498 Grcg„
823 2466 928 2496 Mat-al„
942 2466 986 2489 lib.
1001 2466 1042 2496 lv,

273 2514 295 2530 c.
312 2512 340 2530 11.
354 2519 383 2523 —-
403 2507 412 2521 ’ὁ
427 2505 516 2535 Εεοίί.,
532 2510 621 2535 xxxiv,
636 2505 676 2528 23.
692 2516 723 2521 -
738 2504 746 2517 ⁴
762 2504 838 2533 llug.‚
853 2502 897 2526 lib.
913 2502 932 2532 l,
947 2508 972 2532 p.
989 2501 1044 2531 ΧΗ,

273 2549 296 2565 c.
312 2548 337 2564 x.
351 2554 380 2559 —
395 2541 405 2558 ⁶
417 2540 501 2570 Hehr„
517 2546 553 2569 xl,
567 2541 590 2564 5.

307 2595 340 2625 (a,
353 2595 413 2618 coet.
429 2594 488 2618 edit.
504 2593 619 2618 adorare.
634 2606 665 2611 --
680 2592 713 2624 (b)
730 2592 819 2623 prima.

813 119 1124 153 SENTENTIARUM
1146 121 1220 152 LlB.
1246 121 1294 152 lV.

1365 240 1589 272 CONCLUSIO.

1088 332 1229 366 Sacrificia
1250 332 1315 366 leqis
1334 334 1439 359 naturae
1457 333 1559 359 nullam
1574 332 1606 359 de
1620 339 1647 360 se
1661 332 1793 360 habebant
1806 335 1861 368 effi-

1124 378 1227 404 caciam
1242 378 1271 403 in
1286 377 1390 403 adultis
1405 377 1442 403 ad
1457 377 1635 404 remissionem
1649 378 1757 412 peccati
1775 379 1861 412 origi-

1123 422 1212 453 nah's;
1235 422 1281 448 sed
1305 423 1410 448 tantum
1432 422 1536 447 ratione
1559 420 1622 454 fidei
1645 421 1753 455 aliquid
1773 422 1863 454 conse-

1123 465 1224 492 ‘rebant

1130 561 1219 600 llcsp.
1247 560 1284 591 ad
1308 569 1380 599 arg.
1407 560 1452 590 Ad
1477 560 1594 591 horum
1618 560 1861 600 intelligentiam
1882 570 1982 593 comma-

1089 616 1134 644 est
1149 614 1392 653 praenotandum
1403 637 1411 650 ‚
1429 614 1512 653 quod
1528 614 1609 644 sicut
1622 613 1696 644 dicit
1710 614 1861 653 magister

1876 603 1929 624 ratio
1947 602 1983 622 tri-

1903 633 1961 661 plez.

1090 666 1216 705 Ilugo&
1240 667 1273 696 in
1292 667 1364 706 lege
1383 669 1506 698 naturae
1527 667 1587 697 tria
1606 668 1736 698 suerunt
1755 676 1861 698 sacra·
1877 664 1979 686 cmm-¹

1090 721 1270 750 mentorum
1299 729 1418 759 genera
1433 744 1440 757 ,
1469 719 1586 750 scilicet
1613 720 1838 751 decimationes
1849 744 1858 759 ‚

1089 773 1273 811 oblationes,
1286 775 1317 804 et
1329 773 1491 804 sacrificia.
1508 773 1555 804 Ad
1569 783 1707 814 quorum
1719 773 1862 805 notitiam

1089 827 1149 857 tria
1163 829 1238 857 sunt
1258 827 1419 857 notanda:
1441 827 1543 866 primo
1554 827 1590 866 (b)
1605 851 1614 864 ,
1635 836 1707 867 quae
1731 827 1771 858 sit
1784 827 1863 858 ratio

1090 880 1274 910 instituendi
1297 880 1349 910 illa
1371 882 1586 917 sacramenta;
1609 880 1768 918 secundo,
1793 880 1864 920 quis

1089 933 1129 963 sit
1145 933 1256 964 modus
1268 944 1282 971 ;·
1294 933 1404 970 tortio,
1429 942 1502 972 quae
1517 933 1665 963 efficacia.
1690 932 1796 963 Prima
1812 941 1864 964 ra-

1089 986 1133 1016 tio
1143 989 1188 1016 est
1198 986 1249 1016 liei
1260 986 1490 1016 honorificatio.
1503 985 1682 1016 Notandum
1692 994 1771 1025 ergo
1779 985 1865 1026 quod

1091 1039 1167 1069 tides
1181 1040 1212 1069 in
1222 1040 1318 1078 justis
1332 1040 1418 1069 omni
1433 1042 1574 1078 tempore
1587 1039 1737 1077 cucurrit,
1755 1040 1785 1069 et
1798 1038 1867 1069 nul-

1091 1091 1139 1121 lus
1161 1093 1220 1122 nisi
1239 1093 1269 1122 in
1292 1093 1353 1122 tide
1374 1092 1514 1122 salvatus
1534 1095 1599 1122 est:
1623 1101 1703 1131 ergo
1723 1094 1867 1132 tempore

1092 1146 1171 1184 legis
1187 1146 1339 1176 naturalis
1355 1147 1424 1176 haer
1440 1145 1516 1175 fides
1531 1147 1608 1182 erat,
1625 1153 1696 1184 quae
1708 1145 1816 1175 fideles
1831 1145 1866 1175 il-

1092 1199 1267 1228 luminabat
1278 1198 1316 1228 ad
1328 1198 1398 1236 hoc,
1413 1198 1497 1237 quod
1510 1198 1674 1228 crederent
1685 1197 1770 1237 quod
1785 1197 1867 1228 Deus

1092 1254 1159 1281 erat
1174 1252 1311 1289 Creator7
1328 1251 1412 1290 qnod
1430 1250 1629 1289 Redemptor,
1647 1250 1730 1289 quod
1746 1249 1866 1280 Remu-

1093 1306 1237 1334 nerator:
1256 1303 1325 1333 ideo
1339 1304 1416 1333 tides
1432 1303 1641 1332 illuminabat.
1659 1301 1697 1332 Et
1709 1301 1868 1332 dictamen

1093 1360 1215 1388 natnrae
1231 1357 1432 1394 consonabat,
1450 1356 1591 1386 uthomo
1606 1354 1666 1386 Deo
1678 1355 1822 1392 serviret,
1837 1356 1869 1386 et

1094 1421 1151 1441 sua
1166 1412 1205 1441 ab
1221 1411 1289 1451 ipso
1305 1412 1557 1449 recognosceret,
1570 1411 1600 1439 et
1615 1409 1684 1445 hoc,
1701 1407 1784 1448 quod
1801 1416 1868 1438 cre-

1093 1464 1194 1502 debat
1211 1464 1306 1503 signo
1320 1463 1435 1494 visibili
1449 1463 1544 1493 etiam
1557 1461 1791 1501 quodammodo
1805 1469 1870 1490 nia-

1095 1517 1255 1547 nit'estaret
1270 1528 1276 1547 ι
1293 1517 1363 1547 ideo
1378 1516 1472 1554 signa
1490 1516 1619 1546 suerunt
1632 1517 1773 1554 tempore
1787 1513 1868 1552 legis

1094 1572 1219 1600 naturae
1233 1594 1240 1606 ,
1265 1570 1298 1600 in
1320 1569 1436 1608 quibus
1462 1568 1543 1599 Deus
1563 1567 1790 1605 honorabatur,
1813 1566 1869 1606 qui

1095 1623 1202 1653 omnia
1216 1625 1396 1659 creaverat,
1420 1624 1455 1651 ut
1474 1622 1506 1651 in
1526 1621 1694 1651 oblatione.
1716 1619 1870 1651 Similiter

1094 1677 1310 1707 honorabatur
1324 1678 1359 1706 ut
1377 1675 1576 1714 Redemptor,
1597 1675 1710 1713 utputa
1725 1674 1758 1703 in
1772 1673 1869 1703 sacri-

1095 1730 1186 1767 sicio3
1203 1731 1239 1759 ut
1254 1730 1408 1768 perfectus
1424 1728 1664 1765 Reniunerator‚
1683 1726 1716 1756 in
1730 1726 1867 1757 decima-

1877 695 1938 717 Ratio
1963 697 1982 716 1.

1096 1784 1181 1813 ‘tione
1195 1792 1202 1813 :
1220 1783 1368 1813 denarius
1383 1781 1469 1811 enim
1483 1784 1527 1811 est
1544 1789 1697 1811 numerus
1712 1780 1867 1820 perfectis·
1884 1793 1989 1816 new-iu,

1096 1836 1214 1874 simus,
1238 1835 1315 1875 quia
1330 1837 1393 1865 tres
1415 1834 1618 1873 perfectiones
1640 1832 1733 1863 habet
1755 1833 1788 1863 in
1809 1842 1864 1864 se:

1881 1833 1983 1849 numeru!

1881 1864 1920 1878 eur
1942 1865 1990 1885 per·

1097 1890 1201 1930 prima
1221 1891 1267 1919 est
1283 1889 1433 1924 unitati53
1455 1887 1610 1924 secunda,
1631 1885 1782 1923 ternarii;
1803 1888 1867 1916 ter-
1880 1891 1968 1912 rectissi-

1097 1943 1152 1980 tia,
1168 1942 1304 1980 senarii3
1321 1951 1392 1981 quie
1408 1940 1504 1971 simul
1515 1942 1628 1979 Juncta
1642 1940 1758 1970 faciunt
1771 1939 1867 1970 dena-

1097 1997 1183 2027 rium
1199 2007 1205 2026 :
1223 1998 1254 2027 et
1267 1996 1336 2026 ideo
1349 1995 1390 2026 ibi
1403 1997 1502 2025 status
1515 1996 1560 2024 est
1572 2005 1579 2032 ;
1597 1995 1726 2033 propter
1739 1993 1800 2024 hoc
1813 1992 1868 2023 ho-

1098 2050 1271 2080 norabatur
1292 2048 1374 2079 Deus
1395 2050 1430 2077 ut
1451 2047 1605 2086 perfectus
1626 2045 1866 2076 Remunerator.

1099 2101 1206 2132 Unitas
1220 2103 1266 2132 est
1279 2101 1364 2132 enim
1380 2100 1524 2140 perfecta,
1543 2098 1619 2138 quia
1633 2099 1679 2128 est
1692 2098 1798 2129 omnis
1812 2107 1869 2129 nu-

1101 2154 1178 2184 meri
1200 2153 1348 2194 perfectio
1360 2164 1367 2190 ;
1392 2152 1549 2182 ternarius
1562 2175 1570 2189 ‚
1593 2151 1670 2191 qnia
1690 2152 1811 2182 constat
1831 2159 1870 2181 ex

1099 2208 1247 2239 omnibus
1262 2207 1403 2247 partibus
1417 2206 1499 2243 suis,
1517 2215 1556 2235 ex
1570 2207 1659 2245 parte
1673 2204 1824 2244 aliquota,
1841 2206 1871 2234 et

1099 2270 1164 2292 non
1176 2261 1330 2300 aliquota;
1348 2260 1490 2290 senarius
1506 2268 1593 2296 vero,
1611 2259 1686 2298 quia
1699 2259 1820 2289 constat
1831 2267 1869 2288 ex

1099 2315 1248 2346 omnibus
1268 2315 1410 2354 partibus
1434 2313 1593 2353 aliquotis,
1623 2311 1766 2343 Secunda
1791 2311 1870 2342 ratio

1100 2372 1146 2398 cst
1160 2368 1233 2398 fidei
1249 2367 1465 2406 Redeniptoris
1480 2366 1631 2406 professio
1646 2376 1652 2396 τ
1670 2365 1750 2395 sicut
1763 2363 1847 2394 enim
1859 2363 1870 2379 ⁶

1098 2422 1206 2453 nullus
1219 2422 1288 2452 sine
1303 2421 1364 2459 stile
1377 2424 1476 2460 potest
1494 2420 1551 2451 Deo
1566 2420 1695 2458 placere,
1709 2418 1753 2447 sic
1764 2416 1870 2448 nullus

1099 2475 1165 2505 sinc
1181 2475 1240 2505 title
1255 2474 1432 2504 Mediatoris
1451 2482 1469 2503 a
1490 2475 1615 2513 peccato
1632 2478 1801 2508 resurgere
1816 2480 1823 2500 :
1840 2472 1870 2499 et

1099 2528 1181 2558 sicut
1198 2528 1275 2558 tides
1294 2527 1478 2567 simpliciter
1496 2525 1632 2556 dictabat
1644 2523 1699 2554 Dei
1713 2522 1868 2554 honorifi-

1100 2582 1268 2618 cationem,
1282 2581 1326 2612 ita
1336 2581 1404 2612 haec
1412 2579 1647 2620 professionem.
1662 2577 1701 2608 Et
1709 2576 1785 2616 quia
1794 2577 1870 2607 tunc

1908 1927 1964 1944 mu!-

1899 2325 1959 2348 Ratio
1968 2327 1989 2347 2.
