2017 2948
120 409 223 430 Fundam.

131 2009 162 2028 ‚td
173 2016 222 2036 opp.

241 171 279 202 10

499 243 676 283 QUAESTIO
698 243 752 276 111.

262 318 307 345 An
321 317 396 343 homo
407 317 493 351 possit
507 324 642 351 resur-aere
655 318 685 343 in
700 317 800 343 minori
813 315 947 343 charitate
962 315 981 342 ¹.

277 395 391 427 Utrum
405 396 502 428 homo
516 397 614 437 possit
628 404 797 435 resurgere
810 396 843 426 in
857 395 1009 426 charitate

238 449 373 488 minori;
397 452 428 480 et
450 450 536 490 quod
558 450 614 487 sic,
631 449 777 480 videtur:
793 449 869 489 quia
881 448 1007 488 quanti-

238 505 285 534 tas
307 503 468 534 charitatis
486 504 521 534 in
543 503 610 543 ipso
626 503 757 534 homine
771 502 942 533 attenditur
957 510 1007 532 se·

239 557 379 587 cundum
406 556 624 588 liberalitatem
650 556 734 587 Dei:
761 555 816 586 sed
841 555 1010 585 liberalitas

238 609 293 641 Dei
305 618 369 640 non
383 612 429 641 est
442 612 559 641 arctata
573 610 633 650 ipsi
647 608 803 650 peccatori
816 608 855 639 ad
869 607 1010 639 dandum

239 665 362 694 tantum
374 687 382 700 ‚
398 673 457 695 nec
479 664 552 704 plus
565 687 574 701 ,
598 673 656 694 nec
682 664 788 694 minus
803 673 811 693 ε
827 670 906 701 ergo
931 661 1011 692 sicut

238 718 340 756 potest
354 725 521 756 resurgere
534 717 568 748 in
584 718 713 757 maj0ri,
729 717 773 747 ita
787 718 818 747 et
832 718 865 746 in
880 714 1008 746 minori.

280 768 369 805 Item.
384 769 468 801 Deus
481 770 532 800 dat
545 770 668 800 homini
682 770 821 809 gratiam
835 767 1011 800 secundum

239 822 324 862 quod
344 832 377 853 se
402 825 559 862 praeparat
577 826 606 854 et
621 823 758 864 disponit
773 833 781 854 ι
797 822 852 854 sed
863 821 1012 862 possibile

239 878 285 905 est
301 874 386 914 quod
400 877 545 915 peccator
556 899 564 912 ,
582 885 657 906 cum
680 876 841 915 resurgit,
857 875 965 906 minus
979 884 1012 905 se

239 930 395 968 praeparet
417 928 457 959 ad
479 929 616 967 gratiam
629 952 636 966 ‚
653 938 750 969 quam
779 931 851 959 ante
876 937 909 958 se
932 936 1013 968 prae-

239 983 429 1021 paraverat:
450 990 527 1021 ergo
551 981 698 1022 possibile
720 983 766 1012 est
784 981 869 1021 quod
892 981 926 1011 in
947 980 1013 1011 mi-

240 1035 312 1066 nori
327 1034 477 1066 charitate
491 1037 521 1066 et
535 1035 639 1075 gratia
652 1037 811 1074 resurgat.

281 1087 377 1127 Item,
394 1087 506 1128 culpa,
529 1090 686 1128 quantum
706 1090 753 1118 est
770 1087 809 1118 de
827 1096 872 1126 se,
897 1086 1013 1127 expelli

241 1143 342 1182 potest
364 1150 421 1181 per
443 1140 769 1181 quantulamcumque
783 1141 932 1180 gratiam.
950 1140 1011 1171 Ite-

241 1203 330 1232 rum,
350 1193 485 1224 charitas
510 1194 692 1234 praecedens
711 1194 792 1224 nihil
806 1196 947 1224 meretur
960 1202 1013 1224 re-

241 1250 350 1288 spectu
382 1247 543 1277 charitatis
566 1247 786 1287 subsequentis
813 1258 819 1278 :
846 1256 925 1286 ergo
957 1255 1015 1278 nec

243 1301 334 1341 culpa
354 1301 566 1341 subsequens,
593 1309 651 1331 nec
679 1300 816 1331 charitas
834 1300 1015 1340 praecedeus

243 1355 362 1393 exigit,
388 1354 472 1394 quod
487 1354 584 1385 homo
605 1354 638 1384 in
661 1353 778 1394 aequali
795 1353 949 1384 charitate
963 1353 1016 1385 vel

244 1412 347 1453 gratia
360 1414 509 1451 resurgat
524 1421 531 1442 :
547 1420 625 1451 ergo
636 1411 781 1451 possibile
791 1413 838 1442 est
848 1410 955 1451 ipsum
969 1419 1017 1442 re-

243 1474 375 1505 surgere
389 1465 424 1496 in
437 1465 566 1496 minori.

283 1518 373 1557 Item,
389 1519 416 1549 si
430 1519 526 1550 homo
539 1527 605 1549 non
618 1521 722 1558 posset
731 1526 899 1556 resurgere
914 1516 947 1548 in
961 1517 1018 1547 mi-

245 1572 316 1604 nori
336 1571 488 1602 charitate
498 1596 506 1610 ‚
527 1574 604 1602 tunc
619 1571 733 1602 cadens
747 1580 767 1601 a
780 1571 930 1602 charitate
944 1579 1018 1611 per-

244 1627 324 1657 fecta
343 1634 407 1656 non
433 1627 535 1665 posset
558 1633 728 1664 resurgere
743 1624 806 1654 nisi
820 1624 853 1654 in
867 1624 1018 1655 charitate

247 1679 382 1719 perfecta
406 1689 412 1709 :
438 1679 491 1709 sed
513 1678 667 1716 charitas,
692 1687 767 1709 cum
785 1678 947 1717 resurgit,
971 1680 1019 1709 est

246 1732 400 1772 incipiens
417 1742 425 1763 t
443 1741 521 1771 ergo
544 1731 639 1761 simul
659 1733 740 1762 esset
761 1731 800 1771 (a)
818 1731 970 1771 incipiens
988 1733 1019 1762 et

246 1785 382 1826 perfecta
406 1796 413 1816 :
439 1785 525 1825 quod
548 1784 711 1815 manifeste
734 1784 848 1815 falsum
862 1786 928 1822 est,
944 1793 1019 1815 cum

246 1848 341 1870 nemo
356 1841 483 1879 repente
505 1838 560 1868 fiat
578 1846 724 1869 summus
736 1861 744 1874 ‚
760 1839 791 1868 et
808 1839 882 1868 ante
901 1839 1019 1868 statum

246 1892 444 1932 perfectionis
461 1891 635 1922 necessario
649 1892 828 1931 praecurrat
840 1892 940 1922 status
961 1890 1020 1921 im-

247 1945 402 1985 perfectus
413 1947 443 1975 et
456 1944 653 1984 inceptionis,

290 1997 349 2028 Sed
363 2000 482 2035 contra,
503 1999 518 2027 1
535 1998 545 2014 ²
562 2008 568 2027 :
597 1998 632 2028 Si
656 1998 776 2036 impius
797 1998 894 2037 egerit
919 1997 1021 2038 poeni-

248 2051 393 2088 tentiam,
418 2051 560 2082 omnium
584 2050 798 2089 iniquitatum
827 2050 910 2088 ejus,
939 2058 1020 2089 quas

248 2106 395 2142 operatus
417 2106 472 2140 est,
494 2111 559 2134 non
580 2102 778 2134 recordabor.
796 2103 921 2133 Constat
935 2103 1019 2142 quod

249 2165 315 2187 non
322 2156 469 2195 intelligit
479 2156 516 2186 de
525 2155 683 2186 oblivione
697 2158 853 2195 quantum
863 2155 903 2186 ad
913 2158 1021 2187 actum

249 2209 419 2248 cogitandi,
434 2209 488 2240 sed
496 2211 653 2248 quantum
671 2208 711 2239 ad
729 2211 837 2239 actum
851 2209 1018 2248 puniendi:

249 2262 302 2293 sed
324 2262 421 2292 homo
442 2270 507 2292 non
529 2261 661 2301 punitur
683 2261 788 2292 solum
803 2271 859 2301 per
873 2261 1020 2293 inflictio-

251 2323 324 2346 nem
333 2315 420 2353 mali,
436 2314 489 2345 sed
504 2315 599 2345 etiam
609 2324 665 2354 per
672 2315 920 2345 subtractionem
928 2315 1020 2346 boni:

251 2368 277 2398 si
303 2376 381 2407 ergo
411 2367 563 2398 Dominus
591 2376 656 2398 non
685 2368 868 2399 recordatur
894 2368 1022 2399 illorum

251 2423 451 2461 peccatorum
463 2420 501 2450 ad
517 2429 644 2461 poenam
659 2422 823 2458 aeternam,
840 2430 913 2451 cum
929 2421 1021 2451 dimi-

252 2474 343 2505 nutio
357 2473 517 2504 charitatis
530 2473 622 2505 saciat
636 2473 677 2505 ad
690 2473 933 2505 diminutionem
945 2483 1024 2514 prae-

286 2561 294 2576 ¹
310 2560 349 2589 Cf.
363 2559 431 2583 Alex.
444 2559 552 2590 alensis,
564 2559 644 2590 cont,
660 2566 685 2591 p.
704 2559 745 2588 ΙΙΙ,
757 2559 815 2584 coll.
829 2566 920 2590 uxui,
934 2562 981 2584 art.
994 2562 1022 2591 33

255 2596 280 2619 S.
292 2595 393 2625 Thom.,
406 2595 670 2624 tttSent.,dist.xxx1,
683 2600 732 2626 (μ,
749 2598 795 2619 art.
812 2596 833 2625 ὸς
847 2595 974 2620 Richard..
991 2596 1021 2619 ΙΙΙ

287 2644 319 2674 (a)
337 2646 396 2668 coet.
412 2644 472 2668 edic.
490 2646 535 2667 cst.

800 168 1111 201 SENTENTIARUM
1129 169 1203 202 [ΑΒ.
1227 169 1280 201 111.

1063 236 1121 268 mii
1142 236 1368 276 substantialis,
1393 239 1425 269 et
1439 237 1485 268 ita
1505 236 1546 268 ad
1565 237 1721 268 damnum
1741 237 1835 268 aeter-

1064 297 1163 326 num,
1179 288 1305 320 videtur
1325 288 1411 329 quod
1433 289 1650 320 necessarium
1672 287 1713 319 sit
1735 286 1838 319 homi-

1065 350 1139 372 nem
1162 341 1197 372 in
1219 342 1335 383 aequali
1353 342 1504 373 charitate
1515 365 1524 380 ‚
1543 340 1592 373 vel
1606 341 1639 372 in
1653 340 1768 381 majori
1785 349 1836 372 re-

1065 403 1209 433 surgere.

1105 449 1135 478 2.
1152 447 1231 478 Item
1246 448 1257 465 ³
1274 448 1427 480 :Scimus
1450 449 1602 488 quoniam
1625 445 1839 487 diligentibus

1066 500 1164 532 Deum
1178 501 1287 533 omnia
1298 503 1507 541 cooperantur
1518 502 1554 532 in
1565 500 1679 532 bonum
1689 511 1701 536 ,·
1712 499 1836 531 Glossa:

1071 564 1085 582 α
1101 553 1169 594 Ipse
1182 555 1278 585 etiam
1298 563 1389 585 casus
1411 554 1445 584 in
1466 553 1609 585 mortale.
1631 564 1646 582 n
1665 552 1727 584 Sed
1749 560 1840 584 casus

1066 607 1100 638 in
1114 608 1247 639 mortale
1262 610 1425 648 peccatum
1432 616 1497 638 non
1505 608 1728 647 cooperaretur
1742 605 1777 637 in
1783 604 1840 637 bo·

1066 672 1163 701 num,
1187 663 1249 694 nisi
1264 663 1362 694 homo
1385 664 1568 702 resurgeret
1587 662 1622 693 in
1641 660 1775 702 aequali,
1789 660 1841 692 vel

1066 716 1100 747 in
1123 717 1237 757 majori
1256 716 1409 747 charitate
1427 725 1434 746 :
1451 715 1579 747 videtur
1601 723 1680 754 ergo
1693 713 1779 754 quod
1788 721 1842 746 ne-

1067 769 1239 800 cessarium
1261 769 1302 800 sit
1322 769 1487 800 hominem
1499 768 1534 799 in
1547 767 1664 808 aequali
1677 766 1839 805 charitate,

1067 822 1119 853 vel
1133 822 1246 862 majori
1260 830 1441 861 resurgere.

1108 877 1138 906 3.
1155 874 1233 906 Item
1247 883 1344 915 super
1358 874 1437 905 illud
1452 873 1580 905 Genesis
1594 874 1604 890 ⁶
1621 882 1630 904 :
1647 873 1780 905 Factum
1796 876 1843 906 est

1066 936 1188 968 vespere
1202 932 1231 961 et
1246 936 1337 960 mane
1351 927 1418 959 dies
1432 935 1528 965 unus,
1543 927 1651 958 Glossa
1667 937 1675 958 :
1691 937 1707 956 α
1716 925 1844 967 Vesper-

1067 982 1136 1013 tina
1157 982 1215 1013 lux
1235 983 1282 1012 est
1300 981 1335 1012 in
1349 990 1413 1022 qua
1427 982 1500 1021 quis
1517 981 1648 1019 cecidit;
1674 980 1842 1018 matutina,

1068 1034 1102 1066 in
1128 1044 1193 1076 qua
1213 1035 1366 1074 resurgit.
1391 1045 1406 1064 n
1433 1034 1467 1066 Si
1497 1043 1576 1074 ergo
1602 1034 1660 1065 lux
1688 1033 1846 1066 matutina

1069 1097 1194 1128 semper
1209 1090 1311 1129 maj0r
1332 1091 1380 1120 est
1397 1088 1576 1129 vespertina
1587 1112 1596 1127 ‚
1611 1088 1738 1120 videtur
1759 1086 1845 1128 quod

1070 1142 1172 1181 major
1186 1141 1225 1173 sit
1239 1142 1374 1173 charitas
1383 1166 1392 1181 ,
1407 1142 1440 1173 in
1455 1151 1519 1182 qua
1532 1141 1605 1182 quis
1618 1140 1770 1181 resurgit.

1109 1198 1139 1227 4.
1161 1195 1239 1226 ltem
1260 1196 1392 1236 majoris
1414 1195 1543 1227 virtutis
1571 1197 1620 1227 est
1641 1194 1728 1235 quod
1742 1194 1840 1235 pellit,

1070 1257 1170 1289 quam
1192 1249 1276 1289 quod
1302 1249 1429 1290 pellitur
1452 1259 1459 1280 :
1483 1248 1538 1280 sed
1565 1248 1702 1279 charitas
1725 1248 1761 1279 in
1781 1256 1848 1288 qua

1070 1302 1143 1343 quis
1156 1303 1296 1342 resurgit
1307 1326 1315 1340 ‚
1331 1302 1420 1343 pellit
1432 1301 1512 1333 illud
1524 1301 1610 1342 quod
1629 1300 1752 1342 expulit
1770 1300 1846 1332 cha-

1070 1355 1217 1394 ritatem,
1244 1364 1263 1386 a
1286 1365 1351 1396 qua
1373 1355 1445 1396 quis
1467 1354 1603 1386 cecidit:
1623 1363 1703 1394 ergo
1721 1362 1848 1386 necesse

1071 1410 1118 1440 est
1137 1408 1322 1439 charitatem
1351 1408 1599 1448 subsequentem
1634 1408 1792 1448 maiorem
1815 1409 1847 1439 et

1071 1463 1234 1494 fortiorem
1245 1471 1313 1493 esse
1326 1461 1391 1500 illo,
1407 1461 1492 1502 quod
1505 1461 1694 1492 charitatem
1710 1460 1847 1502 expulit,

1072 1518 1104 1547 et
1122 1526 1179 1556 per
1194 1525 1390 1557 consequens
1403 1516 1472 1556 ipsa
1488 1515 1652 1555 charitate,
1667 1524 1687 1547 a
1699 1524 1763 1556 qua
1776 1515 1850 1556 quis

1073 1569 1194 1600 cecidit.

1348 1641 1575 1675 CONCLUSIO.

1074 1722 1157 1748 Homo
1179 1721 1301 1755 deficiens
1315 1729 1333 1748 α
1350 1721 1500 1755 charitate,
1520 1728 1575 1748 non
1596 1720 1672 1748 modo
1686 1721 1717 1748 in
1733 1721 1848 1756 manati,

1109 1766 1154 1792 sed
1166 1767 1195 1793 in
1208 1767 1307 1793 minori
1317 1768 1341 1793 et
1355 1766 1454 1800 majori
1460 1768 1548 1801 potest
1563 1773 1697 1800 resurqere
1705 1765 1849 1799 charitate,

1110 1810 1249 1837 secundam
1261 1810 1334 1845 quod
1348 1810 1524 1838 diversimode
1537 1818 1563 1838 se
1575 1810 1706 1845 disponit.

1114 1894 1206 1935 Resp.
1222 1894 1262 1926 ad
1275 1903 1347 1934 arg.
1363 1894 1412 1926 Ad
1425 1893 1651 1935 praedictorum
1668 1893 1850 1934 intelligen-

1074 1948 1151 1979 tiam
1176 1950 1223 1979 est
1250 1948 1443 1986 notandum,
1476 1947 1561 1988 quod
1585 1947 1769 1987 aliquorum
1796 1947 1853 1978 ali-

1074 2002 1202 2042 quando
1216 2002 1276 2033 fuit
1288 2002 1411 2042 opinio,
1427 2002 1515 2042 quod
1529 2010 1656 2033 necesse
1669 2003 1738 2033 erat
1749 2001 1852 2033 homi-

1074 2064 1149 2086 nem
1163 2064 1335 2094 resurgere
1354 2055 1389 2086 in
1404 2054 1519 2095 aequali
1530 2078 1539 2093 ,
1554 2054 1607 2086 vel
1621 2054 1736 2094 majori
1749 2053 1851 2085 chari-

1074 2109 1148 2138 tate.
1174 2107 1213 2138 Et
1233 2107 1273 2138 ad
1294 2107 1354 2138 hoc
1374 2107 1561 2147 ponendum
1579 2107 1657 2138 moti
1682 2109 1758 2138 sunt
1780 2110 1851 2138 tum

1075 2170 1115 2192 ex
1142 2160 1390 2192 consideratione
1412 2160 1530 2192 divinae
1553 2159 1767 2200 dispositionis
1784 2160 1852 2193 sive

1075 2213 1361 2254 praedestinationis
1383 2224 1391 2251 ;
1423 2215 1492 2244 tum
1527 2221 1568 2244 ex
1601 2213 1853 2245 consideratione

1075 2266 1312 2303 retributionis;
1346 2268 1417 2296 tum
1443 2274 1484 2296 ex
1507 2265 1757 2298 consideratione
1779 2275 1853 2298 nos-

1076 2323 1134 2350 trae
1158 2319 1377 2359 reparationis.
1408 2318 1458 2349 Ex
1484 2318 1735 2350 consideratione
1758 2328 1855 2351 nam-

1076 2382 1139 2413 que
1154 2372 1270 2404 divinae
1286 2371 1575 2412 praedestinationis
1586 2372 1665 2402 moti
1679 2374 1764 2409 sunt,
1778 2372 1856 2413 quia

1076 2427 1242 2465 dixerunt,
1261 2425 1347 2466 quod
1372 2425 1579 2465 diligentibus
1609 2425 1712 2457 Deum
1746 2426 1856 2458 omnia

1078 2482 1288 2520 cooperantur
1306 2479 1341 2511 in
1364 2479 1488 2511 bonum
1510 2479 1561 2511 his
1574 2503 1585 2519 ‚
1600 2479 1658 2520 qui
1677 2480 1855 2513 secundum

1079 2577 1158 2607 Sent.‚
1171 2576 1228 2600 dist.
1245 2581 1317 2606 xxxi,
1331 2595 1337 2605 ,
1349 2583 1374 2608 q.
1390 2583 1406 2600 ιι
1418 2585 1425 2607 3
1439 2576 1527 2608 Stepli.
1546 2576 1649 2607 Bruler,
1661 2577 1690 2600 tlt
1703 2577 1782 2605 Seni„
1797 2576 1855 2601 dist.

1080 2618 1152 2641 xxxi,
1163 2619 1186 2642 q.
1203 2617 1239 2634 111.
1253 2612 1298 2628 —2
1310 2611 1406 2642 Ezech„
1420 2613 1585 2643 xv111,12.—
1601 2612 1695 2641 ³Rom..
1706 2617 1763 2642 vin,
1774 2611 1812 2635 28.
1826 2623 1856 2630 -

1079 2649 1087 2664 ⁸
1098 2648 1192 2676 Genes„
1206 2652 1224 2676 ι,
1241 2648 1264 2672 5.

1879 2123 1957 2152 Opinio

1868 2156 1970 2177 aliorum.
