2017 2948
44 851 148 873 Fundam.

579 188 676 219 DIST.
701 189 723 219 I.
750 188 864 220 PART.
889 189 925 219 ΙΙ.
949 188 1039 220 ART.
1065 188 1101 219 Il.
1125 187 1275 225 QUAEST.
1301 188 1353 219 ΙΙΙ.

166 257 328 285 removeat
350 255 474 295 culpam
497 255 580 295 quod
604 256 711 286 tamen
729 264 794 285 non
814 255 865 286 det
892 256 930 295 (a)

166 309 303 347 gratiam
321 319 328 340 ι
352 317 430 347 ergo
449 308 475 338 si
490 308 549 339 hoc
563 310 609 339 est
625 307 772 348 possibile
785 332 794 346 ‚
810 310 840 339 et
856 317 934 339 con-

167 362 272 392 cordat
290 361 370 393 ratio
391 363 422 392 et
441 361 629 399 auctoritas,
646 361 679 391 in
694 362 933 392 circumcisione

167 424 231 446 non
251 415 344 446 datur
366 414 481 453 gratia.

207 470 236 498 4.
253 467 331 498 Item
343 492 350 505 ,
369 467 395 497 si
410 469 492 498 Deus
512 468 593 498 esset
609 466 694 497 solus
709 467 798 498 dator
812 467 933 498 forma-

166 530 256 559 rum,
272 521 374 552 virtus
388 520 531 560 primarii
546 520 670 558 agentis
685 522 765 550 esset
779 520 882 550 solnm
899 521 932 551 in

166 574 351 613 abjiciendo,
369 573 479 603 nonin
490 572 654 612 ponendo:
672 581 750 612 ergo
765 582 837 603 cum
851 573 932 604 Deus

165 627 204 657 sit
218 627 308 657 dator
322 626 452 665 gratiae,
470 625 572 657 virtus
591 625 838 657 circumcisionis
865 628 933 657 erat

166 679 267 710 solum
282 679 315 709 in
329 679 505 710 amovendo
521 679 699 718 oppositum
715 679 841 718 gratiae.

206 732 328 763 Contra.
338 732 426 769 Quod
434 732 466 762 in
474 732 709 762 circumcisione
716 732 807 763 detur
816 733 928 771 gratia,

165 785 352 823 ostenditur,
363 784 438 824 quia
449 785 559 815 eadem
569 785 600 815 vi
612 787 657 815 est
665 785 826 825 corruptio
836 786 932 816 unius

164 838 309 877 oppositi,
322 840 351 868 et
366 838 527 876 generatio
540 838 684 874 alterius,
702 839 731 868 et
746 837 856 868 eadem
869 848 932 878 qua

163 890 318 921 receditur
332 890 372 920 ab
387 899 451 921 uno
465 890 680 930 oppositorum
695 914 701 927 ,
719 891 879 921 acceditur
893 891 931 922 ad

163 943 347 983 reliquum:
371 952 450 982 crgo
473 953 545 974 cuin
568 944 671 982 gratia
699 946 729 974 et
753 943 845 983 culpa
871 944 932 974 sint

164 997 316 1036 opposita7
334 997 443 1028 eadem
458 997 501 1035 vi,
519 1006 582 1036 qua
598 996 719 1027 deletur
734 996 836 1036 culpa,
855 1005 929 1027 con-

163 1050 264 1080 fertur
279 1052 309 1080 et
332 1050 434 1089 gratia
452 1060 458 1080 :
476 1058 554 1089 ergo
575 1049 600 1079 si
619 1049 817 1080 circumcisio
832 1051 878 1080 est
893 1049 932 1080 ad

164 1103 326 1133 delendam
343 1103 484 1142 culpam,
501 1111 625 1133 necesse
640 1104 686 1133 est
701 1103 734 1133 in
747 1111 784 1133 ea
797 1103 932 1133 conferri

162 1155 309 1195 gratiam.
336 1155 367 1186 Si
390 1156 491 1186 dicas.
517 1155 601 1195 qnod
622 1155 682 1185 hoc
706 1164 770 1186 non
793 1158 877 1186 tenet
898 1155 933 1188 in

162 1208 322 1247 moribus,
340 1208 400 1239 hoc
414 1208 493 1238 nihil
506 1213 568 1246 est,
588 1209 663 1248 quia
678 1209 866 1240 Ambrosius
883 1209 930 1240 di-

161 1262 202 1292 cit
226 1262 234 1277 ¹
265 1262 348 1302 quod
376 1271 525 1301 egressus
554 1262 619 1293 vitii
649 1264 696 1292 est
719 1262 848 1293 virtutis
881 1263 930 1293 in-

162 1324 303 1353 gressus,

202 1368 278 1399 Item
294 1391 301 1404 ‚
325 1368 467 1398 accidens
498 1367 713 1408 corrumpitur
738 1367 929 1408 dupliciter:

161 1424 216 1452 aut
225 1416 352 1461 propter
362 1422 598 1461 corruptionem
607 1421 752 1460 subiecti,
765 1423 820 1452 aut
835 1431 931 1461 prop—

161 1477 207 1505 ter
225 1474 440 1505 inductionem
462 1474 610 1504 contrarii
629 1484 635 1505 :
652 1483 730 1513 ergo
752 1475 776 1504 si
800 1475 932 1505 circuni-

160 1528 234 1557 cisio
247 1528 349 1558 aufert
360 1527 497 1566 culpam,
507 1536 580 1557 cum
592 1536 656 1557 non
668 1529 849 1567 corrumpat
858 1528 930 1558 sul]-

156 1582 295 1620 ¹iectum,
312 1580 349 1611 de
365 1580 550 1610 necessitate
566 1579 690 1610 inducit
709 1581 903 1611 contrarium
922 1590 929 1612 ε

160 1634 211 1664 sed
228 1634 288 1663 hoc
302 1635 350 1663 est
365 1633 467 1671 gratia
485 1643 491 1663 :
508 1642 602 1671 ergo,
624 1635 682 1663 etc.
701 1633 732 1664 Si
747 1633 831 1664 dicas
846 1634 930 1673 quod

159 1687 251 1727 culpa
265 1695 329 1717 non
345 1688 392 1716 est
414 1686 557 1716 accidens
569 1710 576 1724 ,
602 1686 655 1716 sed
671 1686 804 1726 privatio
815 1711 823 1725 ,
845 1687 929 1718 idem

159 1740 312 1780 sequitur,
339 1739 413 1779 quia
435 1739 570 1778 privatio
593 1748 656 1769 non
681 1742 864 1771 removetur
889 1741 928 1771 ab

158 1793 277 1833 aliquo,
294 1792 354 1823 nisi
368 1801 424 1832 per
438 1792 625 1832 positionem
641 1793 767 1823 habitus
785 1803 792 1824 :
808 1802 886 1832 ergo
900 1793 927 1824 si

158 1846 251 1885 culpa
265 1847 311 1875 est
326 1845 460 1884 privatio
478 1845 607 1884 gratiae,
625 1854 791 1885 nunquam
807 1846 929 1877 delebi-

159 1901 223 1935 tur,
240 1898 301 1928 nisi
316 1900 451 1937 ponatur
467 1898 583 1936 gratia.

198 1952 293 1988 Item,
310 1952 471 1990 peccatum
485 1950 559 1981 dicit
574 1959 639 1981 non
654 1960 721 1981 esse
736 1951 835 1982 moris
848 1962 854 1982 z
875 1953 927 1983 sed

157 2004 412 2044 impossibileest⁷
426 2003 509 2043 quod
525 2003 607 2034 Deus
622 2004 744 2035 auferat
758 2004 851 2035 alicui
863 2014 927 2036 non

156 2067 224 2088 esse
239 2059 372 2094 naturae,
389 2056 450 2086 nisi
465 2056 568 2086 dando
579 2065 646 2087 csse
658 2067 666 2094 ;
683 2057 747 2087 imo
762 2067 826 2088 non
838 2059 928 2089 intel-

156 2110 277 2150 ligibile
288 2119 295 2140 :
307 2119 383 2149 ergo
398 2109 590 2149 impossibile
601 2111 631 2140 et
643 2119 706 2140 non
724 2111 926 2149 intelligibile

156 2166 213 2201 est,
230 2163 314 2202 quod
324 2163 446 2193 auferat
460 2171 522 2192 non
533 2171 600 2193 esse
616 2163 729 2201 moris,
747 2164 807 2194 nisi
821 2164 924 2196 dando

157 2225 224 2247 esse
240 2227 246 2246 ε
274 2216 327 2246 sed
346 2225 411 2246 non
433 2224 501 2246 esse
522 2216 618 2246 moris
635 2218 681 2246 est
696 2225 752 2256 per
772 2217 898 2256 culpam
914 2241 923 2256 ,

157 2279 223 2300 csse
237 2271 344 2299 autem
359 2269 456 2299 moris
479 2278 534 2308 per
555 2269 692 2308 gratiam
710 2280 716 2300 :
733 2278 813 2309 ergo
831 2295 839 2309 ‚
863 2273 922 2302 etc.

157 2323 190 2354 Si
209 2322 293 2353 dicas
312 2321 395 2361 quod
417 2330 481 2351 non
504 2323 550 2352 est
566 2321 681 2360 simile,
698 2323 782 2362 ¹quia
804 2333 872 2354 esse
895 2326 925 2355 et

157 2386 223 2407 non
238 2384 322 2412 esse,
337 2376 411 2405 sunt
430 2374 626 2413 immediata,
642 2385 707 2406 non
724 2376 768 2407 sic
783 2377 876 2417 culpa
894 2379 925 2409 et

156 2427 274 2467 gratia;
291 2427 399 2456 contra
412 2425 472 2455 hoc
493 2427 556 2462 est,
579 2427 651 2465 quia
666 2427 800 2466 privatio
815 2431 845 2459 et
862 2428 924 2460 ha-

155 2481 240 2511 bitus
255 2479 337 2510 circa
352 2487 445 2508 suum
462 2479 659 2517 susceptibile
674 2482 749 2511 sunt
763 2481 924 2513 immedia-

157 2536 207 2572 ta,
223 2532 304 2564 sicut
317 2531 486 2563 affirmatio
501 2532 532 2561 et
545 2532 673 2571 negatio
690 2542 697 2563 :
714 2542 793 2573 ergo
807 2534 923 2575 impos-

188 2616 193 2629 ¹
211 2614 338 2644 Ambros„
353 2613 383 2636 de
395 2612 475 2643 offic-i
491 2613 533 2637 lib.
550 2613 593 2643 ΙΙΙ,
609 2620 631 2637 α.
647 2619 677 2644 x;
691 2614 720 2638 de
734 2614 797 2640 cain
812 2618 835 2640 εί
850 2617 922 2647 Abel,

157 2650 198 2673 lib.
216 2650 246 2680 li,
259 2656 280 2673 c.
299 2655 333 2679 w,
346 2655 371 2672 n.
389 2650 425 2673 16.

1702 191 1759 220 279

991 255 1080 285 sibile
1094 257 1139 286 est
1154 255 1280 295 pr1vare
1294 264 1412 293 unum,
1433 255 1511 295 quin
1534 258 1669 295 ponatur
1683 255 1758 286 reli-

992 317 1105 348 quum.

1030 361 1119 399 Item,
1137 361 1162 390 si
1177 360 1375 391 circumcisio
1391 360 1472 391 delet
1487 360 1624 400 culpam,
1641 364 1672 392 et
1689 370 1760 400 gra-

989 414 1032 445 tia
1043 414 1132 452 delet,
1145 416 1200 444 aut
1215 422 1293 453 ergo
1308 413 1505 443 circumcisio
1517 413 1598 444 delet
1610 423 1666 453 per
1680 423 1759 453 gra-

989 467 1065 497 tiam
1076 491 1084 503 ,
1101 468 1157 497 aut
1169 476 1186 497 e
1201 475 1364 505 converso,
1382 468 1437 496 aut
1451 467 1625 505 utrumque
1641 467 1735 497 simul
1749 476 1757 497 z

989 520 1043 551 sed
1057 521 1179 551 constat
1192 519 1276 559 quod
1291 528 1355 550 non
1373 521 1546 558 utrumque
1561 519 1668 556 simul,
1683 519 1760 558 quia

989 582 1062 603 cum
1078 582 1141 603 non
1163 572 1226 603 sint
1240 572 1323 603 idem
1344 572 1377 602 in
1392 572 1569 602 substantia
1581 596 1588 610 ,
1615 581 1680 602 non
1700 571 1757 602 ha-

988 626 1064 656 bent
1092 625 1235 656 eamdem
1266 625 1481 665 operationem
1516 624 1733 655 immediatam
1750 635 1757 662 ;

988 688 1045 709 nec
1060 679 1163 718 gratia
1178 687 1232 718 per
1250 677 1524 708 circumcisionem
1539 701 1545 714 ,
1562 677 1638 717 quia
1652 677 1679 707 si
1694 686 1759 708 non

988 734 1067 763 esset
1081 731 1275 762 circumcisio
1287 755 1295 769 ,
1321 731 1425 770 gratia
1440 740 1496 770 per
1512 740 1544 761 se
1566 730 1760 761 sufficienter

987 784 1103 816 deleret
1119 784 1243 824 culpam
1258 788 1410 824 tanquam
1430 783 1614 814 immediata
1637 792 1732 814 causa
1751 794 1757 814 :

988 847 1067 877 ergo
1090 837 1287 868 circumcisio
1309 836 1391 867 delet
1410 845 1466 876 per
1485 836 1622 875 gratiam
1647 845 1654 866 ε
1679 845 1760 875 ergo

987 900 1043 930 per
1057 890 1146 930 prius
1162 890 1325 920 ordinatur
1342 889 1540 920 circumcisio
1553 889 1590 919 ad
1606 889 1756 928 gratiam,

988 952 1085 983 quam
1099 943 1137 974 ad
1152 942 1278 982 culpam
1292 942 1470 972 delendam.

1266 1060 1490 1092 CONCLUSIO.

990 1149 1161 1176 circumcisio
1188 1148 1337 1181 conferebat
1364 1150 1482 1182 qratiam
1511 1148 1699 1175 habilitantem
1724 1149 1761 1175 acl

1023 1194 1128 1223 bouum,
1147 1193 1207 1219 licet
1223 1195 1278 1219 lam
1290 1194 1445 1228 parvulam,
1460 1192 1530 1226 quod
1544 1193 1627 1218 solum
1641 1192 1760 1219 mereba-

1023 1240 1066 1263 tur
1086 1238 1141 1263 dici
1161 1237 1277 1264 dcletz'ra
1297 1238 1396 1272 θαῖμα,
1416 1238 1439 1264 ct
1456 1244 1507 1263 non
1526 1236 1700 1263 habituativa
1712 1244 1761 1271 po-

1026 1283 1126 1309 sentite.

1030 1366 1120 1406 Resp.
1140 1367 1179 1397 ad
1201 1376 1272 1406 arg.
1296 1367 1469 1397 Dicendum
1494 1367 1579 1406 quod
1594 1366 1676 1397 circa
1700 1367 1759 1398 hoc

987 1420 1105 1451 diversi
1120 1420 1330 1452 diversimode
1346 1422 1524 1450 senserunt.
1540 1419 1759 1456 Quorumdam

986 1474 1071 1504 enim
1092 1474 1203 1513 positio
1224 1474 1283 1504 fuit
1304 1498 1311 1511 ‚
1340 1473 1424 1513 quod
1449 1473 1624 1512 originale,
1652 1475 1687 1502 ut
1711 1475 1759 1503 est

986 1526 1078 1566 culpa
1091 1551 1098 1564 ,
1121 1529 1166 1557 est
1185 1526 1457 1566 concupiscentia,
1478 1535 1551 1556 cum
1573 1526 1678 1556 debito
1693 1534 1758 1556 non

986 1580 1228 1619 concupiscendi
1245 1590 1251 1610 :
1269 1581 1299 1609 et
1313 1588 1377 1609 non
1395 1579 1465 1610 ideo
1488 1580 1535 1610 est
1550 1579 1641 1618 culpa
1652 1602 1659 1616 ,
1683 1579 1759 1618 quia

986 1632 1251 1672 concupiscentia,
1269 1632 1338 1662 hfec
1353 1632 1439 1662 enim
1452 1634 1498 1662 est
1513 1632 1546 1662 in
1557 1632 1755 1672 justificatis;

985 1686 1038 1716 sed
1060 1686 1150 1723 ideo,
1174 1685 1249 1725 quia
1269 1687 1316 1715 est
1335 1695 1408 1715 cum
1430 1685 1534 1716 debito
1555 1694 1620 1715 non
1641 1694 1758 1716 concu-

985 1739 1125 1778 piscendi
1136 1749 1142 1769 z
1152 1747 1225 1769 cum
1241 1747 1318 1777 ergo
1333 1738 1456 1769 deletur
1467 1737 1561 1778 culpa
1576 1738 1754 1777 originalis,

985 1792 1059 1831 quia
1074 1792 1195 1822 deletur
1211 1792 1369 1830 quantum
1389 1791 1428 1822 ad
1443 1793 1584 1829 reatum,
1606 1793 1637 1822 et
1651 1800 1758 1822 rema-

984 1846 1037 1875 net
1053 1846 1210 1883 quantum
1225 1844 1264 1874 ad
1284 1845 1405 1881 actum,
1428 1843 1536 1874 dicunt
1555 1844 1640 1884 quod
1658 1844 1755 1875 solvi-

984 1899 1037 1927 tur
1051 1897 1192 1928 debitum
1205 1921 1212 1935 7
1230 1896 1262 1927 id
1279 1898 1325 1926 est
1348 1906 1411 1927 non
1426 1896 1615 1937 imputatur,
1633 1899 1663 1928 et
1678 1899 1757 1928 tunc

983 1959 1063 1989 ergo
1086 1952 1228 1981 remanet
1255 1950 1509 1989 concupiscentia
1536 1951 1609 1981 actu
1629 1959 1723 1990 poena
1745 1960 1752 1981 :

983 2003 1043 2034 hoc
1058 2012 1136 2042 ergo
1149 2003 1291 2042 estquod
1306 2003 1415 2034 dicunt
1427 2003 1583 2042 originale
1597 2003 1704 2041 deleri,
1722 2003 1753 2034 id

982 2058 1052 2094 est,
1068 2056 1211 2087 debitum
1225 2055 1466 2096 concupiscendi
1485 2065 1551 2086 non
1573 2057 1725 2096 imputari
1744 2068 1750 2087 :

982 2111 1012 2139 et
1029 2109 1089 2140 hoc
1103 2110 1231 2149 quidem
1247 2109 1314 2140 sine
1329 2109 1463 2149 alicuius
1478 2109 1592 2148 gratiae
1609 2109 1753 2141 collatio-

982 2173 1021 2195 ne
1035 2163 1103 2194 fieri
1118 2165 1237 2203 potest,
1254 2164 1285 2193 et
1302 2163 1337 2193 fit
1362 2162 1395 2192 in
1415 2163 1665 2193 circumcisione.
1693 2162 1753 2194 Sed

982 2218 1050 2248 haec
1069 2216 1231 2256 responsio
1254 2225 1319 2246 non
1334 2217 1435 2255 potest
1456 2217 1539 2246 stare
1563 2216 1680 2255 duplici
1698 2225 1750 2246 ra-

981 2271 1088 2301 tione:
1106 2279 1171 2300 una
1190 2269 1338 2309 quidem,
1366 2269 1441 2309 quia
1461 2268 1487 2298 si
1502 2269 1585 2299 Deus
1602 2278 1667 2300 non
1689 2269 1752 2299 im-

980 2324 1070 2363 putat
1090 2322 1149 2353 hoc
1170 2322 1310 2353 debitum
1330 2321 1390 2362 ipsi
1405 2322 1520 2352 animae
1533 2346 1540 2360 7
1559 2322 1643 2361 quod
1663 2321 1752 2362 prins

980 2375 1177 2416 imputabat,
1194 2376 1249 2406 aut
1264 2384 1342 2415 ergo
1358 2375 1465 2415 aliqua
1485 2375 1649 2407 innovatio
1670 2375 1752 2406 facta

981 2432 1026 2461 est
1045 2429 1127 2460 circa
1148 2429 1304 2467 animam,
1329 2430 1384 2459 aut
1402 2428 1539 2459 mutatio
1567 2428 1647 2459 facta
1669 2428 1752 2459 circa

981 2483 1080 2513 Deum
1097 2492 1104 2513 ε
1122 2491 1187 2513 non
1209 2482 1342 2513 mutatio
1360 2481 1442 2512 circa
1462 2481 1561 2511 Deum
1583 2492 1589 2512 :
1607 2489 1685 2520 ergo
1700 2481 1751 2512 in-

980 2535 1107 2567 novatio
1123 2535 1204 2565 circa
1221 2535 1363 2565 animam
1381 2545 1388 2565 :
1407 2542 1484 2574 crgo
1498 2535 1555 2565 aut
1570 2533 1690 2574 aliquid
1704 2534 1751 2566 cst

980 2589 1019 2619 ab
1035 2597 1072 2620 ea
1085 2588 1246 2627 ablatum,
1267 2590 1323 2619 aut
1346 2587 1486 2627 positum
1505 2598 1511 2618 :
1536 2587 1562 2618 si
1586 2586 1729 2618 ablatum
1742 2610 1750 2624 ‚

1013 2651 1045 2681 ia)
1063 2650 1121 2674 Caet.
1138 2649 1198 2674 edit.
1214 2650 1265 2673 dat⁴

1774 1378 1876 1407 Opiniopl

1767 2279 1864 2308 improb.
