2017 2948
655 179 751 210 DIST.
776 179 798 209 1.
823 178 936 210 PART.
962 181 984 211 Ι.
1008 181 1098 212 ART.
1122 181 1145 211 Ι.
1169 181 1316 218 QUAEST.
1339 184 1376 215 lI.

120 263 178 284 011115
216 246 301 285 quod
317 247 380 277 sint
393 249 505 286 gravia
515 249 638 278 naturae
652 247 803 284 infirmae,
814 247 982 277 [licendum

105 294 192 321 dume*-
214 299 299 338 quod
312 302 358 330 est
371 310 453 331 onus
467 310 612 338 onerans,
630 302 660 330 et
669 302 715 330 est
724 308 805 329 onus
815 299 981 337 allevians,

213 352 293 382 sicut
308 356 382 383 sunt
395 362 507 392 pennae
522 354 555 383 in
567 353 690 390 avibus,
706 354 736 382 et
750 355 827 382 rotae
842 352 875 381 in
886 353 984 382 curri-

212 405 272 435 bus
284 429 292 443 ,
317 408 348 436 et
370 406 441 436 vela
471 407 505 436 in
534 407 682 436 navibus.
710 405 855 435 Primum
887 414 980 443 onus⁷

212 466 326 488 verum
349 461 395 488 est
417 459 501 498 quod
534 461 657 497 gravat.
687 457 872 488 Secundum
908 467 982 488 vero

212 518 293 540 onus
305 533 312 546 ‚
328 511 384 540 etsi
398 511 439 540 sit
454 520 535 541 onus
554 511 592 541 de
607 520 651 547 se,
673 513 779 540 tamen
794 519 860 540 non
874 512 983 540 onerat

212 564 400 601 portantem.
413 563 463 593 Sic
476 565 506 593 et
520 563 718 600 mandatum,
732 572 788 602 per
802 563 850 601 cuj
857 571 894 592 us
911 571 983 601 por-

211 615 362 645 tationem
379 616 519 646 redditur
538 616 625 655 lapso
646 616 759 652 virtus,
776 615 833 645 etsi
848 615 888 645 sit
903 625 983 655 pon-

212 667 272 697 dus
283 692 291 706 ,
308 670 413 699 tamen
435 669 510 708 quia
530 669 681 699 virtutem
704 669 845 708 adiuvat,
862 670 892 698 et
906 669 980 699 alle-

211 720 277 751 viat
294 733 300 751 ;
315 722 389 752 talia
401 724 475 752 sunt
489 725 694 758 sacramenta,
712 722 745 752 in
760 722 877 760 quibus
893 721 983 751 inve-

212 773 299 803 nitur
313 775 426 813 gratia,
442 784 514 813 quae
528 775 684 812 fortificat,
701 777 731 804 et
743 775 815 805 facit
832 775 982 805 mandata

211 825 324 856 facilia.

460 892 661 929 QUAESTIO
691 893 732 924 lI.

271 965 316 992 An
329 967 490 1000 significatio
505 968 540 993 sit
556 967 585 992 cle
600 968 714 993 essentia
729 967 890 993 sacramenti
906 967 924 990 ¹.

250 1037 292 1068 De
312 1039 515 1069 sacramentis
533 1041 690 1078 qnantum
711 1039 750 1069 ad
774 1039 979 1077 significatio-

209 1099 282 1120 nem
294 1102 301 1128 3
317 1094 347 1121 θῖ
357 1092 441 1130 quod
455 1092 645 1130 significatio
658 1092 697 1122 sit
712 1092 749 1122 de
763 1091 898 1122 essentia
912 1091 978 1121 sive

207 1143 387 1182 integritate
400 1145 600 1180 sacramenti,
616 1145 790 1175 ostenditur
805 1145 907 1184 primo
923 1153 979 1183 per

206 1195 438 1233 diffinitionem,
453 1197 518 1227 sive
534 1197 790 1234 notificationem,
803 1206 900 1236 quam
915 1197 979 1227 Ma-

206 1248 304 1287 gister
320 1250 408 1288 ponit
431 1250 463 1279 in
477 1249 579 1280 littera
603 1260 609 1279 z
636 1249 908 1280 «Sacramentum
933 1253 979 1281 est

207 1309 304 1330 sacrae
319 1301 364 1330 rei
379 1301 510 1340 signum
523 1303 543 1331 Ξ.
563 1312 577 1330 ›>

247 1354 323 1383 item
337 1353 432 1392 Hugo
446 1354 479 1384 in
492 1354 572 1384 libro
589 1354 627 1385 cle
646 1354 871 1392 Sacramentz's,
889 1358 977 1394 parte

205 1407 224 1436 9
237 1429 244 1442 ,
271 1412 339 1446 cap:
363 1409 382 1436 2
410 1418 416 1437 ;
443 1418 457 1435 a
481 1407 721 1438 Sacramentum
746 1411 791 1438 est
816 1409 976 1440 materiale

206 1458 398 1489 elementum
436 1469 476 1489 ex
502 1460 707 1491 similitudine
732 1464 973 1501 repraesentans,

205 1521 244 1542 ex
267 1512 464 1543 institutione
484 1513 625 1552 signans.
648 1525 662 1541 »
693 1513 796 1553 Ergo,
822 1515 848 1544 si
871 1524 976 1546 sacra-

206 1567 350 1595 mentum
367 1575 433 1596 esse
448 1575 544 1596 suum
561 1567 655 1597 habet
668 1576 707 1597 ex
720 1567 927 1606 institutione,
944 1571 975 1599 et

205 1620 251 1648 est
265 1618 446 1648 institutum
466 1619 504 1649 ad
519 1620 728 1658 signandum,
746 1629 824 1659 ergo
845 1621 974 1659 signare

205 1673 251 1701 est
265 1671 293 1701 ei
308 1672 481 1702 essentiale.

245 1723 334 1762 Item,
349 1724 552 1755 Sacramenta
574 1725 717 1755 instituta
738 1728 812 1756 sunt
836 1726 875 1756 ad
897 1736 972 1757 nos—

203 1778 284 1806 tram
306 1777 515 1808 eruditionem
527 1802 535 1814 ,
561 1778 736 1808 secundum
765 1779 849 1818 quod
878 1780 972 1819 Η1130

202 1829 293 1867 (1101ῖ,
310 1832 340 1859 et
357 1829 507 1868 Magister
523 1831 626 1869 tangit
640 1831 673 1860 in
688 1831 791 1861 littera
808 1844 813 1862 :
831 1833 884 1863 sed
906 1843 971 1864 non

203 1881 241 1911 ad
265 1882 473 1912 eruditionem
489 1883 699 1922 corporalium
716 1893 724 1913 :
748 1893 825 1923 ergo
845 1886 882 1915 ad
896 1895 971 1917 eru-

203 1934 356 1965 ditionem
371 1935 582 1974 spiritualium
595 1945 602 1965 :
620 1936 673 1965 sed
686 1941 882 1968 sacramenta
895 1942 971 1969 sunt

203 1987 392 2026 corporalia,
408 1989 438 2017 et
452 1996 516 2017 non
530 1988 651 2018 ducunt
665 1989 700 2018 in
717 1990 892 2028 spiritualia
908 1993 969 2022 nisi

200 2038 234 2068 in
254 2039 375 2069 ratione
389 2040 548 2078 signandi,
565 2041 639 2080 quia
649 2065 659 2079 ,
674 2041 834 2073 offerendo
847 2053 879 2074 se
894 2054 968 2075 sen-

200 2089 286 2120 sibus
299 2114 306 2127 ,
320 2090 406 2121 aliud
422 2091 542 2121 faciunt
556 2092 589 2122 in
602 2093 818 2131 cognitionem
832 2097 941 2127 venire
959 2109 965 2128 :

199 2150 287 2180 ergo,
300 2145 358 2173 etc.

238 2194 316 2225 Item
328 2219 335 2233 ‚
352 2199 585 2228 sacramentum
609 2200 655 2228 est
676 2199 869 2231 elementum
889 2213 895 2231 :
912 2204 967 2232 aut

196 2256 274 2286 ergo
284 2257 403 2286 purum
415 2250 606 2281 elementum
618 2253 789 2291 corporale,
801 2256 856 2284 aut
869 2255 964 2286 etiam

194 2301 291 2331 simul
307 2310 380 2331 cum
394 2302 454 2332 1100
469 2303 541 2333 dicit
562 2304 681 2344 aliquid
696 2305 857 2345 spirituale
874 2319 880 2338 :
899 2318 963 2339 non

195 2363 313 2393 purum
336 2355 511 2394 corporale,
529 2356 589 2387 hoc
610 2360 731 2388 constat
755 2370 761 2389 z
787 2369 865 2399 ergo
889 2371 963 2392 cum

194 2406 254 2436 hoc
269 2406 343 2436 dicit
357 2407 475 2447 aliquid
491 2409 664 2447 spirituale.
684 2410 761 2442 lllud
778 2421 856 2452 ergo
871 2414 963 2453 spiri-

90 1044 194 1065 Fundam.

225 2482 282 2512 ¹Cf.
295 2483 364 2507 Alex.
381 2483 487 2514 Mensis,
503 2492 526 2515 p.
540 2485 581 2513 iv,
595 2493 620 2516 q.
638 2492 656 2516 15
666 2489 761 2512 memb.
780 2491 807 2520 13
824 2492 849 2514 S.
861 2491 960 2521 Thone,

192 2525 217 2547 p.
235 2518 276 2546 111,
292 2526 316 2549 q.
334 2524 376 2548 Lx,
392 2521 438 2543 art.
459 2520 481 2549 13
502 2522 526 2543 et
542 2521 571 2544 IV
588 2522 666 2551 Seni„
682 2523 737 2547 dist.
756 2530 775 2553 i,
791 2532 815 2555 q.
833 2531 849 2555 1,
866 2529 912 2550 art.
938 2530 960 2557 1;

192 2553 299 2581 Scotus,
314 2554 344 2577 iv
362 2555 440 2582 Sent.,
455 2554 513 2578 dist.
530 2561 547 2585 1,
560 2562 585 2586 q.
599 2562 636 2586 115
656 2557 812 2590 Richardus,
829 2561 860 2585 iv
883 2564 960 2592 Sem„

192 2588 249 2612 dist.
264 2594 287 2619 1,
299 2596 323 2620 q.
339 2595 366 2614 111
384 2592 408 2614 et
420 2596 460 2620 1v;
475 2591 597 2621 Dux-and„
619 2592 648 2615 lV
665 2595 743 2624 Sem„
758 2595 816 2620 dist.
838 2602 854 2624 i,
881 2604 906 2628 q.
928 2604 960 2628 11;

191 2623 280 2648 Thom.
297 2625 410 2656 Argent.,
426 2625 456 2650 lV
470 2625 548 2656 Sent„
564 2627 620 2651 dist.
638 2633 662 2658 1,
673 2635 697 2660 q.
715 2635 744 2660 11,
764 2631 810 2654 art.
830 2633 856 2661 13
872 2633 959 2663 Steph.

1753 193 1808 222 251

1040 247 1140 284 tuale,
1165 250 1220 278 aut
1242 250 1355 280 unitur
1378 251 1405 281 ei
1430 254 1606 284 secundum
1629 255 1808 294 veritatem,

1040 301 1095 329 aut
1109 301 1285 331 secundum
1303 303 1521 334 intentionem.
1540 305 1600 336 Sed
1614 316 1679 338 non
1700 318 1811 340 secun—

1039 352 1117 382 dum
1133 353 1314 392 veritatem,
1334 356 1412 387 illud
1436 360 1570 396 constat,
1588 368 1660 390 cum
1684 370 1747 391 non
1772 363 1811 393 sit

1039 414 1157 444 capax,
1174 407 1255 436 sicut
1271 407 1351 438 infra
1373 409 1556 447 probabitur
1575 421 1582 441 :
1604 422 1680 451 ergo
1699 423 1809 445 secun-

1039 457 1115 487 dum
1135 458 1352 490 intentionem.
1369 460 1429 491 Sed
1453 462 1537 492 uniri
1557 465 1732 495 secundum
1759 467 1809 497 in-

1038 511 1209 541 tentionem
1232 515 1278 542 est
1303 512 1389 542 uniri
1409 513 1488 543 sicut
1510 515 1674 554 signatum
1699 519 1810 550 unitur

1038 562 1131 601 signo
1150 575 1155 593 :
1172 573 1250 603 ergo
1277 565 1314 595 de
1335 569 1605 598 sacramentorum
1628 569 1810 610 integritate

1038 618 1084 645 est
1098 616 1164 654 ipsa
1181 617 1330 655 signatio.

1079 667 1191 699 Contra
1208 679 1214 699 :
1234 673 1260 700 1.
1280 671 1483 702 Sacramenta
1502 677 1575 703 sunt
1596 675 1810 716 principaliter
1826 694 1860 715 M
1873 703 1924 723 opp,

1038 717 1180 748 instituta
1194 720 1232 749 ad
1248 721 1426 751 curandum
1443 733 1448 752 :
1466 723 1519 753 sed
1534 724 1644 755 adhoc
1655 728 1738 765 quod
1752 729 1810 758 ali-

1038 780 1101 809 qua
1122 772 1276 803 medicina
1294 774 1334 803 sit
1347 775 1506 812 curativa,
1524 777 1604 807 nihil
1626 778 1698 809 facit
1722 781 1807 819 quod

1037 824 1234 854 curationem
1260 826 1435 865 significet,
1466 829 1519 858 sed
1558 830 1673 861 sufficit
1706 833 1807 863 solum

1037 877 1121 915 quod
1141 880 1229 908 curet
1247 888 1347 917 :ergo
1368 883 1601 911 sacramentum
1623 886 1723 922 potest
1743 895 1809 915 essze

1036 929 1172 968 perfecta
1188 931 1342 960 medicina
1357 931 1450 961 etiam
1466 933 1533 963 sine
1548 934 1780 972 significatione
1799 950 1806 969 z

1036 990 1113 1019 ergo
1135 982 1324 1020 significatio
1341 992 1403 1013 11011
1427 987 1472 1014 θεῖ
1494 985 1531 1015 de
1556 986 1736 1026 integritate
1758 1000 1809 1021 sa-

1036 1035 1199 1064 cramenti.

1075 1089 1104 1117 2.
1120 1087 1209 1125 Item,
1224 1089 1250 1118 si
1265 1093 1497 1121 sacramentum
1515 1094 1559 1122 est
1576 1095 1740 1134 medicina,
1760 1106 1808 1127 sa—

1035 1144 1233 1171 cramentum
1245 1141 1352 1181 aliquo
1366 1144 1459 1174 modo
1473 1147 1518 1174 est
1531 1154 1623 1176 causa
1640 1158 1645 1177 :
1662 1149 1713 1179 sed
1731 1158 1807 1179 cau-

1034 1202 1067 1222 sa
1082 1202 1145 1222 non
1162 1196 1208 1223 est
1222 1195 1352 1233 5131111111
1368 1196 1498 1226 effectus
1509 1220 1516 1233 ‚
1532 1198 1596 1228 imo
1617 1201 1720 1239 magis
1737 1203 1806 1241 513-

1033 1248 1144 1276 natum
1162 1258 1167 1276 :
1186 1256 1263 1286 ergo
1285 1250 1473 1279 sacramenti
1492 1250 1596 1289 potius
1611 1255 1656 1282 est
1678 1254 1806 1293 signifi-

1033 1299 1109 1335 cari,
1124 1309 1220 1337 quam
1235 1300 1427 1339 significare.

1073 1354 1101 1381 3.
1126 1352 1215 1389 Item,
1231 1353 1257 1382 si
1274 1354 1406 1392 5131111111
1429 1357 1474 1385 cst
1488 1356 1525 1386 de
1548 1357 1729 1396 integritate
1751 1369 1804 1390 sa-

1032 1405 1195 1441 cramenti,
1213 1415 1289 1444 ergo
1304 1407 1388 1445 quod
1403 1417 1466 1437 non
1482 1409 1599 1447 signat,
1616 1419 1680 1440 11011
1696 1414 1742 1441 θεῖ
1756 1423 1804 1443 sa-

1031 1460 1247 1495 cramentum3
1274 1461 1304 1489 et
1327 1460 1411 1498 quod
1438 1470 1503 1491 11011
1525 1462 1630 1500 signat
1655 1464 1729 1494 huic
1752 1467 1804 1496 cui

1030 1518 1093 1539 non
1110 1510 1279 1549 significat,
1296 1512 1324 1541 ei
1341 1522 1405 1542 non
1419 1516 1465 1543 est
1477 1518 1710 1546 sacramentum
1726 1526 1733 1546 ε
1749 1519 1800 1549 sed

1029 1565 1264 1593 sacramentum
1288 1565 1435 1604 baptismi
1456 1567 1535 1597 nihil
1555 1568 1714 1607 significat
1730 1580 1803 1610 par—

1029 1616 1105 1645 vulo
1125 1627 1130 1646 ;
1150 1625 1227 1655 ergo
1244 1618 1377 1656 parvulo
1393 1628 1458 1649 non
1474 1622 1520 1649 est
1541 1626 1775 1654 sacramentum
1793 1636 1799 1656 :

1028 1680 1105 1709 ergo
1120 1672 1196 1701 dum
1213 1672 1366 1711 parvulus
1389 1674 1498 1714 recipit
1514 1676 1719 1716 baptismum,
1736 1689 1802 1710 non

1027 1724 1137 1763 recipit
1161 1727 1395 1754 sacramentum
1423 1737 1428 1756 :
1453 1727 1506 1757 sed
1531 1728 1592 1758 hoc
1616 1732 1662 1759 est
1689 1731 1801 1762 absur—

1027 1776 1103 1805 dum
1125 1787 1131 1806 1
1153 1786 1230 1815 ergo
1254 1777 1385 1815 signum
1409 1787 1474 1808 non
1496 1782 1542 1810 est
1563 1781 1601 1811 de
1620 1782 1800 1822 integritate

1026 1830 1225 1859 sacramenti.

1066 1885 1096 1912 4.
1122 1882 1211 1919 Item,
1228 1884 1254 1913 si
1274 1887 1507 1915 sacramentum
1521 1889 1567 1917 est
1586 1887 1728 1926 signum,
1745 1893 1800 1921 aut

1026 1944 1102 1974 ergo
1114 1936 1411 1975 demonstrativum,
1425 1941 1479 1968 aut
1491 1941 1730 1979 praenosticum,
1743 1947 1800 1974 aut

1024 1990 1316 2020 rememorativum.
1345 1989 1414 2020 Non
1443 1994 1543 2031 potest
1567 2002 1633 2032 esse
1656 1995 1717 2025 nisi
1740 1997 1797 2027 <le-

1024 2043 1279 2081 monstrativum,
1294 2044 1446 2082 quoniam
1459 2045 1553 2075 efficit
1563 2048 1647 2085 quod
1659 2049 1779 2087 figurat
1785 2061 1793 2088 3

1022 2094 1073 2124 vel
1097 2095 1216 2132 saltem,
1245 2094 1270 2124 si
1296 2105 1360 2126 non
1385 2096 1489 2135 efficit,
1512 2107 1585 2128 cum
1610 2099 1740 2138 signum
1765 2105 1796 2133 et

1021 2147 1181 2186 signatum
1201 2147 1263 2177 sint
1285 2148 1426 2186 relativa,
1450 2152 1524 2180 sunt
1538 2151 1635 2182 simul
1650 2155 1764 2185 natura
1783 2165 1791 2186 :

1021 2209 1098 2238 ergo
1120 2200 1146 2230 si
1170 2201 1301 2239 signum
1323 2204 1368 2232 est
1388 2212 1542 2242 praesens,
1559 2207 1589 2234 et
1612 2205 1788 2244 signatum.

1021 2252 1078 2283 Sed
1104 2254 1387 2284 demonstrativum
1416 2265 1481 2286 non
1506 2259 1569 2295 est,
1593 2260 1629 2288 ut
1653 2259 1787 2297 videtur,

1020 2308 1095 2346 quia
1116 2308 1142 2337 si
1175 2308 1251 2345 1100,
1277 2318 1351 2339 011111
1374 2310 1567 2341 demonstret
1594 2312 1694 2344 inesse
1713 2324 1789 2353 gra-

1020 2360 1108 2397 tiam,
1125 2363 1155 2390 et
1172 2370 1235 2391 non
1253 2362 1338 2399 insit,
1354 2365 1431 2393 tunc
1446 2364 1572 2394 videtur
1588 2374 1654 2395 esse
1674 2366 1788 2397 falsum

1018 2414 1147 2453 signum
1165 2425 1170 2444 :
1189 2423 1266 2453 ergo
1281 2417 1311 2445 et
1326 2416 1440 2446 salsum
1456 2420 1700 2449 sacramentum.

1058 2469 1089 2497 5,
1113 2467 1202 2505 Item,
1218 2468 1243 2497 si
1265 2469 1397 2507 signum
1419 2471 1475 2507 est,
1491 2472 1546 2500 aut
1569 2472 1613 2500 est
1630 2472 1783 2512 naturale,

1019 2529 1123 2559 Brutos„
1146 2530 1176 2553 iv
1197 2530 1276 2556 Sans„
1293 2530 1349 2553 ‹li-1⁹„
1368 2536 1401 2558 11,
1418 2538 1442 2561 ss.
1460 2537 1491 2560 ¹¹3
1512 2532 1599 2554 Petrus
1621 2532 1652 2555 ‹lc
1672 2534 1783 2565 Tarant.‚

1019 2563 1050 2587 iv
1065 2564 1143 2594 Sem„
1156 2564 1213 2587 dist.
1226 2571 1243 2594 i,
1255 2571 1278 2595 q.
1291 2571 1316 2594 13
1330 2565 1404 2588 tiubr.
1419 2565 1487 2591 Bicl„
1502 2566 1531 2588 lV
1544 2568 1621 2596 sent„
1631 2567 1689 2591 dist.
1701 2574 1718 2598 1,
1728 2576 1752 2599 ¹1.
1764 2576 1781 2594 1.

1017 2612 1047 2616 —-
1060 2599 1068 2613 ²·
1084 2600 1145 2627 Quae
1160 2599 1274 2623 diffinitio
1287 2602 1371 2630 potest
1385 2600 1449 2624 trahi
1463 2608 1494 2625 ex
1508 2601 1624 2631 August„
1639 2601 1668 2625 de
1682 2603 1782 2631 (Σαίρει-11,

1015 2633 1128 2665 rudibus,
1142 2641 1163 2659 e.
1179 2640 1249 2658 xxvi.
