2017 2948
54 446 146 467 Fundani
152 463 157 468 ,

64 1554 98 1574 Ad
116 1562 165 1582 opp.

562 160 656 192 DIST.
679 159 743 192 XV.
768 159 881 191 PART.
905 159 943 190 11.
967 159 1057 191 ART.
1077 159 1116 190 11.
1140 158 1288 196 QUAEST.
1312 159 1366 190 ΙΙΙ.

439 279 617 318 QUAESTIO
639 280 692 310 111.

296 363 337 388 An
347 362 466 388 oratione
477 361 613 393 contingat
627 360 784 392 satisfacere
801 365 820 385 ¹.

213 441 326 473 Utrum
349 440 514 478 contingat
537 438 713 469 satisfacere
732 438 896 475 oratione3
912 439 943 468 et

173 504 246 526 cum
260 494 376 534 duplex
395 493 434 523 sit
454 492 566 530 oratio,
591 492 707 523 scilicet
728 491 874 522 mentalis
887 515 896 528 ,
913 493 943 521 et

172 547 301 584 vocalis,
313 546 479 587 quaeritur,
500 554 573 586 quae
590 545 694 584 magis
711 545 751 574 sit
765 544 942 575 satisfacto-

171 602 230 632 ria.
250 601 289 632 Et
299 600 423 632 videtur
433 599 518 640 quod
533 598 688 637 mentalis,
701 598 778 638 quia
787 597 944 629 veraciter

171 663 262 686 orare
276 655 334 692 est,
343 656 379 684 ut
392 653 467 684 dicit
478 652 663 692 Gregorius,
676 660 801 682 amaros
811 651 845 681 in
856 659 943 681 com-

171 708 341 748 punctione
355 706 505 746 gemitus,
522 715 587 736 non
607 707 718 735 ornata
733 704 830 735 verba
856 713 944 734 reso-

171 769 268 791 nare:
285 768 364 799 ergo
374 759 499 790 videtur
514 758 599 798 quod
614 766 690 788 vera
704 757 804 787 oratio
813 759 843 787 et
852 756 943 787 satis-

174 813 306 843 factoria
317 821 381 843 non
394 812 433 842 sit
447 812 481 842 in
496 811 594 842 verbo
606 812 638 841 et
652 812 761 847 cantu,
772 810 825 840 sed
852 809 883 840 in
898 809 944 839 la—

177 865 295 906 crymis
305 866 336 896 et
352 864 440 895 ssetu.

214 918 292 949 Item
302 919 314 935 ¹
329 928 336 948 :
355 918 488 949 orantes
502 917 598 948 nolite
610 916 743 947 multum
754 916 852 956 loqui,
864 916 948 946 sicut

175 972 294 1004 ethnici
313 971 439 1009 faciunt
453 981 460 1000 :
473 969 527 1000 sed
539 970 564 999 si
575 969 693 999 vocalis
703 969 805 999 oratio
820 968 949 998 adderet

175 1024 215 1055 ad
229 1023 485 1058 satisfactionem,
502 1031 567 1052 non
584 1024 665 1051 esset
684 1029 798 1060 parum
813 1020 946 1059 loquen—

176 1077 265 1114 dum,
281 1076 334 1106 sed
349 1075 488 1105 multum
505 1085 512 1104 ε
530 1082 623 1112 ergo,
642 1075 700 1103 etc.

217 1129 295 1159 Item
315 1127 417 1158 oratio
437 1127 509 1157 facit
532 1126 694 1156 hominem
719 1125 845 1155 tendere
875 1134 950 1156 sur-

176 1190 248 1212 sum
263 1192 270 1210 :
295 1180 348 1211 sed
374 1180 454 1211 ratio
478 1188 543 1210 non
570 1181 672 1219 potest
698 1179 772 1208 ferri
802 1187 929 1209 sursum
939 1202 948 1217 ,

176 1233 319 1274 quandiu
329 1232 461 1264 sollicita
479 1234 525 1262 est
540 1232 622 1261 circa
638 1241 673 1261 en
685 1240 757 1270 quae
768 1233 842 1260 sunt
856 1230 948 1261 deor-

177 1295 267 1318 sum:
280 1286 333 1316 sed
344 1285 471 1325 quando
486 1285 604 1324 profert
622 1293 814 1321 sermonem,
827 1284 949 1314 intenta

178 1341 225 1370 est
240 1338 322 1369 circa
336 1338 413 1378 quid
436 1339 577 1368 creatum
597 1347 603 1366 :
622 1345 700 1375 ergo
718 1337 741 1366 si
758 1336 857 1366 oratio
879 1345 951 1376 quae

182 1391 286 1431 magis
296 1391 356 1421 fert
370 1398 508 1426 sursum,
520 1391 565 1420 est
573 1389 674 1420 oratio
686 1389 841 1426 mentam,
854 1390 884 1419 et
894 1388 953 1418 ista

180 1447 227 1475 est
242 1444 346 1484 magis
364 1443 477 1484 placita
488 1467 496 1480 ,
513 1442 581 1473 haec
608 1445 654 1472 est
680 1442 785 1481 magis
809 1442 952 1472 satisfac-

181 1498 273 1530 toria.

222 1551 360 1582 Contra:
387 1552 415 1580 1.
441 1549 548 1581 Oratio
569 1550 616 1579 est
638 1548 853 1583 satisfactoria,
880 1556 952 1587 quae

183 1606 229 1634 est
243 1602 393 1643 poenalis:
411 1602 464 1633 sed
480 1602 549 1632 haec
562 1610 627 1631 non
642 1602 687 1631 est
710 1600 810 1630 oratio
826 1602 953 1630 menta-

182 1657 231 1694 lis,
244 1656 297 1686 sed
308 1655 438 1686 vocalis.
454 1653 533 1685 Nam
548 1653 693 1683 mentalis
702 1655 752 1683 est
761 1653 863 1683 oratio
879 1662 952 1683 sua-

183 1710 243 1747 vis,
251 1709 332 1739 sicut
342 1708 455 1738 dicitur
466 1707 476 1723 ³
487 1718 493 1737 ε
507 1707 624 1738 Μαεοω
635 1707 801 1737 morientes
814 1705 954 1745 perdunt

183 1763 374 1794 suavitatem
390 1762 560 1800 unquenti.

224 1817 255 1846 2.
271 1815 348 1846 Item
360 1814 413 1844 illa
425 1822 498 1853 quae
507 1815 553 1843 est
563 1812 722 1852 praecipue
733 1811 951 1848 satisfactoria,

184 1868 342 1909 praecipue
356 1866 448 1897 debet
462 1865 583 1905 imponi
597 1874 614 1894 a
631 1864 790 1895 sacerdote
807 1875 813 1894 :
832 1864 885 1895 sed
902 1873 952 1894 sa-

184 1921 294 1952 cerdos
324 1919 458 1960 imponit
491 1918 664 1949 orationem
701 1917 859 1956 vocalem,
889 1926 954 1948 non

185 1975 354 2007 mentalem
370 1986 376 2006 ε
393 1983 483 2013 ergo,
496 1978 553 2004 etc.

226 2031 256 2060 2.
272 2029 350 2059 item
365 2028 464 2059 oratio
477 2026 622 2057 mentalis
632 2027 656 2056 si
672 2035 738 2066 qua
752 2028 797 2056 est
812 2027 953 2056 satisfac-

187 2083 277 2120 toria,
290 2083 337 2112 est
347 2081 401 2112 illa
414 2090 477 2120 qua
487 2081 598 2110 oratur
607 2088 680 2110 cum
695 2079 889 2118 gemitibus:
902 2079 954 2110 sed

186 2137 256 2167 haec
270 2137 317 2165 est
330 2133 538 2169 contritionis,
549 2132 665 2162 scilicet
680 2132 833 2171 plangere
850 2141 955 2172 pecca—

186 2192 272 2225 tum;
288 2190 318 2218 et
332 2186 478 2218 contritio
488 2185 640 2215 dividitur
650 2187 758 2215 contra
773 2185 955 2215 satisfactio-

188 2251 260 2272 nem
277 2252 284 2271 :
303 2248 380 2279 ergo
404 2239 475 2269 talis
502 2238 602 2269 oratio
626 2246 691 2268 non
708 2239 754 2268 est
776 2247 849 2277 pars
865 2238 956 2267 satis-

187 2293 342 2325 factionis.

226 2349 256 2378 4.
279 2346 356 2376 Item
371 2344 443 2385 plus
458 2344 579 2374 laborat
600 2343 654 2383 qui
677 2343 798 2373 laborat
819 2344 911 2374 corde
927 2346 957 2374 et

187 2400 312 2440 lingua,
322 2406 418 2438 quam
429 2397 485 2437 qui
499 2396 592 2427 corde
598 2398 740 2427 tantum:
753 2396 805 2426 sed
813 2395 957 2427 laborare

188 2453 292 2494 primo
306 2451 401 2482 modo
427 2452 473 2481 est
501 2450 533 2480 in
561 2449 704 2480 oratione
727 2449 840 2487 vocali,
865 2450 957 2481 corde

221 2517 226 2528 “
250 2514 290 2544 Cf.
316 2513 385 2538 Alex.
416 2512 512 2541 Alens„
537 2518 562 2541 p.
588 2511 630 2538 lVv
655 2517 680 2541 q.
710 2515 752 2534 xvi
763 2529 770 2540 ,
796 2511 904 2535 membr.
930 2514 956 2541 {3

190 2551 216 2575 S.
227 2548 409 2580 Thom.,11-ii,
419 2554 444 2578 q.
457 2551 568 2576 Lxxxm,
581 2548 628 2570 art.
643 2548 664 2575 ¹;
676 2548 700 2569 et
713 2545 742 2569 iV
755 2546 956 2575 Sent.,‹1ist.xv‚

189 2591 259 2616 φιν,
270 2587 316 2609 art.
333 2587 340 2608 1
353 2591 360 2614 3
372 2582 501 2610 Richard„
521 2582 551 2605 tv
565 2582 644 2611 sent„
659 2581 716 2605 dist.
733 2586 775 2611 ιν,
791 2583 838 2604 art.
856 2583 879 2611 4,
890 2588 915 2611 q.
933 2587 936 2603 ι
950 2589 956 2610 ;

190 2620 278 2651 Steph.
293 2619 384 2644 Brulet.
395 2638 401 2649 ,
420 2619 450 2642 iV
468 2618 550 2646 Sent.‚
567 2616 624 2640 diet.
638 2622 684 2646 XV,
701 2623 724 2646 q.
742 2621 801 2644 1111:
823 2617 911 2640 Petrua
926 2617 956 2639 do

1701 161 1760 190 617

997 236 1074 257 vero
1087 229 1211 257 tantum
1226 226 1258 256 in
1274 226 1402 256 mentali
1420 236 1428 256 z
1444 235 1520 266 ergo
1538 227 1660 258 videtur
1673 225 1759 266 quod

998 279 1116 310 vocalis
1129 279 1169 310 sit
1184 279 1291 318 magis
1302 278 1520 310 satisfactoria.

1248 392 1507 424 CONCLUSIO.

1001 483 1093 511 Oratio
1111 484 1212 510 vocalis
1228 483 1370 510 ordinatur
1388 484 1424 510 ad
1445 484 1600 514 mentalem,
1623 486 1646 509 et
1670 491 1682 509 e
1705 491 1765 509 con-

1034 536 1121 561 verso,
1135 530 1159 554 et
1172 528 1294 562 quaelibet
1308 530 1344 555 est
1359 528 1557 560 satisfactoria‚·
1571 528 1633 553 licet
1647 535 1693 558 ea,
1714 534 1767 560 qua

1035 572 1070 597 ad
1089 573 1213 604 gemitum
1227 572 1384 599 accenditur
1402 572 1474 598 homo
1485 591 1494 605 ,
1511 572 1574 606 plus
1587 572 1622 597 sit
1636 571 1766 603 satisfac—

1036 617 1116 642 toria.

1041 703 1133 744 Resp.
1150 704 1189 735 ad
1204 713 1273 743 arg.
1289 703 1458 734 Dicendum
1469 702 1554 743 quod
1568 701 1686 733 vocalis
1693 709 1768 732 ora-

1001 756 1044 786 tio
1052 757 1215 787 ordinatur
1225 757 1263 787 ad
1275 756 1457 793 mentalem,
1465 758 1495 786 et
1505 764 1568 785 non
1579 764 1596 785 e
1604 762 1768 792 converso3

1001 810 1055 840 sed
1063 809 1237 840 secundum
1253 810 1312 840 hoc
1323 809 1575 848 intelligendum,
1588 808 1673 848 quod
1683 816 1770 848 quae-

1001 863 1074 893 dam
1089 862 1189 893 oratio
1205 865 1251 893 est
1264 871 1342 902 pure
1366 862 1527 899 mentalis,
1544 861 1690 901 quaedam
1713 870 1769 890 vo-

1003 916 1094 952 calis,
1118 915 1267 955 quaedam
1291 915 1405 945 media.
1434 914 1517 945 Pure
1540 913 1685 944 mentalis
1705 915 1769 950 est,

1004 968 1129 1008 quando
1140 967 1222 997 labia
1230 977 1293 998 non
1304 969 1484 1004 moventur,
1496 967 1548 997 sed
1560 975 1612 996 cor
1622 966 1660 996 ad
1674 966 1772 996 Deum

1003 1021 1156 1060 loquitur.
1176 1020 1258 1051 Pure
1273 1020 1392 1050 vocalis
1407 1022 1464 1056 est,
1481 1020 1609 1059 quando
1625 1018 1703 1048 nihil
1718 1027 1774 1048 co-

1007 1074 1086 1113 gitat
1101 1074 1134 1104 in
1146 1074 1196 1103 his
1211 1082 1283 1113 quae
1298 1073 1389 1110 dicit,
1405 1082 1462 1103 nec
1483 1072 1515 1102 in
1537 1071 1677 1111 generali
1692 1095 1699 1108 ,
1717 1080 1774 1101 nec

1005 1128 1037 1157 in
1053 1127 1190 1167 speciali,
1207 1127 1251 1156 ita
1268 1126 1351 1166 quod
1375 1126 1489 1156 referat
1511 1124 1719 1155 intentionem
1735 1124 1774 1154 ad

1006 1189 1135 1210 sensum
1148 1178 1394 1214 verborum‚'vel
1409 1179 1522 1215 finenr,
1539 1178 1590 1208 sed
1606 1186 1679 1207 cum
1693 1179 1773 1214 orat,

1006 1233 1135 1262 fabricat
1150 1234 1261 1269 castra,
1270 1233 1300 1261 et
1311 1232 1355 1261 sic
1370 1231 1515 1261 mentalis
1525 1230 1707 1269 simpliciter
1719 1238 1776 1260 ex-

1008 1286 1089 1316 cedit
1105 1285 1257 1316 vocalem.
1274 1284 1347 1315 Alia
1361 1286 1408 1314 est
1423 1284 1575 1321 mixta,in
1587 1283 1775 1323 quascilicet

1008 1341 1077 1370 orat
1096 1339 1274 1369 mentaliter
1288 1341 1318 1369 et
1340 1338 1493 1368 vocaliter
1508 1346 1515 1366 :
1533 1340 1562 1367 et
1582 1338 1619 1367 de
1636 1337 1696 1367 ista
1711 1337 1776 1367 dis-

1008 1394 1239 1432 tinguendum,
1259 1393 1335 1432 quia
1351 1395 1405 1423 aut
1419 1393 1516 1422 verba
1535 1393 1586 1422 illa
1601 1392 1778 1431 impediunt

1008 1445 1168 1481 affectum,
1181 1445 1256 1484 quia
1268 1445 1310 1474 sic
1325 1445 1541 1474 inflammatus
1553 1446 1599 1474 est
1614 1443 1698 1483 quod
1715 1443 1776 1473 im-

1008 1498 1143 1528 mediate
1164 1499 1262 1528 sertur
1284 1498 1314 1527 in
1334 1497 1449 1535 Deum,
1474 1500 1503 1527 ct
1522 1497 1575 1527 tali
1602 1497 1709 1527 utilior
1731 1500 1778 1527 est

1009 1552 1109 1582 oratio
1124 1551 1286 1587 mentalis;
1301 1550 1327 1580 si
1335 1552 1442 1580 autem
1455 1551 1597 1587 juvatur,
1609 1549 1716 1579 utilior
1730 1551 1776 1579 est

1010 1604 1127 1635 vocalis
1145 1613 1152 1633 :
1169 1606 1199 1633 et
1212 1603 1303 1633 multi
1318 1605 1391 1633 sunt
1405 1602 1483 1632 tales
1495 1627 1503 1639 ,
1519 1604 1550 1632 et
1570 1602 1708 1632 maxime
1734 1601 1778 1632 illi

1010 1658 1065 1697 qui
1080 1666 1143 1687 non
1158 1659 1232 1687 sunt
1244 1655 1304 1685 viri
1319 1655 1509 1695 spirituales,
1523 1655 1560 1685 ad
1579 1664 1715 1695 quorum
1733 1656 1780 1685 af-

1010 1711 1108 1741 fectus
1132 1708 1348 1749 provocandos
1376 1708 1528 1739 institutae
1555 1710 1628 1738 sunt
1656 1708 1780 1739 vocales

1011 1763 1178 1793 orationes
1191 1762 1223 1793 Si
1234 1764 1409 1802 quaeratur,
1427 1770 1499 1801 quae
1519 1761 1620 1792 oratio
1634 1762 1673 1791 sit
1688 1761 1776 1792 satis-

1011 1816 1159 1853 sactoria;
1181 1815 1273 1846 credo
1287 1814 1372 1855 quod
1395 1814 1497 1845 omnis
1508 1837 1515 1851 ,
1532 1814 1609 1854 quia
1631 1813 1718 1844 nulla
1731 1815 1778 1844 est

1011 1870 1043 1900 in
1063 1879 1126 1909 qua
1147 1878 1211 1899 non
1230 1868 1373 1898 laborent
1396 1867 1531 1898 virtutes
1550 1865 1721 1904 animales;
1749 1868 1779 1896 et

1010 1926 1167 1963 quantum
1182 1921 1354 1952 delectatur
1361 1921 1400 1961 (a)
1412 1920 1552 1960 spiritus,
1566 1921 1692 1950 tantum
1706 1927 1778 1949 caro

1011 1976 1190 2015 frequenter
1202 1974 1340 2012 tabescit,
1357 1976 1387 2004 et
1402 1973 1537 2004 virtutes
1550 1972 1703 2003 animales
1719 1972 1777 2002 mi-

1012 2037 1072 2059 nus
1090 2030 1164 2058 sunt
1185 2028 1313 2057 intentae
1336 2026 1487 2066 regimini
1511 2025 1661 2065 corporis
1682 2024 1779 2055 Credo

1012 2084 1118 2112 tamen
1134 2081 1219 2120 quod
1232 2080 1285 2110 illa
1300 2080 1383 2109 inter
1400 2081 1530 2109 caeteras
1544 2080 1592 2109 est
1607 2078 1780 2108 satisfacto-

1012 2135 1059 2164 ria
1074 2134 1187 2172 magis,
1205 2133 1238 2162 in
1253 2141 1317 2171 qua
1336 2131 1518 2162 accenditur
1540 2130 1636 2161 homo
1660 2130 1698 2160 ad
1720 2139 1780 2169 ge-

1012 2187 1139 2224 mitum,
1156 2186 1232 2225 quia
1246 2185 1315 2215 haec
1330 2186 1377 2215 est
1397 2184 1429 2214 in
1451 2193 1514 2223 qua
1536 2182 1617 2213 Deus
1644 2182 1781 2212 maxime

1013 2240 1194 2271 delectatur.
1211 2237 1310 2274 Unde,
1323 2237 1398 2277 quia
1422 2236 1499 2267 illud
1515 2237 1562 2266 est
1582 2235 1694 2273 gratim
1707 2244 1780 2274 spe-

1013 2293 1109 2328 cialis,
1122 2292 1191 2323 ideo
1212 2300 1275 2322 non
1297 2290 1471 2330 imponitur
1497 2298 1516 2319 a
1539 2287 1712 2323 sacerdote,
1728 2287 1781 2318 sed

1013 2345 1245 2387 praeambulum
1256 2345 1292 2374 ad
1308 2344 1398 2381 illud,
1409 2342 1524 2373 scilieet
1539 2340 1639 2371 oratio
1651 2340 1778 2370 vocalis.

1015 2400 1050 2431 Et
1061 2399 1135 2439 quia
1150 2408 1213 2429 non
1231 2400 1278 2429 est
1291 2400 1390 2428 status
1408 2397 1440 2426 in
1463 2394 1608 2431 vocibus,
1626 2392 1679 2423 sed
1695 2387 1780 2423 ordi-

1015 2452 1109 2481 natur
1120 2449 1159 2480 ad
1171 2448 1362 2479 intellectum
1375 2457 1383 2484 ;
1394 2446 1468 2477 hinc
1477 2447 1524 2476 est
1535 2443 1620 2484 quod
1630 2443 1782 2474 Dominus

1014 2534 1124 2563 Tarant,
1141 2533 1171 2556 {V
1188 2532 1266 2561 Sent..
1279 2531 1336 2556 dist.
1352 2536 1392 2561 xv,
1403 2537 1427 2561 q.
1438 2535 1490 2554 xiv.
1504 2541 1534 2548 -
1543 2529 1551 2543 ²
1561 2527 1661 2558 Mami„
1673 2532 1708 2557 vx,
1718 2528 1741 2552 7.
1751 2539 1783 2546 -

1013 2570 1023 2586 ⁸
1036 2569 1156 2600 Eccle.,x,
1173 2571 1195 2594 ¹.

1047 2613 1080 2643 (a)
1094 2613 1156 2636 Coet.
1168 2612 1228 2636 edit.
1244 2611 1408 2636 delectantur.
