2017 2948
214 143 272 171 429.
772 137 1082 171 SENTENTIARUM
1103 137 1176 169 LIB.
1200 138 1250 170 lV.

214 215 321 238 mum:
336 215 416 245 ergo
432 206 540 237 debuit
550 206 672 237 institui
687 209 756 247 post
771 205 980 246 baptismum:
999 218 1001 221 ·

213 260 267 290 sed
283 261 290 276 ¹
306 259 482 300 baptismus
496 260 658 291 institutus
672 262 718 290 est
733 261 802 299 post
821 266 980 289 resurrec-

213 313 331 343 tionem
349 323 355 343 :
372 322 449 352 ergo
461 337 470 351 ,
487 315 544 343 etc.

211 356 216 360 ⁶
253 369 281 397 3.
295 366 372 397 Item
384 367 416 397 in
427 366 486 397 hoc
496 368 690 397 sacramento
701 365 880 396 continetur
893 364 983 396 Chri-

212 421 280 450 stus
294 420 572 457 sacramentaliter,
595 422 630 449 ut
653 419 706 458 qui
732 428 795 449 1100
811 421 857 449 est
875 418 983 448 nobis—

213 482 287 503 cum
301 473 500 509 sensibiliter,
517 472 629 503 saltem
646 471 685 502 sit
699 472 866 502 nobiscum
882 481 982 502 sacra-

213 525 392 556 mentaliter
407 537 414 556 :
433 527 463 555 et
476 525 507 554 111
522 524 704 555 ascensione
719 524 845 554 recessit
861 534 879 554 a
894 523 983 554 disci-

213 577 296 617 pulis
314 577 516 616 corporaliter
533 586 540 607 :
558 586 635 616 crgo
660 579 736 607 tune
759 577 869 607 debuit
891 576 981 607 insti-

212 633 300 661 tuere
316 631 374 661 hoc
390 632 635 661 sacramentum.

253 686 281 714 4,
302 683 379 714 Item
403 683 463 714 hoc
485 683 591 723 ipsum
612 683 749 721 videtur,
775 683 851 722 quia
878 685 923 713 est
941 684 981 713 si-

214 745 316 776 gnum
332 736 536 767 memoriale:
558 736 611 766 scd
627 736 699 766 talia
725 736 838 766 melius
859 745 985 767 memo-

213 789 269 819 riae
284 789 525 828 imprimuntur,
549 798 623 819 cum
648 788 760 819 ultimo
780 789 982 827 exhibentur,

213 842 293 872 sicut
307 842 381 872 dicit
395 841 595 880 Augustinus
605 842 617 860 ¹
631 842 664 872 in
679 842 816 882 quadam
832 842 961 872 homilia
976 854 982 872 z

214 903 292 933 ergo
307 895 389 925 inter
399 895 507 925 omnia
519 904 591 934 qua}
606 895 688 932 fecit,
704 895 782 925 illud
799 895 905 926 debuit
919 905 986 926 esse

214 948 365 978 ultimum
383 958 389 977 :
408 947 461 978 sed
485 947 584 978 multa
606 948 678 978 fecit
697 957 803 978 coram
825 948 986 989 discipulis

215 1003 285 1040 post
295 1001 559 1031 resurrectionem
573 1011 579 1031 ε
595 1009 674 1039 ergo
687 1001 745 1031 hoc
753 1004 986 1032 sacramentum

215 1054 322 1085 debuit
335 1056 406 1094 post
419 1055 526 1085 omnia
542 1055 716 1086 instituere.

489 1168 713 1200 CONCLUSlO.

217 1260 395 1287 Eucharistiae
403 1261 594 1286 sacramentum
604 1262 718 1293 tempore
727 1261 876 1292 refectionis
883 1262 989 1287 institui

254 1304 358 1337 debuit,
379 1305 402 1330 et
417 1304 445 1329 in
457 1303 584 1337 paschale*
602 1311 673 1329 crena
684 1323 690 1334 ,
708 1305 731 1329 et
751 1304 862 1338 ultima,
878 1313 936 1331 eum
952 1306 990 1331 ibi

252 1350 289 1375 sic
304 1355 398 1382 corpus
415 1346 515 1374 Christi
529 1355 632 1378 verum,
650 1349 674 1374 ct
691 1349 856 1382 prwct‘puum
876 1350 913 1375 sit
931 1350 963 1375 si(
975 1364 989 1368 -

254 1400 333 1426 quum
349 1392 456 1418 amoris.

259 1479 349 1519 Resp.
367 1479 406 1510 ad
422 1488 493 1517 arg.
514 1478 685 1509 Dicendum
704 1480 788 1519 quod
811 1489 990 1511 sacramen-

219 1534 288 1562 tum
303 1532 379 1563 illud
394 1555 401 1570 ,
419 1540 492 1563 cum
507 1531 547 1561 sit
561 1532 683 1562 visibile
696 1555 703 1569 ‚
720 1533 857 1563 continet
878 1543 991 1574 corpus

221 1585 335 1617 Christi
350 1594 463 1617 verum
473 1608 482 1622 ,
497 1587 528 1616 et
544 1594 619 1616 vere
633 1588 679 1615 est
694 1586 735 1615 ibi
751 1586 851 1624 cibus,
868 1589 897 1617 et
912 1597 992 1627 prae-

220 1638 351 1678 cipuum
365 1638 497 1677 signum
512 1638 641 1668 amoris.
658 1638 763 1675 Cibus,
780 1639 923 1678 inquam,
941 1650 992 1672 re-

219 1691 349 1722 ficiens:
369 1693 399 1722 et
421 1691 490 1722 ideo
506 1693 647 1731 tempore
670 1692 848 1722 refectionis
871 1693 991 1724 institui

221 1745 338 1776 debuit.
367 1744 460 1775 Cibus
482 1745 576 1775 etiam
602 1745 756 1785 paschalis
783 1757 788 1776 :
813 1749 843 1776 et
864 1747 933 1777 ideo
959 1748 991 1778 in

220 1797 359 1838 paschali
374 1806 473 1828 coena.
491 1797 570 1834 Quia
584 1807 659 1828 vero
675 1801 742 1828 erat
756 1799 888 1837 siguum
901 1809 991 1831 amo-

220 1851 276 1889 ris,
289 1854 319 1881 et
335 1851 365 1881 in
379 1860 503 1881 recessu
517 1851 609 1881 debet
619 1851 715 1882 homo
730 1853 894 1883 ostendere
907 1863 991 1884 amo-

220 1904 264 1934 ris
278 1904 371 1943 signa
385 1906 415 1934 et
429 1904 628 1942 memoriale,
645 1907 679 1934 ut
693 1905 809 1935 arctius
824 1905 857 1935 111
871 1915 993 1938 memo-

220 1956 268 1987 ria
283 1959 428 1994 maneat,
444 1956 514 1987 ideo
530 1957 562 1987 iu
576 1957 686 1987 ultima
702 1967 801 1988 coena.

264 2013 291 2040 1.
314 2010 361 2040 Ad
384 2009 462 2040 illud
481 2010 564 2050 quod
585 2011 744 2050 objicitur,
763 2013 847 2051 quod
870 2013 894 2043 si
917 2015 993 2044 tunc

223 2062 404 2093 institutum
417 2065 472 2101 est,
487 2064 571 2103 quod
582 2066 658 2094 tunc
668 2064 856 2095 deberemus
868 2066 920 2096 illo
933 2067 990 2104 uti,

223 2116 391 2146 dicendum
414 2117 497 2156 quod
527 2117 605 2147 hora
634 2117 686 2147 illa
714 2119 904 2150 conveniens
934 2121 994 2151 fuit

225 2168 337 2208 primae
353 2168 556 2207 institutioni;
571 2170 624 2200 sed
636 2171 709 2201 usui
721 2174 827 2202 nostro
839 2181 903 2203 non
917 2182 991 2203 con-

225 2222 322 2258 venit,
333 2222 407 2262 quia
417 2222 571 2252 institutio
583 2224 709 2263 respicit
725 2224 873 2256 ellectum
887 2235 991 2257 sacra-

225 2274 341 2312 menti,
362 2274 413 2305 vel
432 2275 517 2314 quod
543 2275 652 2312 efficit,
681 2277 734 2307 sed
759 2287 837 2308 usus
860 2279 993 2310 ulterius

224 2327 426 2358 idoneitatem
441 2328 656 2367 suscipientis:
675 2332 704 2359 et
715 2330 789 2369 quia
800 2331 896 2361 homo
907 2335 994 2363 satur

258 2390 262 2402 ¹
275 2389 377 2420 Mactlz„
394 2395 484 2418 xxvrn,
500 2390 538 2413 17.
551 2403 580 2406 —
594 2389 601 2403 ²
612 2390 686 2421 Aug„
698 2392 779 2421 Epz'sl.
794 2398 883 2423 cxviii,
896 2393 927 2417 al.
943 2400 993 2424 Liv,

225 2432 246 2448 e.
263 2430 299 2455 vr,
315 2431 340 2448 n.
357 2426 380 2454 8,
400 2425 442 2448 ubi
455 2425 563 2455 legitur:
579 2433 591 2447 «
610 2425 726 2449 Salvator
748 2434 798 2457 quo
818 2428 994 2452 vehementius

225 2460 417 2484 commendaret
430 2461 543 2491 mysterii
558 2461 622 2484 illius
637 2460 802 2491 latitudinem,
817 2462 932 2487 ultimum
947 2465 995 2488 1100

226 2495 305 2519 voluit
319 2495 392 2519 altius
410 2496 513 2526 infigere
534 2496 652 2520 cordibus
673 2498 698 2520 et
713 2498 843 2521 memoria:
861 2499 995 2530 discipulo-

226 2537 317 2554 rum.»
334 2544 363 2548 -
381 2532 388 2545 ³
401 2531 502 2561 Mami„
517 2537 609 2561 xxvni,
625 2533 704 2556 20.—
718 2532 728 2548 ⁶
740 2533 808 2563 Luc„
822 2539 892 2564 xxiv,
914 2537 948 2558 24.
965 2548 994 2553 —

227 2565 236 2581 ¹
257 2566 296 2594 Cf.
320 2566 390 2589 Alex.
411 2566 505 2595 Alens,
528 2574 553 2597 p.
578 2567 619 2597 lV,
638 2574 663 2598 q.
687 2573 714 2597 x,
739 2569 832 2591 memb.
854 2570 876 2599 si,
894 2572 940 2593 art.
962 2572 993 2601 23

228 2603 254 2626 s.
275 2600 377 2631 Thous„
401 2608 426 2632 p.
453 2602 499 2631 ΙΙΙ,
523 2609 548 2632 q.
570 2607 664 2633 LXV111‚
689 2605 727 2627 art
760 2606 785 2633 1;
810 2605 835 2627 et
859 2605 891 2628 lv
915 2605 993 2634 Scnt„

1039 214 1103 235 non
1126 208 1173 236 est
1195 205 1326 236 idoneus
1349 206 1389 236 ad
1410 205 1585 246 spiritualia
1608 206 1805 246 peragenda,

1038 258 1107 289 ideo
1120 268 1182 289 0011
1197 262 1302 290 servat
1319 259 1378 290 hoc
1395 259 1529 290 Ecclesia
1541 283 1548 296 ,
1567 268 1625 290 nec
1641 259 1733 290 debet
1747 268 1809 290 ser-

1039 320 1124 342 vare.
1141 312 1172 342 Si
1188 312 1334 351 objicias,
1350 313 1436 352 quod
1455 315 1529 342 tunc
1552 312 1683 352 apostoli
1704 312 1807 351 primo

1038 364 1175 395 indebite
1191 368 1389 405 acceperunt,
1406 365 1575 396 dicendum
1588 365 1672 405 quod
1688 365 1747 405 ipsi
1762 373 1809 396 so-

1038 417 1105 448 brie
1116 418 1313 449 comederant
1325 418 1470 458 cxemplo
1486 419 1640 458 Magistri,
1653 419 1807 450 etiterum

1038 472 1243 502 comederunt
1257 473 1363 503 cibum
1379 473 1569 512 paschalem,
1582 473 1636 512 qui
1652 475 1720 503 erat
1734 481 1809 513 quo-

1039 524 1111 555 dam
1129 525 1221 555 modo
1236 525 1409 565 spiritualis
1424 528 1551 565 propter
1566 525 1771 564 signantiam.

1079 580 1107 608 2.
1125 577 1172 608 Ad
1188 577 1265 608 illud
1285 577 1323 608 de
1337 577 1510 617 baptismo,
1527 578 1706 617 dicendum,
1723 579 1806 619 quod

1039 640 1104 661 non
1119 634 1165 661 ost
1180 631 1327 661 credibile
1341 632 1424 670 quod
1438 634 1512 662 tunc
1534 634 1614 664 esset
1630 632 1733 662 forma
1747 632 1812 662 ins-

1040 685 1147 722 tituta;
1165 685 1219 716 sed
1234 686 1319 725 quod
1334 686 1411 716 alias
1424 686 1572 723 instituit,
1585 685 1627 715 ibi
1643 686 1813 716 confirma-

1040 737 1086 768 vit
1105 740 1134 768 et
1155 738 1339 778 publicavit.
1365 729 1516 768 similiter
1535 738 1674 769 subdidit
1693 738 1732 769 de
1752 737 1811 769 hoc

1040 794 1236 821 sacramento
1252 791 1261 807 ³
1275 802 1281 822 :
1300 791 1380 822 Ecce
1397 799 1450 831 eqo
1466 791 1626 823 vobiscum
1639 799 1721 822 sum.

1082 846 1110 873 3.
1133 844 1181 874 Ad
1202 844 1279 875 illud
1309 845 1346 875 de
1369 854 1508 882 recessu,
1533 845 1702 875 dicendum
1728 843 1815 884 quod

1042 896 1182 927 Christus
1201 897 1328 928 recessit
1348 898 1380 928 in
1401 898 1562 937 passione;
1585 897 1670 928 unde
1686 897 1738 928 ille
1756 897 1816 928 fuit

1043 950 1192 980 transitus
1209 959 1248 980 ex
1266 951 1333 988 via,
1359 953 1388 980 et
1405 951 1554 980 transitus
1572 951 1630 980 iste
1648 950 1686 990 ta)
1703 950 1763 980 fuit
1775 949 1815 981 ad

1043 1006 1184 1033 nostram
1206 1003 1358 1034 salutem:
1381 1003 1452 1034 ideo
1467 1006 1543 1034 tune
1559 1003 1691 1034 instituit
1709 1003 1816 1034 cibum

1043 1056 1241 1095 paschalem:
1263 1057 1316 1086 sed
1335 1057 1367 1086 in
1387 1056 1566 1088 ascensione
1586 1056 1646 1087 suit
1665 1056 1704 1087 ad
1724 1064 1816 1087 suam

1045 1108 1194 1148 gloriam.

1084 1164 1112 1191 1.
1139 1162 1186 1192 Ad
1208 1161 1286 1192 illud
1309 1161 1346 1192 de
1372 1161 1547 1192 memoriali
1564 1161 1618 1200 (b),
1646 1161 1816 1193 dicendum

1044 1215 1129 1254 quod
1145 1216 1217 1244 ante
1233 1215 1412 1253 passionem
1426 1215 1485 1244 fuit
1499 1223 1572 1245 cum
1588 1215 1633 1245 eis
1649 1217 1685 1246 ut
1699 1215 1814 1253 socius,

1045 1270 1074 1298 et
1090 1267 1159 1298 ideo
1177 1270 1253 1297 tunc
1270 1266 1397 1306 reliquit
1416 1267 1510 1305 signa
1526 1267 1660 1305 amoris,
1677 1268 1730 1298 sed
1747 1269 1817 1307 post

1045 1320 1308 1350 resurrectionem
1335 1319 1394 1349 fuit
1417 1321 1452 1349 ut
1475 1319 1644 1357 Dominus,
1672 1322 1703 1350 et
1725 1320 1817 1360 quasi

1045 1374 1234 1403 extraneus:
1251 1372 1335 1403 unde
1349 1372 1470 1402 dicebat
1484 1372 1510 1402 ⁵:
1530 1373 1596 1404 Hoc
1611 1375 1657 1404 est
1670 1372 1756 1412 quod
1770 1372 1818 1404 cli-

1045 1427 1149 1458 cebam
1169 1426 1217 1466 (c),
1240 1434 1311 1457 cum
1334 1425 1439 1457 adhuc
1460 1433 1558 1458 essem
1579 1426 1755 1458 vobiscum.
1779 1425 1818 1456 Et

1047 1480 1115 1510 ideo
1138 1488 1278 1510 recessus
1300 1480 1351 1510 ille
1373 1480 1482 1510 debuit
1504 1480 1662 1520 explicare
1686 1480 1818 1520 signum

1047 1536 1077 1564 et
1092 1536 1324 1564 sacramentum
1340 1533 1468 1564 amoris.

1306 1648 1484 1686 QUAESTIO
1508 1648 1560 1679 111.

1072 1730 1117 1755 An
1144 1728 1320 1755 Euelzart'stioe
1345 1730 1538 1755 sacramentum
1561 1729 1640 1762 prius
1666 1727 1793 1755 Dominus

1154 1774 1306 1805 confecerit,
1320 1780 1400 1806 quam
1416 1772 1520 1799 verbum
1533 1772 1676 1806 protulerit
1689 1772 1710 1798 ⁵.

1088 1852 1130 1882 De
1141 1852 1234 1882 modo
1250 1851 1432 1882 instituendi
1447 1853 1680 1882 sacramentum
1696 1851 1817 1883 Eucha-
1834 1873 1868 1894 Ad
1885 1879 1938 1900 opp·

1048 1905 1157 1936 ristire.
1179 1904 1217 1936 Et
1239 1914 1311 1935 cum
1335 1905 1489 1935 institutio
1510 1905 1610 1944 hujus
1630 1905 1819 1936 sacramenti

1048 1960 1142 1990 suerit
1156 1960 1189 1990 in
1204 1959 1400 1990 institutione
1415 1959 1521 1997 verbi,
1538 1959 1693 1998 quaeritur
1705 1960 1817 1990 utrum

1049 2014 1137 2053 prius
1147 2012 1326 2049 confecerit,
1334 2021 1430 2052 quam
1442 2013 1576 2043 verbum
1588 2011 1765 2051 protulerit.
1779 2011 1818 2042 Et

1050 2066 1135 2106 quod
1143 2066 1198 2103 sic,
1207 2065 1383 2096 ostenditur
1389 2074 1428 2096 ex
1439 2067 1528 2095 textu
1539 2064 1764 2103 Evangeliiubi
1774 2064 1816 2104 (d)

1049 2120 1198 2150 scribitur
1213 2118 1244 2148 ⁵:
1270 2118 1472 2150 coenantibus
1490 2118 1558 2150 illis
1582 2119 1703 2157 accepit
1730 2118 1819 2149 Jesus

1049 2181 1175 2212 panem,
1190 2175 1218 2203 ee
1231 2167 1407 2209 benecli'oett,
1420 2179 1456 2202 ac
1470 2172 1578 2210 freqz't,
1589 2171 1740 2210 deditque
1753 2170 1821 2202 dis-

1049 2225 1167 2265 cipulis
1180 2225 1250 2257 suis
1266 2224 1376 2255 dicens
1387 2234 1396 2252 :
1413 2224 1574 2263 Accipite,
1593 2226 1650 2254 etc.
1677 2223 1715 2254 Et
1728 2225 1817 2263 post:

1050 2279 1114 2310 Hoc
1132 2282 1176 2310 est
1195 2286 1308 2317 corpus
1323 2285 1434 2308 melun.
1452 2276 1498 2307 Ex
1515 2277 1575 2307 hoc
1589 2277 1686 2308 verbo
1701 2276 1820 2316 duplex

1050 2332 1174 2362 elicitur
1192 2331 1270 2361 ratio
1289 2342 1294 2360 :
1313 2331 1430 2370 prima,
1448 2330 1524 2369 quia
1541 2330 1628 2369 prius
1643 2329 1817 2365 benedixit,

1051 2390 1107 2413 dist.
1122 2395 1178 2418 viii,
1193 2391 1240 2412 art.
1257 2390 1282 2418 2;
1297 2388 1444 2417 uit-hardus,
1461 2388 1492 2411 lv
1508 2388 1586 2417 Se11{.,
1602 2387 1660 2411 dist.
1676 2392 1738 2414 vni,
1753 2392 1777 2416 q.
1795 2391 1818 2415 1;

1051 2426 1138 2455 steph.
1157 2424 1258 2454 Brulet,
1277 2424 1307 2447 {V
1326 2424 1403 2453 Sene,
1423 2423 1478 2446 dist.
1502 2428 1556 2453 vui,
1578 2430 1602 2454 q.
1623 2429 1664 2452 v13
1685 2423 1772 2446 Petrus
1788 2420 1818 2443 de

1050 2461 1160 2490 Taram„
1176 2460 1204 2483 ΙΥ
1219 2460 1296 2489 Seni„
1306 2459 1362 2482 dist.
1375 2464 1429 2488 vin,
1439 2465 1463 2489 q.
1476 2464 1559 2482 v11.—
1569 2459 1579 2474 ⁶
1590 2457 1690 2485 Mami„
1701 2461 1771 2485 xxvi,
1780 2456 1818 2479 26.

1084 2500 1116 2530 (ιι)
1133 2500 1192 2523 Caet.
1214 2499 1273 2522 ειΙιἸ.
1294 2498 1350 2522 illis.
1368 2511 1399 2515 -
1420 2498 1450 2527 (b)
1476 2498 1536 2522 Coet.
1556 2497 1614 2520 edit.
1635 2495 1769 2520 memoria.
1788 2508 1819 2512 ——

1052 2536 1080 2566 (c)
1102 2535 1175 2564 Vulg.
1194 2535 1248 2558 Hoec
1265 2536 1322 2557 sunt
1339 2532 1411 2557 verba
1426 2540 1480 2564 quoe
1499 2533 1593 2556 locutus
1609 2539 1663 2555 sum
1681 2531 1717 2555 ad
1730 2537 1778 2554 ros.
1789 2543 1820 2549 —-

1052 2570 1089 2600 (d)
1104 2570 1173 2594 Erlit.
1199 2570 1257 2593 Ven.
1273 2569 1316 2593 ubi
1332 2568 1473 2592 ostenditur
1485 2568 1530 2592 ubi
1545 2574 1574 2591 ex
1591 2568 1660 2591 textu
1679 2565 1818 2598 Evangelii.

1052 2606 1122 2629 Edit.
1142 2606 1196 2630 Ven.
1214 2605 1256 2630 ubi
1271 2604 1411 2628 ostenditur
1426 2610 1456 2628 ex
1471 2605 1540 2628 textu
1556 2601 1693 2633 Evangelii.

2004 621 2011 637 e
