2017 2948
797 165 987 197 DISTINCT.
1011 165 1158 198 XXXVII.

174 234 366 263 commutata
380 233 440 264 fuit
454 234 486 263 in
505 233 587 264 diem
602 232 808 270 dominicum,
825 233 944 272 quaeri-

173 289 226 317 tur
251 296 350 327 quare
378 288 411 317 in
433 288 529 318 alium
546 287 628 317 diem
655 289 776 317 mutata
791 288 940 318 nonfuit.

175 340 263 378 item,
279 341 305 370 si
334 342 454 371 mutata
468 343 513 370 est
543 340 663 370 sabbati
685 340 886 370 observantia
910 341 941 371 in

172 393 363 423 dominicam
375 417 382 430 ‚
405 402 477 423 cum
495 393 597 423 ‚Iudaei
612 396 795 424 tenerentur
816 394 849 423 in
869 394 942 424 sab-

173 445 245 476 bato
258 454 321 475 non
336 446 499 476 ambulare
512 469 519 483 ‚
536 446 661 476 videtur
679 446 763 485 quod
791 449 920 485 peccant
932 471 939 484 ‚

171 498 226 536 qui
253 498 286 527 in
314 498 425 528 diebus
447 498 614 528 dominicis
639 498 814 528 ambulant.
845 498 942 530 Juxta

171 549 230 580 hoc
247 550 341 580 etiam
358 550 511 589 quaeritur
528 560 547 580 a
569 550 685 589 quibus
700 551 885 581 cessandum
902 552 942 582 sit

171 602 203 632 in
217 602 328 633 diebus
340 603 504 633 dominicis
516 606 545 633 ct
556 603 761 633 solemnibus.
782 604 941 639 Quaeritur

170 655 264 685 etiam
284 658 411 695 propter
426 656 501 695 quid
517 656 549 686 in
565 656 618 686 illo
634 657 782 686 mandato
799 659 940 687 mutatur

169 708 283 738 modus
299 708 464 748 loquendi,
480 711 510 738 et
531 709 645 739 dicitur
660 720 666 739 :
685 710 854 747 Memento,
871 719 939 740 ma-

168 760 218 798 gis
239 770 335 799 quam
356 762 389 791 in
409 762 470 792 alio
492 763 657 799 mandato,
677 772 749 793 cum
773 763 835 793 alia
849 772 940 793 man-

167 813 240 842 data
263 813 306 843 ita
320 813 400 844 bene
416 815 550 845 debeant
570 815 679 845 haberi
703 816 738 845 in
760 816 936 854 memoria,

167 867 245 897 sicut
261 867 349 898 illud.

207 921 298 962 Resp.
317 923 490 954 Dicendum
504 924 588 964 quod
604 925 637 954 in
652 925 800 955 mandato
816 926 937 956 sabbati

166 978 232 1005 erat
255 976 319 1006 duo
334 977 550 1015 considerare,
567 978 711 1008 videlicet
732 979 937 1009 cessationem

165 1028 205 1057 ab
219 1037 314 1067 opere
329 1029 456 1067 servili,
474 1032 509 1060 ut
531 1031 627 1061 homo
652 1031 712 1061 Deo
727 1031 824 1062 libere
840 1041 937 1062 vaca-

165 1083 222 1118 ret,
239 1083 270 1111 et
285 1081 459 1112 intenderet
471 1093 478 1120 3
491 1083 575 1113 aliud
588 1086 655 1114 erat
669 1084 713 1114 ibi
725 1085 935 1122 considerare,

165 1134 311 1164 videlicet
327 1135 591 1173 significationem
613 1137 684 1175 diei,
701 1140 730 1168 et
745 1138 937 1169 determina-

168 1186 285 1217 tionem
301 1196 434 1226 operum
455 1190 668 1227 exteriorum⁷
689 1200 708 1221 a
729 1191 847 1230 quibus
869 1194 937 1222 erat

167 1240 365 1270 cessandum.
387 1241 548 1278 Quantum
571 1243 610 1273 ad
636 1244 790 1283 primum,
808 1245 938 1275 manda-

165 1295 233 1324 tum
248 1294 286 1324 de
300 1295 429 1326 sabbato
440 1299 506 1326 erat
522 1298 641 1327 morale
656 1309 661 1327 :
675 1299 736 1328 hoc
750 1298 834 1328 enim
849 1300 936 1329 omui

165 1350 305 1388 tempore
320 1349 402 1380 Deus
415 1351 592 1390 requisivit,
609 1354 645 1382 ut
658 1352 754 1383 homo
769 1353 827 1383 sibi
843 1353 936 1383 habi-

164 1402 307 1432 taculum
332 1403 434 1433 cordis
464 1407 676 1444 praepararet,
692 1407 722 1435 et
751 1405 852 1435 eidem
878 1405 936 1435 ali-

164 1456 292 1493 quando
316 1459 461 1494 vacaret,
478 1460 514 1487 ut
538 1466 593 1496 per
616 1458 813 1488 dilectionem
834 1458 935 1488 eidem

164 1507 356 1546 aslhaereret3
374 1511 404 1539 et
419 1512 576 1549 quantum
590 1511 629 1540 ad
651 1511 710 1540 hoc
732 1519 796 1540 non
811 1513 935 1541 tantum

163 1562 231 1590 erat
246 1561 364 1592 morale
376 1586 385 1600 ,
408 1563 460 1592 sed
480 1563 575 1593 etiam
595 1564 829 1602 quodammodo
846 1564 935 1594 facie-

163 1613 216 1643 bat
238 1614 276 1645 ad
291 1615 426 1645 aliorum
447 1616 620 1646 moralium
644 1616 804 1655 integram
822 1617 933 1656 imple-

164 1669 281 1700 tionem
299 1681 305 1700 ;
323 1670 397 1709 quia
417 1671 493 1701 dum
514 1671 611 1701 homo
625 1674 715 1701 vacat
732 1671 790 1701 sibi
805 1674 835 1702 et
850 1671 930 1709 Deo,

163 1722 275 1753 melius
288 1724 449 1762 cognoscit
465 1725 541 1764 quid
555 1725 730 1763 agendum,
748 1727 778 1755 et
793 1725 871 1764 quid
887 1727 934 1755 est

162 1775 339 1807 faciendum
357 1786 364 1807 z
392 1779 422 1807 et
438 1780 602 1817 propterea
617 1778 667 1807 isti
692 1778 838 1808 mandato
861 1788 931 1818 spe-

161 1829 279 1859 cialiter
295 1830 500 1869 preemittitur
516 1842 523 1861 ι
539 1831 692 1862 Memento
703 1855 710 1867 ‚
728 1831 802 1870 quia
817 1831 850 1861 in
864 1833 933 1870 eJus

162 1882 389 1912 memoratione
397 1885 510 1913 caetera
519 1886 747 1914 memorantur.
757 1883 849 1913 Aliud
857 1893 933 1914 vero

163 1936 208 1964 est
222 1934 263 1963 ibi
280 1934 339 1964 diei
362 1934 568 1973 significatio,
584 1938 614 1965 et
628 1936 847 1966 determinatio
863 1946 934 1975 ope-

161 1987 205 2017 ris
221 1997 227 2016 ;
244 1989 274 2017 et
284 1990 438 2026 quantum
454 1988 492 2018 ad
509 1988 567 2018 hoc
580 2012 587 2026 ‚
605 1989 825 2019 caeremoniale
840 1992 887 2019 est
904 1992 933 2030 et

160 2039 309 2078 figurale,
321 2040 453 2078 signans
465 2050 483 2070 a
497 2050 559 2080 (1110
574 2042 759 2072 cessandum
775 2044 832 2079 est,
855 2051 933 2081 quo-

161 2093 247 2123 niam
267 2093 305 2123 ab
327 2102 421 2133 opere
436 2094 572 2133 peccati,
591 2095 712 2134 etquid
738 2095 930 2126 credendum

161 2147 191 2175 et
216 2146 463 2185 expectandum⁷
491 2146 634 2177 videlicet
658 2148 748 2187 quies
778 2148 932 2187 passionis

162 2197 273 2229 Christi
299 2199 332 2228 in
352 2199 528 2238 sepulchro.
549 2199 586 2230 Et
608 2203 764 2240 quantum
790 2201 829 2231 ad
850 2201 930 2239 hoc,

162 2251 270 2290 reponi
284 2251 378 2282 habet
391 2252 472 2282 inter
484 2254 717 2284 caeremonialia
733 2263 740 2283 ε
756 2256 786 2284 et
801 2254 869 2284 haec
887 2257 933 2284 est

161 2304 240 2334 ratio
256 2313 353 2343 quare
373 2305 555 2335 mandatum
577 2306 655 2337 illud
678 2307 874 2346 frequentius
898 2307 931 2337 in

162 2356 246 2396 Lege
274 2357 474 2396 exprimitur,
499 2367 596 2397 quam
619 2359 747 2399 aliquod
771 2360 929 2398 aliorum,

161 2410 236 2449 quia
264 2410 439 2440 secundum
476 2411 616 2442 diversas
653 2413 703 2443 sui
736 2413 931 2443 conditiones

160 2465 277 2502 spectat
309 2463 348 2494 ad
387 2463 511 2494 diversa
547 2474 666 2503 genera
693 2466 928 2497 mandatorum.

160 2515 248 2546 Unde
269 2516 438 2556 aliquando
462 2517 647 2548 nominatur
669 2518 749 2549 inter
776 2528 928 2550 caeremo-

159 2569 270 2607 nialia,
289 2571 319 2600 et
345 2569 516 2609 aliquando
546 2570 627 2601 inter
656 2571 788 2602 moralia
804 2583 810 2603 :
837 2574 867 2603 et
895 2573 927 2604 in

192 2630 198 2643 ¹
215 2630 289 2660 Aug„
304 2629 333 2652 de
346 2629 431 2653 Decem
444 2629 538 2660 choi-d„
551 2636 573 2653 c.
593 2635 631 2654 ι11.

1714 171 1772 201 153

999 236 1157 273 quantum
1173 233 1292 264 morale
1306 236 1369 271 est,
1387 238 1494 265 manet
1518 235 1549 265 in
1572 236 1643 275 loge
1667 246 1769 274 nova;

998 286 1030 316 in
1058 289 1214 326 quantum
1242 287 1478 324 caeremoniale,
1510 292 1697 319 evacuatum
1725 292 1773 320 est

998 339 1132 370 veritate
1158 340 1358 370 adveniente.
1379 340 1465 370 Unde
1481 341 1681 372 observantia
1701 343 1772 373 sah-

998 392 1059 422 baii
1076 395 1227 423 evacuata
1242 396 1288 423 est
1304 393 1335 422 in
1350 393 1422 432 lege
1438 402 1521 423 nova
1539 405 1545 423 :
1570 395 1771 426 observantia

997 454 1073 476 vero
1086 445 1145 476 diei
1160 446 1325 476 dominicae
1341 449 1371 476 et
1381 446 1515 476 aliarum
1531 447 1771 478 solemnitatum

997 498 1057 528 alia
1071 507 1166 528 causa
1187 501 1233 528 est
1255 499 1435 529 introducta
1450 523 1457 536 ,
1481 499 1626 530 videlicet
1651 500 1684 529 in
1700 510 1767 530 me-

997 552 1132 581 moriam
1154 552 1297 581 beneficii
1321 552 1559 590 redemptionis,
1576 554 1606 582 et
1620 553 1651 582 in
1665 554 1770 592 praefl-

997 605 1199 642 gurationem
1236 605 1353 635 suturae
1385 606 1625 635 resurrectionis
1645 630 1649 638 ,
1680 608 1709 636 et
1740 607 1771 636 in

995 657 1188 687 amotionem
1203 658 1329 695 erroris,
1353 658 1428 697 quia
1441 658 1615 689 secundnm
1635 659 1772 689 Gentiles

996 710 1061 739 dies
1076 711 1254 740 dominicus
1270 711 1393 750 primus
1408 713 1464 747 cst7
1476 721 1549 741 cum
1562 712 1593 741 in
1610 712 1771 751 principio

995 762 1079 792 illius
1094 763 1155 793 diei
1175 764 1304 803 incipiat
1317 764 1471 794 dominari
1499 765 1681 804 principalis
1704 765 1772 804 pla-

994 818 1086 853 neta,
1104 819 1138 846 ut
1153 817 1280 853 dicunt,
1299 817 1415 847 scilicet
1431 816 1482 846 Sol
1502 829 1508 848 2
1536 820 1664 857 propter
1686 818 1771 857 quod

994 869 1149 898 vocabant
1170 878 1243 898 eum
1267 869 1351 899 diem
1367 869 1447 900 Solis
1459 894 1468 907 ,
1489 872 1519 900 et
1535 870 1727 901 exhibebant
1742 871 1771 901 ei

993 922 1229 951 venerationem
1247 933 1253 951 2
1273 924 1308 952 ut
1329 923 1430 961 igitur
1448 923 1498 952 ille
1514 932 1603 953 error
1622 923 1770 954 exclude-

992 977 1096 1012 retur7
1113 977 1143 1004 et
1163 976 1340 1005 reverentia
1358 976 1464 1006 cultus
1486 976 1542 1005 soli
1566 978 1629 1007 Deo
1645 977 1771 1007 exhibe-

992 1030 1100 1064 retur,
1118 1030 1250 1067 praelixa
1276 1029 1335 1058 fuit
1363 1029 1429 1059 dies
1457 1029 1634 1067 dominica,
1659 1030 1691 1059 in
1708 1040 1771 1069 qna

994 1081 1132 1120 populus
1157 1082 1350 1112 christianus
1373 1084 1499 1112 vacaret
1523 1083 1620 1112 cultui
1647 1083 1723 1120 Dei,
1741 1086 1772 1113 et

993 1135 1250 1173 praetermitteret
1261 1135 1390 1173 negotia
1400 1137 1535 1173 terrena,
1547 1145 1619 1174 quae
1629 1137 1770 1166 animam

993 1188 1186 1224 distrahunt,
1201 1197 1240 1217 ne
1252 1189 1314 1218 Deo
1330 1188 1480 1218 intendat.
1499 1188 1586 1219 Unde
1601 1189 1653 1219 illa
1668 1199 1764 1228 opera

992 1241 1152 1280 praecipue
1176 1241 1360 1271 inhibentur
1389 1242 1427 1271 ab
1455 1242 1523 1280 ipsa
1549 1241 1708 1272 Ecclesiae
1737 1245 1770 1273 et

991 1293 1066 1323 talia
1081 1294 1227 1323 dicuntur
1242 1303 1339 1332 opera
1354 1294 1491 1331 servilia,
1511 1294 1562 1324 illa
1578 1295 1715 1325 maxime
1732 1296 1767 1326 in

992 1347 1109 1386 quibus
1126 1346 1223 1376 homo
1248 1347 1350 1376 inhiat
1364 1347 1496 1377 terrenis
1516 1347 1630 1384 lucris⁷
1648 1351 1678 1378 et
1693 1358 1766 1388 quae

991 1402 1065 1429 sunt
1081 1402 1195 1439 praeter
1220 1400 1457 1436 necessitatem7
1476 1409 1532 1439 per
1548 1410 1643 1440 quain
1661 1403 1768 1433 anima

992 1453 1132 1482 maxime
1145 1453 1303 1483 detinetur
1318 1453 1401 1482 circa
1415 1453 1484 1483 haec
1501 1454 1659 1491 inferiora,
1671 1464 1710 1485 ne
1721 1465 1765 1493 se,

992 1515 1049 1535 nec
1073 1506 1172 1536 Deum
1197 1515 1293 1535 suum
1316 1506 1455 1536 recolat:
1484 1516 1542 1537 nec
1565 1509 1687 1537 tantum
1705 1509 1768 1538 hu—

987 1560 998 1597 j
1006 1559 1130 1589 usmodi
1144 1568 1239 1598 opera
1249 1559 1374 1589 servilia
1383 1559 1604 1598 prohibentur,
1626 1561 1689 1591 imo
1703 1571 1766 1592 ma-

991 1612 1042 1650 515
1078 1614 1109 1642 et
1144 1612 1327 1650 diligentius
1355 1621 1450 1651 opera
1494 1613 1634 1643 carnalia
1652 1637 1659 1650 ‚
1687 1614 1766 1644 sicut

990 1665 1174 1703 ebrietates,
1190 1666 1260 1696 lites
1281 1668 1310 1696 et
1328 1666 1455 1705 jurgia,
1474 1675 1545 1706 quae
1571 1667 1711 1698 maxime
1726 1668 1764 1697 li-

991 1716 1104 1746 bertati
1120 1717 1252 1755 spiritus
1269 1719 1463 1756 repugnant.
1480 1717 1518 1748 Et
1532 1717 1592 1748 hoc
1608 1720 1664 1756 est,
1682 1719 1766 1757 quod

990 1772 1067 1802 dicit
1079 1772 1284 1811 Augustinus
1293 1773 1324 1803 in
1337 1773 1416 1803 libro
1429 1773 1466 1804 cle
1482 1774 1591 1804 Decem
1601 1774 1732 1805 Chordis
1744 1775 1763 1803 ¹:

995 1837 1008 1853 «
1032 1825 1151 1855 Dicitur
1175 1826 1229 1855 tibi
1254 1828 1290 1855 ut
1309 1826 1513 1865 spiritualiter
1526 1827 1676 1857 observes
1691 1828 1765 1857 sab-

990 1878 1110 1914 batum,
1128 1887 1192 1908 11011
1211 1879 1370 1917 quomodo
1383 1879 1486 1909 Judaei
1509 1880 1679 1910 observant
1694 1889 1762 1910 car-

989 1932 1053 1962 nali
1072 1931 1135 1961 otio
1154 1942 1160 1961 :
1178 1931 1347 1962 observare
1365 1932 1450 1961 enim
1466 1932 1579 1962 volunt
1600 1933 1639 1963 ad
1660 1943 1765 1972 nugas

989 1987 1084 2024 atque
1110 1984 1254 2014 luxurias
1284 1994 1367 2014 suas.
1402 1984 1513 2015 Melius
1538 1986 1624 2016 0111111
1652 1987 1765 2017 faceret

989 2038 1116 2068 Judaeus
1146 2038 1178 2067 in
1206 2046 1284 2076 agro
1315 2047 1373 2067 suo
1399 2036 1523 2077 aliquid
1546 2039 1633 2075 utile⁷
1664 2049 1761 2078 quam

989 2091 1073 2131 quod
1101 2091 1132 2120 in
1152 2091 1284 2121 theatris
1314 2091 1519 2121 seditionibus
1540 2091 1708 2122 insisteret.
1725 2093 1763 2123 Et

990 2144 1104 2174 melius
1123 2143 1264 2174 foeminae
1279 2153 1390 2174 eorum
1408 2144 1439 2173 in
1455 2144 1504 2174 (lie
1519 2145 1639 2174 sabbati
1657 2145 1763 2176 lanam

989 2198 1142 2234 facerent,
1161 2206 1258 2235 quam
1281 2198 1344 2226 tota
1369 2197 1419 2227 die
1442 2197 1474 2227 in
1502 2198 1676 2228 neomeniis
1700 2199 1764 2229 suis

989 2251 1147 2290 impudice
1171 2250 1294 2280 saltent.
1319 2261 1332 2277 »
1359 2250 1424 2280 Hoc
1453 2253 1559 2280 autem
1582 2251 1673 2288 dicit,
1700 2261 1764 2281 non

989 2305 1143 2344 quianon
1164 2303 1202 2333 sit
1216 2303 1404 2333 cessandum
1424 2303 1456 2333 in
1476 2304 1587 2334 diebus
1611 2305 1764 2334 solemni-

989 2358 1046 2388 bus
1057 2367 1074 2387 a
1090 2356 1226 2394 negotiis
1240 2358 1371 2386 actuum
1387 2357 1579 2387 exteriorum
1593 2368 1600 2394 ;
1618 2357 1671 2387 sed
1688 2357 1763 2396 quia

989 2411 1045 2450 ipsi
1070 2410 1243 2440 sacerdotes
1266 2412 1296 2439 et
1311 2410 1431 2449 praelati
1449 2410 1606 2447 Ecclesiae,
1623 2420 1762 2450 quorum

988 2466 1032 2493 est
1045 2463 1226 2502 hujusmodi
1240 2463 1317 2492 festa
1338 2463 1489 2498 indicere,
1509 2465 1538 2493 et
1551 2464 1762 2494 determinare

988 2516 1147 2556 quomodo
1165 2517 1195 2545 et
1213 2515 1348 2554 qualiter
1362 2515 1401 2544 sit
1415 2515 1600 2545 cessandum
1617 2517 1655 2545 ab
1671 2519 1759 2547 exte-

988 2569 1065 2600 riori
1078 2577 1172 2608 opere
1183 2592 1192 2606 ‚
1210 2568 1313 2607 magis
1334 2568 1448 2598 debent
1468 2577 1615 2598 revocare
1632 2569 1671 2599 ab
1689 2569 1739 2599 his
1750 2593 1758 2607 ‚

991 2632 1061 2663 quae
1072 2622 1225 2660 majorem
1236 2621 1382 2661 peccandi
1396 2621 1538 2660 praebent
1548 2622 1755 2653 occasionem.
