2017 2948
630 140 727 171 DIST.
751 137 881 169 XXXIX.
907 136 996 167 ART.
1020 136 1072 166 Ill.
1097 135 1244 172 QUAEST.
1269 134 1322 165 III.

186 212 270 252 quod
291 211 397 250 vergit
418 211 451 240 in
474 208 582 239 salutis
603 216 668 237 suae
692 205 907 245 dispendium,
924 206 954 234 et

185 264 384 303 perfectionis
410 261 688 302 impedimentum,
715 260 750 288 ut
776 260 852 297 puta
880 266 953 287 cum

181 318 268 355 jurat
284 317 355 356 quis
371 326 402 346 se
421 323 587 353 nunquam
609 313 799 342 intraturum
821 310 953 348 religio-

185 379 269 399 nem.
289 369 392 399 'l'ertio
414 367 507 397 niodo
529 366 645 396 dicitur
662 365 881 403 juramentum
903 363 952 391 in-

185 425 312 452 cautum
325 445 333 459 ,
350 430 422 451 cum
438 420 509 459 quis
529 420 615 458 jurat
631 417 747 456 aliquid
772 416 805 445 in
826 424 953 445 omnem

184 477 333 505 eventum
344 498 351 511 ,
368 473 454 512 quod
469 481 533 502 uno
544 480 617 500 casu
631 469 835 506 contingente
848 467 954 505 vergit

183 529 217 558 in
232 529 341 558 salutis
355 526 551 566 dispendium
561 549 568 562 ,
585 524 647 554 alio
663 532 737 552 casu
752 521 953 559 contingente

182 581 288 620 vergit
304 581 336 610 in
352 580 460 610 salutis
474 579 668 618 profectum,
685 576 766 605 sicut
781 584 851 604 cum
865 575 953 612 jurat

183 633 298 672 aliquis
320 642 353 662 se
377 640 541 670 nunquam
566 631 768 668 recepturum
793 626 950 666 [1110111110-

182 694 273 723 nem,
305 685 388 723 quod
413 684 540 723 quidem
564 684 611 712 est
634 682 667 710 in
692 680 800 710 salutis
827 679 951 717 dispen-

182 738 287 775 dium,
305 739 329 767 si
341 737 428 768 utilis
444 737 501 773 sit,
519 738 548 766 et
565 734 712 765 canonice
728 733 877 771 eligatur,
893 733 923 761 et
935 740 953 760 a

181 791 293 829 majori
313 790 370 819 sihi
391 790 599 828 injungatur3
623 789 699 816 tunc
723 787 829 815 autem
848 784 953 822 vergit

180 842 212 871 in
229 842 337 871 salutis
351 842 541 880 profectum,
566 839 591 868 si
611 839 651 868 sit
675 846 810 876 persona
831 836 952 865 inutilis

180 894 239 924 sibi
255 897 285 924 et
299 894 368 924 aliis
385 893 424 923 ad
446 895 561 922 statum
587 891 677 920 illum
703 887 894 928 promoveri.
919 887 951 917 Si

181 955 258 985 ergo
272 946 442 985 loquamur
457 945 495 975 de
506 945 690 983 juramento
708 942 833 970 incauto
848 939 951 979 primo

181 999 291 1036 modo,
309 999 351 1028 sic
366 998 483 1037 absque
498 997 594 1027 dubio
611 1004 676 1025 non
690 996 737 1024 est
757 993 878 1022 licitum
895 1001 951 1021 nec

180 1051 241 1082 obli
247 1051 425 1090 gatorium3
440 1050 505 1080 imo
516 1049 570 1088 qui
583 1049 688 1088 ipsum
701 1047 856 1081 observat,
869 1053 952 1074 com-

179 1105 274 1134 mittit
289 1106 465 1144 peccatum.
481 1102 513 1132 Si
528 1110 603 1132 vero
619 1101 789 1139 loquamur
804 1097 842 1127 de
857 1097 950 1136 jura-

178 1160 285 1188 mento
300 1157 426 1186 incauto
443 1154 581 1185 secundo
598 1152 708 1189 modo,
725 1152 769 1181 sie
784 1159 841 1180 nec
855 1152 901 1179 est
916 1149 951 1179 li-

177 1210 275 1241 citum
285 1233 295 1247 ,
311 1218 368 1240 nec
383 1207 610 1247 obligatorium
621 1230 629 1243 ,
644 1205 717 1235 licet
727 1204 832 1243 ipsum
847 1203 951 1232 obser.

176 1272 254 1294 vare
271 1272 336 1293 non
354 1262 393 1291 sit
406 1263 585 1301 peccatum,
603 1258 678 1298 quia
693 1266 756 1287 non
770 1258 817 1287 est
838 1264 948 1295 pecca-

176 1318 246 1346 tum
266 1324 331 1345 non
354 1316 472 1344 intrare
495 1312 699 1350 religionem3
723 1318 821 1348 grave
844 1310 948 1337 tamen

176 1370 339 1408 peceatum
348 1369 394 1398 est
401 1369 512 1406 jurare
523 1374 555 1395 se
568 1372 733 1404 nunquam
744 1369 947 1392 ascensurum

176 1421 216 1451 ad
232 1420 371 1459 gradum
393 1418 612 1459 perfectionis,
629 1417 705 1456 quia
728 1416 761 1445 in
786 1416 845 1445 hoc
867 1423 946 1453 quo-

176 1475 249 1506 dam
264 1475 359 1505 modo
374 1474 543 1512 impugnat
560 1472 658 1512 ipsius
673 1470 804 1510 justitiae
828 1470 947 1508 perfec-

175 1528 310 1565 tionem,
326 1529 356 1557 et
371 1526 507 1566 Spiritus
522 1524 622 1555 sancti
644 1523 891 1562 inspirationem.
914 1521 946 1551 Si

175 1590 252 1611 vero
271 1580 442 1619 loquamur
458 1578 496 1608 de
516 1578 702 1617 juramento
725 1575 817 1606 tertio
838 1574 943 1613 modo,

176 1633 219 1664 sic
233 1642 298 1664 uno
313 1642 387 1663 casu
405 1631 610 1669 contingente
624 1631 670 1659 est
690 1627 942 1664 observandum,

175 1686 335 1723 videlicet,
353 1684 481 1725 quando
505 1682 611 1721 vergit
633 1682 667 1712 in
690 1680 799 1711 salutis
823 1681 945 1719 profec-

174 1741 260 1776 tum3
278 1738 340 1768 alio
355 1746 432 1769 vero
449 1736 486 1775 (a)
505 1744 578 1766 casu
598 1735 802 1773 contingente
817 1736 864 1764 est
882 1734 942 1763 illi-

175 1792 272 1822 citum
283 1815 290 1829 ,
306 1793 336 1821 et
350 1800 414 1821 non
434 1789 668 1820 observandum
679 1812 686 1824 ‚
707 1787 851 1818 videlicet
870 1796 943 1817 cum

174 1844 280 1882 vergit
302 1844 333 1873 in
357 1842 467 1873 salutis
481 1842 719 1872 detrimentum.
748 1840 786 1871 Et
805 1849 861 1878 per
884 1839 944 1870 hoc

176 1897 260 1934 patet
276 1894 438 1934 responsio
453 1894 492 1924 ad
506 1893 714 1933 quaestionem
737 1892 940 1932 propositam.

175 1946 416 1978 Concedendum
433 1948 478 1976 est
490 1946 606 1984 igitur,
625 1945 709 1984 quod
719 1946 942 1985 Juramentum

175 2000 356 2036 incautum,
374 1998 457 2037 quod
473 1998 580 2036 vergit
598 1997 632 2027 in
646 1997 754 2027 salutis
770 1997 943 2027 detrimen-

173 2054 258 2088 tum,
273 2051 322 2082 vel
343 2051 428 2090 quod
447 2051 562 2081 directe
578 2050 682 2088 vergit
697 2050 729 2079 in
745 2050 942 2089 perfectionis

174 2104 437 2143 impedimentum
448 2127 456 2140 ‚
472 2112 537 2133 non
552 2105 597 2132 est
609 2102 847 2141 obligatorium,
862 2103 942 2133 sicut

174 2156 311 2186 rationes
321 2156 360 2186 ad
372 2156 453 2185 hanc
469 2157 590 2195 partem
606 2155 744 2185 inductae
758 2155 939 2186 ostendunt.

215 2212 242 2239 1.
259 2209 307 2239 Ad
321 2208 398 2239 illud
412 2217 488 2239 vero
508 2208 593 2247 quod
612 2208 760 2246 objicitur
783 2208 886 2247 primo
908 2208 940 2238 in

174 2259 368 2290 contrarium
385 2259 423 2289 de
436 2259 545 2297 Josue,
562 2259 728 2289 dicendum
743 2259 827 2298 quod
845 2260 940 2298 jura-

176 2314 320 2342 mentum
334 2311 415 2342 illud
429 2312 633 2342 observatum
652 2320 715 2342 non
736 2312 888 2350 vergebat
908 2312 940 2342 in

175 2365 294 2395 malum
307 2364 439 2400 exitum,
450 2364 515 2393 imo
526 2364 558 2393 in
570 2364 702 2394 bonum.
715 2363 842 2404 Triplex
854 2365 940 2395 enim

176 2418 253 2447 ratio
262 2417 332 2454 ruit,
344 2425 441 2455 quare
450 2415 629 2446 Gabaonitae
639 2417 769 2447 fuerunt
776 2417 939 2454 reservati,

176 2474 206 2501 ct
230 2480 293 2500 non
319 2469 486 2500 interfecti.
516 2468 583 2499 Una
610 2469 755 2500 videlicet
779 2470 939 2508 litteralis,

175 2523 249 2562 quia
264 2522 379 2554 melius
393 2524 460 2553 erat
483 2524 519 2552 ut
540 2522 768 2553 damnarentur
790 2527 942 2564 perpetua

206 2585 239 2615 (ιι)
257 2585 316 2608 Cat.
334 2584 392 2608 edil.
408 2584 493 2608 modo.

355 2637 429 2660 rom.
446 2637 477 2659 v.

1713 132 1771 163 225

1008 203 1176 240 servitute,
1192 211 1289 241 quam
1304 201 1494 241 punirentur
1507 202 1617 238 morte,
1633 199 1773 230 maxime

1009 264 1083 285 cum
1107 255 1243 294 prompti
1270 255 1373 284 essent
1402 254 1519 283 servire
1547 253 1650 291 magis
1676 261 1772 292 quam

1011 310 1143 337 mortem
1159 308 1314 337 sustinere
1325 331 1332 343 ‚
1350 307 1429 336 sicut
1447 315 1486 335 ex
1500 305 1567 344 ipso
1580 308 1670 335 textu
1683 314 1774 344 appa-

1009 363 1066 391 ret.
1083 361 1152 390 Alia
1169 370 1244 390 vero
1258 360 1337 390 ratio
1353 362 1397 389 est
1413 359 1539 389 moralis
1550 383 1557 395 ,
1575 359 1650 397 quia
1663 359 1695 388 in
1717 358 1774 388 1100

1009 414 1031 443 si
1037 414 1224 451 guiticatur,
1250 412 1333 452 quod
1366 414 1662 451 quantumcumque
1693 411 1774 441 Deus

1010 467 1149 496 minetur
1173 466 1283 502 alicui,
1307 467 1338 495 et
1363 465 1545 503 indignetur
1568 464 1601 493 in
1626 464 1774 502 praesenti

1009 519 1073 549 vita
1088 530 1094 551 z
1121 519 1146 548 si
1177 521 1283 548 tamen
1310 518 1346 547 ad
1374 518 1478 556 ipsum
1506 518 1683 547 revertatur
1710 517 1774 546 toto

1008 572 1100 601 corde
1120 596 1126 605 ,
1156 580 1220 601 11011
1249 570 1364 601 claudit
1390 569 1614 600 misericordiae
1642 569 1772 599 viscera.

1008 624 1113 654 Tertia
1128 633 1202 654 vero
1218 624 1298 653 ratio
1313 626 1358 653 est
1373 623 1517 661 figuralis
1532 633 1539 653 ε
1565 622 1640 662 quia
1658 622 1692 652 in
1715 621 1775 651 hoc

1008 677 1219 716 significatur,
1233 677 1316 716 quod
1332 685 1455 715 semper
1470 677 1502 705 in
1516 676 1607 706 nobis
1622 675 1686 706 duo
1701 676 1776 704 sunt

1007 730 1130 769 populi,
1143 730 1317 759 secundum
1330 729 1413 768 quod
1428 729 1490 759 (1110
1504 729 1633 759 fuerunt
1645 728 1678 757 in
1692 730 1775 757 terra

1008 782 1239 821 promissionis,
1257 782 1373 812 scilicet
1394 782 1672 819 Amorrhaeorum,
1690 782 1720 810 et
1736 780 1775 810 fi-

1007 836 1123 867 liorum
1145 837 1255 874 lsrael,
1280 837 1341 866 1100
1365 839 1412 866 est
1433 839 1579 867 motuum
1600 835 1772 866 rationabi-

1006 889 1102 926 lium,
1125 892 1155 919 et
1176 889 1366 925 brutalium,
1392 889 1566 919 secundum
1592 889 1677 928 quod
1701 888 1776 918 dicit

1007 942 1186 972 Bernartius
1203 953 1208 971 :
1227 942 1552 981 «Quantumcumque
1567 941 1701 977 labores,
1718 950 1773 971 ne-

1007 1004 1090 1025 cesse
1109 997 1155 1025 est
1178 997 1212 1025 ut
1236 995 1319 1024 intra
1343 995 1422 1024 fines
1444 997 1516 1024 tuos
1536 994 1656 1024 habitet
1677 993 1775 1024 Jebu-

1006 1056 1125 1077 saeus.»
1155 1047 1241 1077 Unde
1265 1047 1431 1087 multiplici
1454 1047 1575 1077 ratione
1594 1046 1774 1077 observatio

1002 1100 1175 1139 juramenti
1188 1100 1273 1130 illius
1288 1109 1353 1130 non
1367 1101 1519 1139 vergebat
1529 1100 1563 1130 in
1574 1100 1696 1130 exitum
1709 1108 1773 1129 ma·

1005 1153 1090 1190 lum,
1109 1153 1161 1182 sed
1179 1153 1283 1192 potius
1304 1153 1435 1183 bonum.
1461 1153 1499 1183 Et
1519 1152 1603 1191 quod
1626 1152 1774 1191 objicitur

1005 1206 1042 1236 de
1058 1206 1205 1242 mandato
1221 1206 1362 1242 Domini,
1381 1206 1465 1245 quod
1481 1206 1632 1236 Dominus
1653 1214 1770 1244 praece-

1005 1262 1093 1298 perat
1107 1259 1152 1296 ei,
1168 1259 1251 1298 quod
1266 1268 1339 1289 cum
1354 1259 1399 1288 eis
1414 1259 1514 1289 foedus
1526 1268 1589 1288 non
1603 1258 1708 1295 iniret,
1727 1257 1771 1288 di-

1005 1312 1139 1341 cendum
1155 1312 1240 1350 quod
1259 1312 1318 1342 hoc
1337 1311 1576 1350 intelligendum
1600 1312 1647 1341 est
1667 1319 1771 1350 quan-

1003 1367 1073 1394 tum
1089 1365 1127 1394 ad
1143 1373 1212 1401 eos,
1230 1364 1285 1403 qui
1301 1366 1391 1394 erant
1404 1363 1646 1402 incorrigibiles.

1043 1421 1071 1448 2.
1088 1418 1135 1448 Ad
1151 1418 1227 1448 illud
1248 1418 1333 1456 quod
1351 1418 1498 1456 objicitur
1521 1417 1560 1448 de
1584 1417 1765 1454 meretrice,

1002 1480 1075 1510 quae
1087 1472 1174 1510 Jurat
1191 1470 1344 1509 peccatori
1363 1480 1420 1500 suo
1439 1470 1571 1500 fideliter
1587 1470 1766 1506 adhaerere,

1002 1523 1172 1553 dicendum
1193 1523 1279 1562 quod
1300 1523 1332 1553 in
1353 1524 1536 1562 juramento
1554 1523 1607 1553 illo
1634 1525 1680 1553 est
1704 1522 1767 1552 duo

1001 1576 1197 1606 considerare
1212 1587 1218 1606 :
1238 1585 1357 1613 unum,
1373 1577 1458 1615 quod
1472 1576 1623 1606 meretrix
1634 1577 1722 1615 Jurat
1735 1584 1767 1606 se

1001 1638 1222 1659 consensuram
1247 1629 1280 1659 in
1303 1629 1462 1659 nefarium
1485 1631 1591 1659 actum
1614 1637 1688 1659 cum
1709 1637 1767 1659 suo

1000 1684 1177 1721 peccatore;
1195 1682 1291 1719 aliud,
1310 1682 1394 1721 quod
1404 1683 1493 1721 jurat
1508 1691 1541 1712 se
1561 1681 1656 1712 fidem
1679 1681 1767 1712 alteri

1000 1744 1063 1766 non
1079 1736 1235 1766 daturam.
1253 1735 1291 1765 Et
1306 1735 1446 1774 primum
1467 1735 1595 1774 quidem
1615 1736 1661 1765 est
1680 1734 1769 1764 illici-

1000 1791 1080 1826 tum,
1092 1788 1171 1818 etad
1183 1788 1242 1818 1100
1256 1797 1319 1818 11011
1328 1787 1503 1826 obligatur;
1514 1788 1688 1818 secundum
1700 1788 1769 1826 qui-

1000 1841 1071 1871 dem
1087 1841 1228 1878 licitum,
1245 1843 1275 1871 et
1289 1843 1445 1879 quantum
1459 1840 1499 1871 ad
1519 1841 1579 1870 1100
1593 1840 1765 1879 obligatur.

1003 1892 1040 1923 Et
1064 1893 1134 1923 idco
1161 1893 1234 1923 dicit
1260 1893 1474 1931 Augustinus,
1501 1892 1586 1932 quod
1609 1893 1699 1932 pejor
1721 1894 1768 1923 est

1001 1955 1065 1975 non
1087 1946 1263 1983 servando,
1283 1955 1379 1985 quam
1405 1946 1431 1976 si
1453 1947 1674 1985 Juramentum
1697 1954 1765 1976 ser-

999 2001 1098 2029 varet.
1129 1998 1187 2028 Per
1212 1999 1298 2028 1111110
1314 1998 1408 2029 etiam
1430 1998 1767 2038 modum'intelligen-

999 2051 1076 2081 dum
1092 2053 1152 2088 est,
1168 2051 1192 2080 si
1207 2051 1322 2090 aliquis
1337 2051 1417 2081 latro
1427 2051 1551 2090 juraret
1564 2051 1616 2081 alii
1631 2060 1664 2081 se
1681 2060 1764 2090 prae-

997 2104 1070 2134 dam
1086 2113 1159 2134 cum
1176 2104 1228 2134 illo
1243 2104 1438 2141 divisurum,
1453 2107 1484 2135 et
1498 2108 1604 2144 postea
1617 2105 1765 2136 retineret

997 2159 1110 2187 totum.

1038 2213 1065 2240 3.
1083 2210 1129 2240 Ad
1145 2210 1223 2240 illud
1237 2209 1322 2249 quod
1334 2210 1481 2249 objicitur
1495 2210 1533 2241 de
1548 2219 1585 2240 eo
1604 2210 1659 2249 qui
1677 2211 1766 2250 ,iurat

997 2271 1029 2292 se
1049 2271 1214 2302 nunquam
1236 2262 1424 2301 religionem
1445 2263 1658 2300 intraturum,
1681 2262 1765 2302 quod

997 2314 1079 2344 licite
1095 2317 1195 2354 potest
1206 2316 1331 2353 Jurare,
1343 2315 1422 2345 sicut
1434 2315 1516 2345 licite
1531 2317 1631 2354 potest
1643 2317 1765 2346 contra-

997 2367 1072 2397 here
1087 2367 1343 2404 matrimonium,
1359 2367 1528 2398 dicendum
1542 2367 1626 2407 quod
1641 2376 1706 2398 non
1719 2369 1765 2398 est

997 2420 1098 2450 simile
1112 2420 1186 2450 hinc
1201 2422 1231 2450 et
1245 2420 1334 2457 inde,
1349 2420 1464 2460 duplici
1476 2430 1516 2451 ex
1530 2430 1623 2451 causa
1639 2431 1645 2451 :
1663 2420 1765 2460 prima

998 2475 1059 2510 est,
1088 2472 1164 2512 quia
1189 2473 1429 2503 matrimonium
1457 2482 1521 2503 non
1544 2473 1765 2504 tantummodo

998 2526 1073 2557 dicit
1097 2525 1307 2565 privationem
1333 2525 1425 2561 boni,
1451 2526 1530 2565 quin
1552 2526 1657 2565 potius
1683 2526 1766 2558 dicat

998 2578 1070 2608 boni
1087 2578 1275 2617 positionem
1290 2589 1296 2608 :
1315 2577 1367 2609 sed
1379 2579 1600 2617 juramentum
1615 2589 1680 2620 quo
1694 2581 1765 2619 quis

1608 2635 1646 2663 15
