2017 2948
770 117 957 149 DISTINCT.
982 118 1033 150 Vl.
1056 117 1157 149 PARS
1181 118 1218 148 ΙΙ.
1726 124 1783 152 385

201 193 275 222 ante
290 189 487 233 baptismum
504 188 590 221 enim
607 186 645 219 fit
660 184 872 218 catechismus
886 210 893 225 ,
910 189 940 217 et
955 180 1163 217 exorcismus.
1182 184 1259 217 Post
1276 185 1507 218 catechismum
1528 187 1676 232 sequitur
1691 199 1784 222 exor-

201 246 320 278 cismus
333 272 340 286 ‚
358 250 395 278 ut
415 245 454 278 ab
469 256 527 286 eo,
545 244 601 289 qui
614 244 681 287 jam
701 242 764 275 fide
787 242 964 274 instructus
988 246 1053 284 est,
1070 242 1255 275 adversaria
1274 242 1379 275 virtus
1401 243 1551 286 pellatur.
1578 244 1785 279 Exorcismus

201 303 239 335 de
255 303 365 336 Graeco
388 303 506 336 dieitur
521 303 556 335 in
572 301 725 334 Latinum
742 298 920 342 Adjuratio
937 312 946 331 .·
963 299 1203 341 Catechismus,
1224 300 1415 332 [astructio.
1443 301 1652 335 catechizare
1676 308 1722 336 est
1736 305 1786 337 in-

201 364 343 401 struere,
361 364 397 392 ut
412 360 450 392 de
467 359 614 403 symbolo
637 370 672 391 ac
694 357 889 390 rudimentis
904 356 993 389 fidei.
1010 356 1212 389 Ezorcz'zczre
1226 361 1273 389 est
1298 357 1446 401 adjurare
1458 384 1466 398 ,
1483 362 1519 391 ut
1537 371 1544 391 :
1564 372 1578 389 «
1597 360 1657 392 Exi
1672 361 1712 393 ab
1727 372 1782 401 eo,

205 418 337 462 spiritus
354 417 533 450 immunde.
550 430 566 447 »
583 415 775 460 Symbolum
792 419 838 447 est
858 415 990 457 signum
1012 415 1063 447 vel
1079 415 1208 447 collatio
1227 427 1233 446 :
1251 415 1382 458 signum
1398 441 1405 457 ,
1421 415 1500 460 quia
1515 416 1555 449 ab
1571 428 1607 450 eo
1622 418 1730 451 fideles
1745 420 1786 451 ab

202 475 390 507 infidelibus
416 475 664 515 discernuntur3
692 473 837 515 collatio,
865 473 941 516 quia
970 473 1015 504 ibi
1043 473 1140 505 totius
1164 472 1240 505 fidei
1269 472 1468 506 sufficientia
1491 478 1522 506 et
1549 474 1717 518 integritas
1742 481 1787 508 est

201 532 327 565 collata.
348 532 569 565 catechismus
583 536 614 564 et
635 531 834 563 exorcismus
850 529 1091 573 neophytorum
1107 535 1202 571 sunt;
1218 531 1387 575 magisque
1402 532 1669 574 sacramentalia,
1687 544 1787 578 quam

203 594 402 623 sacramenta
424 590 486 622 dici
509 590 638 622 debent.
665 588 856 632 Neophytus
877 588 1021 620 novitius
1042 588 1293 632 interpretatur,
1311 589 1362 621 vel
1387 589 1488 622 rudis.
1507 590 1547 622 Et
1571 590 1788 625 diciturNeo-

197 648 320 692 pleylzcs
336 659 442 692 nuper
456 647 495 680 ad
512 646 608 679 tidem
625 658 799 679 conversus
810 673 817 687 ,
836 646 887 678 vei
904 645 937 677 in
958 645 1129 689 ‹lisprlina
1150 646 1306 689 religiosa}
1328 647 1581 681 conversationis
1594 648 1696 682 rudis.
1714 649 1789 682 Haec

200 716 277 747 ergo
292 705 479 749 praecedunt.
493 705 692 748 baptismum
706 730 713 743 ,
731 715 797 736 non
813 702 901 747 quod
924 703 994 735 sine
1014 703 1084 735 istis
1108 715 1173 735 non
1197 704 1296 747 possit
1319 716 1386 737 esse
1403 705 1583 749 baptismus
1599 717 1695 739 verus
1708 733 1716 749 ,
1734 707 1788 740 sed

199 765 236 793 ut
250 762 464 805 baptizandus
479 762 518 794 de
534 761 597 793 fide
612 762 816 801 instruatur,
834 765 864 792 et
879 762 957 792 sciat
978 760 1030 793 cui
1053 760 1179 793 debitor
1195 761 1251 794 fiat
1266 762 1437 806 deinceps,
1455 767 1486 796 et
1509 763 1631 797 diaboli
1652 768 1791 809 potestas

199 819 232 851 in
247 830 284 851 eo
301 820 480 851 minuatur.
503 819 597 851 Unde
619 819 796 850 Rabanus¹
817 830 823 850 :
847 818 962 850 «Ante
985 818 1185 862 baptismum
1207 819 1426 852 catechizandi
1451 820 1582 854 deberet
1601 821 1635 854 in
1657 821 1790 855 homine

198 877 376 921 praevenire
396 876 540 909 officium
556 901 563 917 ‚
581 880 618 908 ut
638 876 713 908 fidei
737 875 990 908 catechumenus
1010 876 1144 919 accipiat
1166 876 1392 909 rudimentum
1408 904 1416 919 ,
1433 882 1464 910 et
1487 879 1565 911 sciat
1589 879 1642 911 cui
1665 879 1791 913 debitor

198 934 256 966 fiat
271 934 431 978 deinceps.
449 947 465 965 ))
486 934 566 966 Item
582 934 789 976 Augustinus
804 934 835 965 ²:
859 946 875 964 «
892 932 1028 965 Parvuli
1045 933 1284 976 exsufflantur,
1303 938 1334 966 et
1357 935 1603 977 exorcizantur,
1622 941 1659 968 ut
1682 936 1724 969 ab
1747 937 1792 969 eis

198 992 339 1036 pellatur
364 995 502 1035 potestas
531 991 652 1023 diaboli
667 1017 674 1031 ,
706 1002 745 1023 ne
764 991 832 1034 jam
861 990 1035 1023 contendat
1063 1002 1116 1023 eos
1145 991 1355 1033 subvertere,
1384 1004 1424 1025 ne
1452 992 1650 1037 baptismum
1682 1005 1792 1028 conse-

198 1053 353 1093 quantur.
372 1048 445 1081 Non
461 1059 537 1091 ergo
552 1048 592 1080 ab
607 1047 790 1080 infantibus
803 1051 951 1080 creatura
966 1047 1024 1080 Dei
1041 1047 1171 1081 efflatur
1187 1048 1237 1081 vel
1257 1049 1462 1083 exorcizatur
1476 1076 1483 1092 ‚
1501 1050 1555 1083 sed
1569 1050 1719 1085 diabolus
1730 1078 1738 1093 ,
1756 1056 1793 1085 ut

198 1106 324 1139 recedat
337 1106 378 1139 ab
393 1106 537 1138 homine.
557 1119 572 1136 »

388 1244 590 1276 EXPOSITIO
611 1244 774 1275 TEXTUS.

263 1332 323 1355 ltlud
347 1332 422 1355 etiam
446 1332 613 1362 ignorandum
636 1338 687 1354 nou
712 1332 762 1359 est,
789 1330 855 1360 quod
880 1330 905 1352 in

488 1369 612 1398 materno,
629 1369 676 1390 ete.

237 1458 340 1498 Supra
363 1458 431 1497 egit
453 1458 602 1497 Magister
621 1457 658 1487 de
682 1458 836 1496 potestate
860 1456 964 1495 bapti-

195 1512 303 1549 zandi3
326 1512 376 1541 hie
395 1511 463 1550 agit
478 1511 515 1541 de
532 1510 664 1541 annexis
686 1510 729 1540 illi
751 1509 905 1549 potestati.
930 1509 967 1539 Et

194 1564 345 1595 dividitur
364 1564 432 1594 haec
451 1573 524 1603 pars
546 1564 578 1593 iu
597 1563 698 1594 duas:
721 1563 755 1592 in
776 1562 877 1601 prima
896 1563 966 1601 agit

193 1617 231 1648 de
244 1617 377 1648 annexis
390 1619 586 1647 sacramento
599 1616 763 1656 baptismi;
779 1616 811 1645 in
826 1615 966 1646 secunda

194 1671 232 1701 de
251 1670 551 1708 sacramentalibus,
576 1669 618 1699 ihi
635 1680 641 1700 :
663 1669 724 1700 Illa
744 1672 847 1700 autem
866 1670 965 1701 inter-

192 1726 332 1764 rogatio,
349 1726 407 1754 etc.
431 1723 468 1754 Et
487 1723 639 1763 quoniam
654 1725 792 1762 quatuor
812 1724 886 1753 sunt
906 1732 962 1753 an-

192 1786 293 1815 nexa,
312 1786 353 1807 cx
367 1779 454 1816 parte
469 1776 617 1815 baptizati
631 1775 784 1806 idoneitas
796 1799 804 1813 ,
822 1785 861 1806 ex
878 1777 964 1815 parte

193 1830 377 1869 baptizantis
391 1829 574 1859 intentionis
589 1829 805 1866 conformitas,
823 1838 863 1859 ex
877 1831 964 1868 parte

194 1883 346 1921 temporis
366 1881 604 1921 opportunitas,
622 1884 652 1911 ct
668 1891 706 1911 ex
723 1884 809 1920 parte
830 1881 964 1911 levantis

194 1935 406 1975 responsionis
428 1934 581 1965 fidelitas:
602 1934 672 1965 ideo
694 1935 797 1973 primo
813 1935 962 1965 determi-

192 1991 246 2018 nat
260 1989 331 2028 quis
351 1990 451 2027 potest
474 1987 645 2027 baptizari;
670 1987 829 2025 seeundo,
853 1990 963 2018 utrum

192 2042 324 2072 intentio
341 2042 380 2072 sit
401 2041 576 2072 necessaria
597 2042 635 2071 ad
656 2041 871 2081 baptismum,
896 2041 961 2072 ibi:

192 2095 279 2127 Solet
295 2096 390 2127 etiam
405 2096 507 2135 quoert
522 2094 559 2126 cle
574 2095 627 2127 illo
638 2119 647 2133 ,
664 2096 721 2135 qui
730 2094 843 2134 jocans
856 2119 865 2133 ,
881 2098 939 2126 eto.
956 2107 961 2133 ;

193 2149 285 2178 tertio
296 2148 333 2178 de
346 2149 494 2188 temporis
505 2149 751 2188 opportunitate,
769 2149 828 2179 ibi:
847 2150 965 2189 Agmos-

193 2201 325 2232 cendum
335 2205 378 2233 est
388 2202 529 2233 ecianzin
541 2201 751 2242 baptizandis
761 2202 874 2240 electis,
887 2205 961 2240 etc.;

193 2256 305 2293 quarto
318 2278 325 2292 ,
351 2254 389 2284 de
408 2254 502 2284 levati
524 2255 729 2294 responsione
743 2278 750 2292 ,
776 2255 817 2285 ibi
835 2264 842 2285 :
869 2255 964 2288 Porro

193 2308 310 2339 cuncti.
334 2306 442 2337 Mediis
462 2307 586 2338 duabus
608 2308 750 2347 partibus
767 2309 963 2339 remanenti-

194 2360 252 2390 bus
271 2360 432 2398 indivisis,
460 2360 563 2399 prima
584 2360 736 2391 dividitur
758 2361 789 2391 in
810 2362 909 2393 duas:
932 2363 964 2393 in

194 2413 296 2453 prima
310 2415 397 2453 parte
412 2413 619 2452 determinat,
641 2415 714 2454 quis
730 2415 877 2454 baptizari
893 2426 962 2455 pos-

228 2476 356 2501 'lt-11mn..
380 2475 409 2497 tle
432 2476 542 2498 lasli'lnl.
566 2475 687 2503 clericor„
709 2476 752 2499 lib.
773 2478 790 2505 1,
814 2487 835 2501 (τ.
860 2485 918 2509 xxv,
942 2482 965 2503 et

194 2511 316 2541 liabetur,
336 2511 365 2533 tle
385 2512 507 2539 Comen-zu,
534 2511 592 2534 dist.
615 2517 648 2541 iv,
675 2520 697 2533 ιτ.
719 2513 781 2535 Aule
807 2513 920 2544 baptism.
936 2528 966 2532 -

196 2547 206 2563 ²
229 2549 303 2578 Aug„
326 2547 354 2570 da
378 2547 463 2577 Symb-
487 2547 520 2570 (ul
540 2547 642 2576 calech„
666 2555 687 2571 c.
714 2554 732 2577 1,
755 2551 779 2572 et
800 2549 916 2578 habetur,
938 2551 966 2573 (le

198 2584 319 2611 consecr„
336 2583 392 2606 nist.
410 2589 446 2612 lv,
464 2591 486 2605 c.
502 2584 570 2606 Sicu(
586 2590 637 2606 nov.

319 2636 393 2658 ΤΟΜ.
410 2636 442 2658 V.

1023 1244 1081 1281 sit;
1111 1245 1267 1282 secundo,
1300 1246 1372 1285 quis
1396 1246 1547 1286 baptizari
1571 1247 1701 1285 debeat,
1727 1249 1791 1280 ibi:

1026 1298 1131 1332 ΟΜΝ-ί
1150 1299 1245 1329 etiam
1262 1297 1353 1333 solet,
1372 1301 1403 1330 st·
1416 1305 1561 1340 corrupte
1581 1302 1676 1333 verba
1691 1304 1794 1342 profe-

1024 1355 1148 1383 rantur.
1176 1351 1280 1382 Prima
1305 1361 1377 1391 pars
1401 1353 1552 1384 dividitur
1578 1355 1609 1385 in
1633 1355 1736 1387 duas:
1762 1357 1795 1388 in

1023 1403 1124 1442 prima
1155 1404 1339 1435 determinat
1367 1406 1533 1436 veritatem
1548 1419 1554 1445 ;
1591 1408 1623 1437 iu
1658 1410 1795 1440 secunda

1022 1456 1114 1487 solvit
1125 1457 1347 1496 obtectionem,
1364 1458 1406 1488 ibi
1422 1469 1428 1489 z
1447 1458 1482 1491 Si
1492 1468 1564 1492 vero
1575 1463 1794 1501 opponiturde

1020 1511 1177 1546 Jeremz'a,
1194 1513 1254 1541 etc.
1272 1511 1417 1542 Secunda
1434 1512 1579 1544 similiter
1593 1514 1745 1546 dividitur
1760 1516 1794 1546 in

1021 1563 1099 1593 duas
1113 1574 1118 1593 z
1136 1563 1167 1593 in
1183 1563 1285 1603 prima
1300 1564 1490 1596 determinat
1504 1591 1511 1604 ,
1534 1567 1560 1596 si
1576 1567 1627 1598 ille
1644 1569 1699 1608 qui
1714 1569 1791 1608 hap-

1022 1617 1134 1647 tizatus
1155 1619 1201 1647 est
1221 1620 1370 1657 corrupta
1384 1619 1506 1657 forma,
1529 1620 1639 1651 debeat
1657 1622 1793 1662 rebapti-

1020 1671 1082 1700 zari
1096 1681 1103 1708 3
1126 1671 1277 1709 secundo,
1293 1673 1403 1702 utrum
1417 1672 1469 1703 ille
1481 1697 1489 1710 ,
1507 1673 1544 1704 de
1560 1683 1624 1714 quo
1640 1675 1728 1706 nulla
1744 1679 1791 1706 est

1020 1723 1194 1762 certitudo,
1219 1724 1316 1764 possit
1336 1725 1385 1755 vel
1407 1726 1518 1757 debeat
1534 1727 1696 1766 baptizari.
1724 1729 1790 1760 Pri-

1020 1786 1130 1813 mum,
1154 1777 1218 1807 ibi:
1245 1777 1326 1808 Solet
1347 1780 1465 1817 quoeri,
1491 1780 1523 1811 sz'
1544 1785 1706 1820 corrupte,
1729 1785 1788 1814 etc.

1020 1830 1200 1861 Secundum
1214 1831 1286 1861 facit
1300 1831 1343 1861 ibi
1358 1843 1364 1861 z
1384 1833 1538 1864 Proeterea
1553 1827 1719 1866 sciendum
1730 1840 1788 1876 est,

1019 1883 1103 1922 quod
1118 1883 1170 1914 ilci·
1187 1874 1225 1915 de
1250 1884 1384 1923 quibus,
1401 1887 1459 1916 etc.
1486 1885 1564 1917 Item
1586 1890 1699 1927 quarta
1718 1898 1791 1929 pars

1019 1935 1114 1966 habet
1128 1936 1207 1966 duas
1223 1947 1229 1966 z
1246 1937 1279 1966 in
1290 1937 1394 1976 prima
1405 1938 1596 1971 determinat
1610 1941 1788 1983 veritatem,

1019 1992 1176 2029 quantum
1204 1990 1241 2020 ad
1269 1991 1456 2030 baptizantis
1480 1992 1789 2036 interrogationem,

1018 2043 1068 2073 vet
1085 2043 1279 2082 baptizandi,
1301 2044 1327 2074 si
1347 2045 1474 2076 adultus
1491 2049 1556 2085 est,
1581 2047 1632 2078 vel
1651 2048 1789 2088 patrini,

1020 2096 1045 2126 si
1061 2097 1214 2136 parvulus
1230 2100 1295 2135 est,
1319 2099 1575 2138 responsionem3
1599 2101 1631 2131 in
1653 2102 1792 2132 secunda

1019 2149 1112 2179 solvit
1127 2150 1354 2182 dubitationem
1367 2175 1375 2190 ,
1392 2152 1435 2182 ibi
1450 2163 1456 2182 :
1476 2153 1541 2184 Sed
1554 2153 1659 2185 adhuc
1674 2156 1790 2194 quoerz'-

1020 2205 1082 2241 tur,
1108 2211 1148 2234 esc
1168 2211 1228 2243 quo
1253 2212 1368 2243 sensu,
1394 2208 1452 2236 etc.
1479 2205 1631 2237 Similiter
1654 2207 1791 2238 secunda

1020 2265 1093 2295 pars
1105 2279 1113 2293 ,
1129 2256 1160 2286 in
1175 2266 1238 2296 qua
1253 2258 1321 2296 agit
1335 2258 1374 2289 de
1390 2260 1682 2298 sacramentalibus,
1697 2269 1789 2291 exor-

1021 2309 1119 2339 cismo
1133 2309 1249 2340 scilicet
1264 2313 1294 2341 et
1309 2311 1516 2350 catechismo,
1533 2313 1628 2343 habet
1642 2313 1720 2343 duas
1734 2322 1741 2344 :
1759 2313 1792 2344 in

1021 2363 1123 2402 prIma
1138 2363 1226 2402 ponit
1239 2363 1382 2394 ordinem
1401 2365 1433 2394 in
1442 2366 1648 2396 exorcizando
1664 2368 1694 2396 et
1708 2368 1791 2396 cate-

1021 2415 1172 2447 chizando
1193 2417 1385 2456 parvulum,
1410 2420 1440 2448 et
1464 2419 1579 2449 horum
1602 2419 1791 2458 nominum,

1021 2472 1052 2500 et
1071 2470 1207 2501 alioruin
1231 2472 1445 2509 quorumdam
1465 2473 1733 2512 notificationem;
1759 2474 1793 2504 in

1022 2523 1158 2554 secunda
1185 2523 1275 2563 ponit
1301 2524 1469 2556 exorcismi
1498 2525 1690 2564 efficaciam,
1724 2526 1790 2558 ibi:

1024 2576 1155 2608 Parvuli
1170 2577 1398 2615 ersusslcmtur,
1416 2580 1472 2608 ete.

1636 2636 1674 2665 25

1803 198 1884 219 chismu
1892 215 1897 224 ,

1804 232 1824 250 et
1849 235 1908 249 exor-

1803 261 1876 281 cismo.
