2017 2948
207 136 265 166 308

208 200 370 238 mutando,
386 199 539 237 addendo,
552 200 795 240 corrumpendo,
812 202 974 230 transmu-

207 255 314 292 tando,
332 254 570 294 interponendo.
588 254 718 284 Mutatio
733 255 778 291 tit,
796 256 831 283 ut
848 252 976 293 quando

207 309 336 348 ponitur
355 317 470 338 nomen
492 317 549 347 pro
573 308 719 345 nomlne,
743 310 849 345 utpote
868 306 893 335 si
908 306 976 336 loco

205 362 312 401 patris
336 363 470 401 ponatur
491 361 656 401 [janitoris.
675 359 710 390 ht
731 359 814 399 quod
834 359 892 389 hoc
913 368 976 389 nou

206 415 368 454 impediat,
386 415 522 452 videtur,
537 414 612 453 quia
628 414 728 443 forma
746 412 893 452 baptismi
911 421 975 442 nou

205 468 378 499 attenditur
396 468 427 498 in
447 467 576 498 vocibus
593 466 768 497 secundum
784 466 868 505 quod
885 474 976 496 voces

205 524 290 560 sunt,
302 522 377 562 quia
393 524 467 552 tuuc
482 530 545 551 non
561 523 638 551 esset
652 520 761 551 eadem
777 519 876 550 forma
891 518 974 558 apud

205 584 263 606 nos
285 577 315 606 et
339 575 477 611 Graecos;
501 574 554 604 sed
576 574 611 604 in
631 573 777 611 vocibus,
800 573 974 603 secundum

204 628 288 668 quod
308 627 542 667 significativae.
560 626 593 657 Si
614 636 693 665 ergo
715 627 798 657 idem
819 626 973 665 significat

204 681 298 712 Pater
313 683 342 711 et
353 681 488 720 genitor,
500 680 584 711 idem
595 680 685 711 saciet
695 680 728 710 in
742 681 845 711 forma
861 689 972 716 tinum,

203 734 288 773 quod
302 734 472 774 reliquum.
485 733 523 765 Et
534 736 687 774 praeterea
697 733 768 773 plus
781 733 974 763 conveniunt

200 790 291 827 pater
318 789 348 818 et
373 788 508 828 genitor,
538 797 636 827 quam
663 796 779 818 nomen
805 786 911 826 patris
941 786 974 816 in

203 850 310 880 graeco
331 844 362 872 et
383 841 415 872 in
434 841 545 879 latino,
568 850 640 871 cum
667 841 730 871 sint
749 840 890 880 eiusdem
910 839 973 870 lin-

202 902 289 933 guae.

241 950 271 978 2.
288 947 366 978 Item
387 947 504 977 additio
525 949 587 985 ost,
608 946 736 986 quando
756 956 872 977 nomen
889 946 972 986 quod

202 1010 265 1031 non
281 1002 328 1031 est
347 1009 531 1040 expressum
550 999 582 1029 in
604 1000 715 1036 fornia,
735 999 970 1039 superadditur,

202 1058 237 1086 ut
252 1055 278 1085 si
293 1055 434 1085 dicatur:
456 1055 492 1086 in
507 1055 633 1086 nomine
651 1054 757 1085 Putris
774 1054 971 1093 omnipoten-

202 1109 256 1140 tis.
270 1107 307 1138 Et
322 1107 406 1147 quod
418 1107 478 1137 hoe
490 1116 553 1137 nou
570 1106 731 1146 impediat,
746 1106 883 1142 videtur,
899 1107 972 1146 quia

201 1169 274 1191 cum
289 1159 415 1190 additur
428 1168 557 1197 nomen,
575 1159 631 1189 etsi
648 1159 727 1189 nihil
742 1159 849 1196 faciat,
867 1162 973 1190 manet

200 1215 307 1244 tamen
323 1215 439 1249 totum,
457 1212 541 1252 qnod
558 1212 702 1242 faciebat:
721 1215 750 1242 et
767 1211 892 1243 salvum
909 1222 972 1243 ma-

200 1269 254 1297 net
268 1267 300 1296 iu
316 1276 379 1306 quo
394 1268 440 1296 est
455 1265 568 1303 virtus,
584 1265 700 1295 scilicet
716 1265 852 1295 verbum
867 1276 873 1295 :
892 1274 972 1305 ergo

200 1323 247 1351 est
260 1320 390 1360 plenum
406 1322 437 1351 et
451 1320 561 1350 efficax
577 1321 822 1349 sacramentum.

240 1376 269 1404 3.
301 1373 379 1404 ltem
406 1373 566 1412 corruptio
592 1375 652 1410 est,
683 1372 809 1411 quando
832 1372 972 1403 nominis

200 1426 333 1466 prolatio
349 1428 394 1457 est
406 1426 500 1457 modo
512 1426 619 1456 miuus
633 1425 845 1462 convenienti,
863 1427 971 1465 utpote

199 1481 224 1511 si
240 1481 382 1511 dicatur:
406 1482 442 1512 in
466 1481 594 1511 novn‘ne
612 1481 739 1519 patrici,
762 1483 791 1511 ec
806 1480 894 1519 filia,
910 1482 969 1510 etc.

200 1533 238 1564 Et
261 1533 346 1573 quod
374 1533 434 1564 hoe
458 1542 522 1563 nou
548 1533 712 1573 impediat,
735 1533 873 1570 videtur,
897 1533 972 1572 quia

202 1585 368 1617 Zacharias
380 1586 540 1617 Bonit'acio
550 1586 689 1616 scribens
699 1585 773 1616 dicit
783 1586 806 1615 ¹:
825 1585 882 1616 «Si
896 1595 970 1616 con-

201 1640 245 1670 tin
251 1642 307 1679 gat
318 1640 457 1680 aliquem
470 1639 674 1678 infringendo
685 1639 832 1678 linguam
843 1641 972 1679 propter

200 1693 415 1732 ignorantiam
437 1692 540 1723 dicere
561 1691 766 1731 baptizando:
788 1693 824 1724 in
843 1692 971 1723 nomine

200 1746 327 1784 Patria,
345 1750 375 1778 et
389 1746 495 1783 Εἰίίιι,
513 1748 541 1777 οι
565 1745 688 1785 Spiritu
702 1749 830 1783 sancta,
845 1755 911 1776 non
925 1748 971 1776 est

198 1800 452 1839 rebaptizandus.
473 1799 510 1830 lit
528 1799 626 1839 hujus
644 1799 724 1829 ratio
746 1799 833 1830 reddi
856 1801 969 1839 potest,

199 1853 275 1893 quia
289 1863 384 1884 sanus
397 1855 442 1884 est
457 1863 578 1883 sensus.

238 1909 268 1938 4.
294 1907 370 1938 ltem
402 1907 620 1946 transpositio,
649 1907 716 1937 sive
744 1906 970 1937 transmutatio

199 1963 245 1991 est
257 1962 278 1998 ²,
295 1961 423 2000 quaudo
442 1961 532 1991 aliter
551 1960 726 1998 ordinatur,
746 1962 854 1999 utpote
873 1959 899 1989 si
919 1959 969 1990 di-

200 2016 288 2044 catur
308 2013 431 2053 primo:
453 2015 489 2045 iu
509 2014 635 2045 nomine
657 2013 748 2051 Filii,
769 2015 799 2043 et
819 2014 910 2052 post:
934 2013 971 2044 in

199 2067 325 2098 nomine
346 2066 463 2098 Patris.
482 2066 518 2100 Et
542 2066 625 2106 quod
645 2067 704 2097 hoc
724 2075 788 2095 uon
807 2065 968 2105 impediat,

199 2120 337 2158 videtur,
354 2121 429 2160 quia
450 2120 580 2150 nomina
603 2119 793 2158 transposita
816 2118 900 2149 idem
925 2119 968 2149 si-

200 2173 361 2212 gnificant
380 2175 414 2203 ut
429 2173 454 2202 si
470 2173 590 2202 dicatur
603 2183 609 2203 z
627 2184 641 2202 ((
656 2172 709 2203 Est
722 2172 820 2202 homo
835 2171 937 2211 albus,
950 2183 964 2200 ι)

204 2226 286 2257 «Est
304 2226 395 2256 albus
414 2226 530 2256 homo:
552 2238 566 2253 »
586 2235 664 2265 ergo
685 2225 710 2255 si
732 2225 862 2255 omnino
884 2225 968 2255 idem

198 2282 244 2310 est
258 2288 380 2316 sensuS,
397 2281 427 2309 et
438 2278 548 2309 eadem
562 2278 633 2309 fidei
648 2278 810 2318 professio,
828 2280 968 2318 transpo-

196 2333 266 2363 sitio
281 2342 345 2362 non
362 2332 504 2371 impedit.

237 2388 265 2417 5.
279 2385 356 2416 Item
369 2384 566 2425 interpositio
582 2387 639 2422 est,
655 2394 730 2415 cum
744 2384 778 2414 iu
794 2384 896 2415 medio
911 2394 965 2415 ca-

197 2439 242 2470 dit
256 2441 355 2477 actus,
371 2441 406 2469 ut
421 2437 607 2469 sternutatio
622 2437 672 2468 vel
688 2437 833 2475 verbum,
850 2440 885 2468 ut
904 2447 911 2468 :
929 2439 966 2469 in

196 2493 323 2524 nomine
344 2492 467 2530 Patris,
487 2494 514 2523 et
532 2499 616 2530 aqua
638 2491 703 2522 ista
718 2493 763 2522 est
778 2490 918 2530 frigida,
937 2494 967 2523 et

224 2573 231 2589 ¹
248 2573 282 2596 De
300 2573 408 2599 consec„
425 2573 482 2596 dist.
502 2578 535 2603 iv,
555 2579 610 2603 cap.
634 2571 787 2595 [tetulerunt.
802 2584 833 2588 —
852 2571 860 2585 ²
875 2571 962 2602 Arist„

189 2608 219 2633 de
233 2609 372 2640 Interpret„
388 2608 430 2632 lib.
448 2609 478 2639 lt,
494 2616 515 2632 c.
533 2614 550 2638 ι,
564 2607 590 2632 iu
602 2607 660 2632 fine.
672 2619 702 2624 -
717 2607 725 2621 ³
737 2607 821 2638 Apoc„
838 2612 902 2636 xxii,
918 2608 958 2631 18.

764 131 1075 164 SENTENTIARUM
1095 131 1170 163 LlB.
1194 131 1243 164 lv.

1034 198 1123 232 Filii,
1145 201 1204 230 etc.
1224 198 1262 230 Et
1277 199 1362 239 quod
1376 200 1436 230 hoc
1451 209 1515 231 non
1529 200 1698 241 impediat,
1713 201 1804 233 vide-

1033 254 1097 290 tur,
1114 253 1188 292 quia
1203 255 1304 284 totum
1324 256 1369 284 est
1383 253 1524 292 salvum,
1542 254 1669 294 quaudo
1685 255 1804 295 aliquid

1034 306 1262 345 i11te¹·p‹›nitu1·;
1278 310 1304 336 et
1319 306 1416 346 aliqui
1427 307 1573 337 homines
1584 307 1626 338 ita
1637 310 1711 338 sunt
1721 308 1805 339 obli-

1033 359 1124 397 viosi,
1141 359 1225 399 quod
1241 369 1365 400 semper
1380 360 1587 400 interponunt
1600 360 1731 400 aliquid,
1745 370 1805 391 an-

1032 414 1160 451 tequam
1176 413 1298 452 possint
1316 413 1474 453 complere
1488 414 1665 444 orationem
1682 414 1801 455 incoep-

1032 467 1109 496 tam.

1072 518 1204 549 Contra:
1228 519 1316 557 Quod
1332 520 1464 550 mutatio
1484 520 1646 560 impediat,
1664 520 1800 560 videtur,
1818 534 1922 556 Fundam.

1032 572 1106 610 quia
1122 571 1223 603 virtus
1238 574 1284 602 est
1299 572 1371 603 data
1388 572 1448 603 illis
1463 573 1580 611 verbis,
1593 575 1623 604 et
1637 582 1700 604 non
1716 573 1801 605 aliis:

1031 633 1121 662 ergo,
1138 626 1197 655 etc.

1073 677 1162 715 item,
1175 677 1259 717 qnod
1271 677 1388 708 additio
1399 677 1560 718 impediat,
1576 678 1713 718 videtur,
1729 680 1804 720 quia

1031 729 1057 759 si
1072 729 1150 760 nihil
1166 729 1239 761 licet
1251 730 1365 760 addere
1381 731 1494 761 canoni
1506 730 1690 771 Scripturae‚
1703 733 1804 764 multo

1031 783 1143 814 fortius
1157 792 1215 814 nec
1230 784 1341 814 sormae
1355 784 1557 815 sacramenti.
1575 783 1732 816 Praeterea
1746 795 1802 826 pa-

1030 838 1074 867 tet
1094 846 1149 876 per
1170 836 1248 867 illud
1267 837 1352 876 quod
1372 836 1526 868 dicitur³:
1552 838 1588 870 Si
1610 839 1683 878 quis
1703 847 1802 879 appo-

1030 891 1144 929 suerit,
1160 892 1219 921 etc.

1073 943 1166 981 item,
1185 943 1267 983 quod
1291 944 1452 983 corruptio
1473 944 1637 984 impediat,
1665 944 1801 983 videtur,

1029 996 1103 1036 quia
1129 997 1226 1027 verba
1249 999 1399 1036 corrupta
1420 999 1475 1027 aut
1500 997 1579 1027 nihil
1604 997 1801 1037 significant,

1029 1051 1084 1079 aut
1104 1050 1188 1080 aliud
1212 1049 1411 1088 significant,
1437 1052 1471 1080 ut
1490 1053 1575 1090 patet
1596 1060 1669 1081 cum
1689 1051 1804 1082 dicitur

1026 1103 1160 1141 patria:
1187 1102 1239 1133 sed
1260 1103 1435 1133 necessaria
1453 1105 1528 1133 sunt
1549 1104 1647 1134 verba
1673 1104 1802 1144 signiti-

1028 1156 1150 1186 eantia:
1170 1165 1261 1195 ergo,
1278 1160 1336 1187 etc.

1069 1208 1146 1239 Item
1159 1209 1196 1239 de
1208 1210 1471 1240 transmutatione
1483 1210 1620 1248 videtur,
1632 1211 1706 1250 quia
1719 1211 1803 1242 sieut

1028 1262 1066 1292 de
1093 1262 1274 1301 integritate
1299 1263 1370 1293 fidei
1395 1265 1443 1294 est
1471 1273 1625 1295 numerus
1653 1273 1800 1304 persona-

1027 1325 1112 1353 rum,
1137 1316 1179 1347 ita
1195 1317 1272 1347 ordo
1290 1317 1509 1356 professionis:
1533 1326 1611 1356 ergo
1632 1317 1713 1348 sicut
1730 1327 1802 1349 mu-

1027 1370 1105 1399 tatio
1119 1369 1243 1400 numeri
1258 1369 1399 1409 impedit,
1416 1370 1459 1400 ita
1474 1372 1505 1400 et
1520 1370 1650 1401 ordinis.

1068 1422 1147 1453 Item
1167 1423 1206 1453 de
1222 1423 1461 1463 interpositione
1476 1423 1614 1462 videtur,
1632 1424 1707 1464 quia
1723 1424 1800 1465 hap-

1026 1476 1121 1506 tizare
1135 1478 1182 1506 est
1195 1485 1279 1506 unus
1290 1478 1377 1507 actus
1390 1476 1578 1507 continuus:
1601 1486 1681 1516 ergo
1696 1478 1722 1508 si
1738 1478 1800 1508 dis-

1027 1531 1241 1569 continuatur‚
1267 1540 1392 1562 necesse
1418 1534 1465 1562 est
1486 1533 1634 1572 reincipi,
1659 1535 1714 1564 aut
1736 1543 1801 1564 non

1027 1584 1086 1614 erIt
1101 1593 1195 1621 unus,
1212 1586 1244 1614 et
1260 1584 1303 1615 ita
1320 1594 1377 1615 uec
1391 1585 1579 1625 baptismus.

1281 1708 1542 1740 CONCLUSIO.

1027 1797 1143 1832 Impedit
1159 1798 1325 1832 Baptismum
1347 1800 1376 1825 in
1398 1800 1487 1831 forma
1508 1800 1620 1826 mutatio
1643 1800 1758 1826 nominis
1778 1802 1802 1827 et

1063 1842 1167 1868 muneri
1177 1850 1185 1874 ‚-
1206 1842 1312 1868 additio
1332 1842 1498 1875 distrahet&
1522 1844 1658 1878 corruptio
1679 1844 1804 1877 aufereris

1062 1893 1182 1917 sensum,
1198 1888 1221 1913 et
1236 1887 1405 1921 interpositio
1420 1889 1493 1914 actus
1506 1887 1718 1915 discontimmns.
1735 1888 1801 1915 Ali-

1064 1932 1102 1957 ter
1121 1931 1150 1957 lu'
1169 1931 1240 1957 modi
1254 1939 1305 1957 non
1320 1932 1486 1966 impediunt,
1506 1940 1588 1966 neque
1608 1934 1800 1960 transmutatio

1061 1982 1174 2002 errorem
1190 1983 1243 2002 non
1258 1975 1395 2003 inducens.

1066 2062 1156 2103 Resp.
1173 2063 1212 2094 ad
1228 2072 1297 2102 arg.
1315 2063 1363 2094 Ad
1375 2063 1435 2094 hoc
1449 2063 1620 2095 voluerunt
1639 2064 1738 2104 aliqui
1754 2064 1798 2095 di-
1812 2072 1890 2100 Opinio
1900 2075 1919 2094 ι.

1026 2125 1115 2154 cere,
1147 2116 1232 2156 quod
1258 2117 1530 2157 qualitercumque
1563 2118 1618 2147 fiat
1648 2117 1797 2156 variatio,

1024 2169 1101 2199 dum
1128 2171 1235 2200 tamen
1259 2179 1369 2201 omnes
1393 2180 1537 2210 personae
1562 2171 1796 2211 exprimantur,

1024 2222 1188 2262 integrum
1213 2225 1259 2254 est
1281 2225 1526 2254 sacramentum.
1548 2224 1693 2255 Aliorum
1713 2225 1796 2265 posi·
1812 2227 1916 2255 Opinio!-

1023 2275 1068 2306 tio
1083 2275 1152 2314 fuit,
1169 2276 1252 2316 quod
1272 2286 1397 2308 necesse
1412 2280 1459 2308 est
1473 2279 1690 2309 omnimodam
1704 2279 1796 2310 iden-

1023 2329 1143 2359 titatem
1158 2330 1281 2360 servari
1298 2340 1305 2361 :
1322 2331 1616 2371 quantulacumque
1637 2332 1723 2363 euim
1737 2341 1793 2363 va-

1023 2382 1114 2412 riatio
1134 2382 1167 2412 in
1183 2383 1284 2414 forma
1298 2384 1371 2414 facit
1387 2394 1452 2415 non
1467 2394 1534 2415 esse
1549 2387 1791 2416 sacramentum.

1023 2434 1084 2465 Sed
1100 2437 1234 2475 utraque
1257 2436 1390 2468 istarum
1407 2438 1600 2477 positionum
1615 2437 1792 2477 respuenda
1830 2443 1913 2478 mpro-

1022 2490 1068 2519 est
1082 2499 1089 2518 ε
1107 2488 1255 2527 quaetihet
1269 2490 1355 2520 enim
1369 2490 1501 2522 excedit.
1520 2490 1608 2521 Unde
1624 2490 1791 2521 dicendum
1807 2474 1913 2531 {’;3¹„¹;³q„2¹j

1021 2541 1104 2582 quod
1129 2541 1237 2580 aliqua
1260 2543 1394 2573 variatio
1417 2543 1563 2582 impedit,
1587 2542 1692 2582 aliqua
1715 2552 1789 2575 non.
1807 2536 1912 2557 ”memb

1806 2568 1848 2587 uati
1866 2581 1872 2588 .

1022 2594 1160 2626 Variatio
1178 2596 1262 2626 enim
1284 2596 1468 2627 mutationis
1486 2595 1617 2636 impedit
1623 2619 1633 2634 ,
1655 2596 1723 2627 sive
1736 2597 1791 2628 ssat
1851 2573 1863 2588 ο
