2017 2948
140 1212 218 1238 Opinio

126 1243 224 1265 aliorum.

144 2574 221 2600 Opinio

129 2603 234 2626 Doctoris.

243 177 301 207 584

284 241 362 272 Item
373 241 443 280 plus
458 244 560 281 potest
572 243 677 281 gratia
692 244 896 282 poenitentiae,
912 252 1010 283 quam

244 295 336 335 culpa
347 306 354 324 :
368 295 421 326 sed
434 295 526 335 culpa
536 304 632 335 opera
642 297 715 327 viva
728 297 897 328 mortificat
910 307 916 327 :
932 305 1011 335 ergo

245 347 349 386 gratia
363 347 550 379 mortificata
563 348 712 379 vivificat.

518 458 741 490 CONCLUSIo.

246 541 332 576 Opera
352 541 418 568 bona
434 543 513 576 prius
535 543 631 575 facta,
652 549 709 568 cum
728 542 851 576 peccator
872 544 1014 569 rever-ntur

289 586 326 613 ad
336 587 518 620 paenitentiam
528 607 536 620 ,
552 587 722 618 reviviscunt,
739 588 761 612 et
774 588 878 613 manent
890 588 963 613 υἰύα.

284 666 376 706 Resp.
392 667 430 697 ad
449 676 518 706 arg.
541 666 711 697 Dicendum
726 668 811 707 quod
826 668 885 698 hoc
900 677 1013 699 verum

243 721 309 757 est,
327 722 358 750 et
372 720 550 750 communis
571 722 655 751 tenet
673 720 796 760 opinio,
820 721 903 760 quod
919 731 1015 761 opera

243 781 315 812 quae
338 772 425 811 prius
446 772 575 803 suerunt
600 773 688 811 viva,
706 774 780 813 quia
804 783 844 804 ex
863 774 1014 806 charitate

243 826 323 855 sacta
336 827 367 855 et
380 825 480 864 digna
494 826 559 856 vita
569 828 698 865 aeterna,
711 829 818 866 postea
828 827 1015 860 adveniente

245 878 338 918 culpa
357 879 588 909 mortificantur
603 879 634 909 in
656 880 727 918 isto,
744 881 819 920 qnia
833 881 969 920 amplius
984 882 1014 912 in

245 932 304 962 hoe
320 932 461 971 quandiu
474 934 521 962 est
535 933 637 973 eulpa,
653 933 687 963 in
701 942 738 964 eo
748 943 812 964 non
828 936 903 964 sunt
918 935 945 964 di
951 945 1016 973 gna

244 985 499 1016 remuneratione
514 988 642 1026 propter
656 986 877 1026 indignitatem
892 988 993 1027 ipsius
1007 999 1014 1019 ε

244 1038 298 1069 sed
311 1047 432 1075 rursuS,
448 1039 552 1077 gratia
567 1039 728 1077 redeunte,
746 1050 818 1080 qnae
832 1041 928 1071 istun]
944 1043 1015 1072 tacit

245 1091 382 1129 dignum
400 1092 465 1122 vita
477 1094 611 1130 oeterna,
624 1094 692 1131 ,juni
708 1102 803 1132 opera
817 1094 850 1124 in
869 1094 928 1125 hoc
943 1099 1015 1127 sunt

245 1144 346 1181 digna
369 1146 643 1176 remuneratione:
666 1149 696 1176 et
718 1147 786 1177 ideo
806 1149 1017 1180 restituuntur

246 1199 275 1226 et
289 1197 497 1227 vivificantur.
518 1198 554 1228 Et
568 1199 775 1230 concedendae
792 1203 866 1230 sunt
880 1202 1018 1232 rationes

245 1250 285 1279 ad
308 1250 378 1280 hoe.
401 1250 447 1280 Ad
474 1250 720 1289 intelligentiam
740 1253 935 1293 objectmnm
961 1264 1018 1285 no-

245 1303 377 1333 tandum
392 1327 400 1341 ‚
423 1304 508 1343 quod
532 1304 660 1343 quidam
685 1305 792 1336 dicunt
818 1307 902 1346 quod
924 1316 1018 1347 opera

246 1357 328 1387 hona
344 1356 376 1386 in
399 1356 549 1387 charitate
569 1357 664 1395 sacta,
681 1359 755 1397 quia
770 1359 852 1389 bona
867 1362 942 1391 sunt
956 1364 985 1391 et
1000 1371 1018 1392 a

246 1409 319 1446 Deo,
333 1410 414 1440 fiunt
428 1410 461 1440 in
475 1410 601 1441 laudeni
621 1411 671 1441 Dei
685 1421 692 1449 ;
709 1414 739 1442 et
755 1413 826 1443 inde
839 1401 930 1444 debet
946 1415 1017 1445 lau-

246 1462 313 1493 dari
336 1462 435 1500 Deus;
461 1463 536 1502 qnia
564 1472 640 1494 vero
668 1465 701 1494 in
730 1466 850 1496 unitate
878 1469 1018 1507 eorporis

248 1516 389 1555 mystici,
406 1519 436 1547 et
457 1517 530 1556 quia
554 1517 587 1547 in
609 1517 778 1555 charit-nte,
806 1521 965 1559 pertinent
979 1523 1017 1552 ad

247 1578 359 1608 corpus
375 1570 563 1608 mystienm3
581 1571 656 1609 quia
677 1581 715 1601 ex
741 1572 838 1602 libera
855 1574 1017 1605 voluntate

247 1624 277 1652 et
287 1623 385 1661 Justa,
405 1622 444 1652 ad
458 1622 573 1652 radicis
586 1624 758 1662 praemium
772 1648 779 1661 ‚
796 1626 863 1656 sive
878 1628 1018 1658 facientis

248 1675 409 1704 meritum.
434 1673 521 1705 Unde
544 1675 620 1714 quia
644 1676 700 1706 iste
725 1678 824 1715 cadit,
851 1680 904 1718 qui
929 1682 1016 1719 feeit;

247 1735 343 1766 opera
378 1727 588 1758 nihilominus
620 1733 787 1760 remanent
819 1731 854 1761 in
889 1742 1019 1773 corpore

248 1779 391 1819 mystico,
409 1780 484 1819 quia
500 1781 572 1811 inde
587 1781 647 1811 alia
657 1783 803 1814 membra
817 1786 1016 1826 gaudebunt,

247 1836 277 1864 et
306 1833 389 1864 Deus
413 1833 485 1864 inde
511 1834 714 1865 laudabitur:
744 1837 796 1867 sed
822 1840 928 1869 tamen
955 1849 1020 1871 non

248 1888 377 1916 manent
400 1886 439 1917 ad
461 1886 597 1925 gloriam
619 1888 782 1920 facientis:
806 1893 837 1920 et
857 1892 926 1922 ideo
949 1902 1017 1925 mo-

247 1940 375 1970 riuntur
393 1940 471 1977 ista,
494 1940 545 1970 isti
567 1940 683 1971 scilicet
707 1942 846 1981 homini,
865 1954 939 1976 cum
962 1948 1019 1979 iste

248 1992 402 2030 moritur;
427 1992 481 2023 sed
504 1993 572 2032 ipso
596 1998 782 2033 resurgente
806 2005 825 2026 a
849 1998 961 2038 culpa,
990 2003 1020 2031 et

247 2045 327 2075 sacto
351 2045 390 2075 de
408 2054 539 2085 corpore
563 2047 716 2086 mystico,
740 2048 797 2078 sibi
823 2049 905 2080 hona
923 2061 1018 2092 opera

246 2097 458 2128 reviviscunt:
476 2100 507 2128 et
525 2101 680 2138 quantum
701 2100 815 2132 adhoc
835 2102 943 2134 dieunt
967 2105 1019 2136 in-

246 2150 349 2189 telligi
367 2150 445 2181 iliud
456 2151 482 2181 ¹:
499 2151 576 2182 Tene
587 2152 670 2190 quod
684 2152 787 2192 habes,
805 2157 864 2186 ete.
886 2156 1016 2196 Tamen,

246 2203 401 2243 quidquid
417 2203 457 2233 sit
470 2204 507 2234 de
523 2204 592 2241 hoe,
607 2205 673 2235 sive
689 2211 872 2238 remaneant
893 2210 925 2240 in
948 2220 1016 2242 cor-

247 2265 323 2296 pore
348 2257 499 2296 mystico,
527 2257 592 2288 sive
616 2267 699 2296 non3
727 2269 842 2291 verum
867 2266 912 2294 est
933 2266 1019 2303 qnod

248 2312 376 2340 manent
396 2309 430 2340 in
448 2311 602 2341 memoria
625 2312 694 2350 ejus
713 2313 768 2351 qui
793 2315 880 2353 t'eeit3
903 2319 935 2347 et
958 2318 1017 2348 du-

247 2362 336 2393 bium
351 2362 446 2393 etiam
468 2372 532 2393 non
556 2365 621 2402 est,
639 2364 717 2404 quin
733 2371 879 2398 maneant
894 2369 927 2399 in
950 2380 1016 2401 me-

248 2416 348 2446 moria
369 2416 424 2447 Dei
453 2425 548 2456 opera
576 2418 666 2457 prins
689 2418 785 2457 faeta;
817 2424 847 2451 et
876 2425 1017 2462 qnandiu

249 2471 354 2499 manet
386 2469 499 2509 culpa,
530 2473 658 2501 manent
688 2471 720 2501 in
753 2472 802 2502 Dei
835 2476 1018 2513 cognitione

249 2523 360 2552 cuncta
379 2522 592 2562 respicientis,
623 2527 652 2554 et
674 2524 706 2554 in
723 2527 883 2557 'memoria
908 2538 1016 2567 pecca-

249 2574 335 2604 toris.
360 2573 420 2605 Sed
443 2575 485 2605 ihi
506 2585 569 2606 non
594 2580 723 2607 manent
753 2578 791 2608 ad
816 2588 1018 2615 remuneran-

282 2638 286 2649 ¹
302 2635 385 2666 Apoc„
401 2642 440 2666 111,
458 2639 494 2661 11.

800 177 1109 209 SENTENTIARUM
1132 177 1204 208 LIB.
1232 178 1280 208 lv.

1069 243 1163 282 dum,
1194 253 1252 275 nee
1271 245 1304 275 in
1327 246 1482 276 memoria
1500 247 1673 285 peccatoris
1692 248 1731 279 ad
1756 257 1837 288 gau-

1069 296 1228 335 dendum3
1251 298 1306 328 sed
1321 298 1426 335 magis
1439 299 1479 329 ad
1495 298 1666 330 dolendum
1676 323 1685 337 ,
1703 301 1788 340 quod
1801 301 1840 332 de

1069 350 1164 380 tantis
1178 351 1268 381 bonis
1281 351 1319 382 ad
1336 353 1423 382 tanta
1438 352 1521 382 mala
1534 352 1672 383 devenit.
1692 353 1753 384 Sed
1766 363 1840 385 cum

1070 404 1220 443 resurgit,
1238 407 1369 435 manent
1379 405 1412 435 in
1424 405 1485 436 Deo
1500 406 1539 436 ad
1555 407 1838 446 remunerandum,

1069 460 1100 490 et
1114 459 1147 489 in
1165 460 1317 490 memoria
1333 460 1432 500 ipsius
1449 460 1621 500 peccatoris
1637 460 1676 491 ad
1695 460 1839 500 gauden-

1070 513 1146 543 dum
1162 524 1169 543 :
1189 515 1219 543 et
1233 513 1303 544 ideo
1321 513 1407 553 prius
1421 513 1528 553 aliquo
1543 514 1637 544 modo
1657 514 1838 552 manebant,

1070 567 1124 597 sed
1139 569 1283 604 mortua3
1299 567 1502 606 postmodum
1518 567 1708 605 manebunt,
1724 569 1756 598 et
1771 575 1841 598 ma-

1070 621 1148 650 nent
1162 620 1246 650 viva.

1112 676 1140 702 1.
1164 672 1210 702 Ad
1232 672 1309 703 illud
1333 682 1412 713 ergo
1436 673 1521 712 quod
1541 673 1689 712 objicitur
1712 673 1751 704 de
1773 673 1840 704 Hu-

1063 725 1166 764 *gone,
1184 725 1351 756 dicendum
1367 726 1451 766 quod
1463 726 1613 765 intelligit
1630 727 1668 757 de
1682 726 1735 758 illo
1748 735 1842 767 opere
1890 741 1894 744 ⁴

1071 778 1164 816 hono,
1181 779 1264 819 quod
1279 780 1375 810 homo
1389 780 1540 819 potuisset
1554 780 1667 817 fucere,
1685 780 1735 811 vel
1746 780 1842 811 fecis-

1071 834 1117 862 set
1131 832 1184 862 illo
1199 834 1339 872 tempore
1359 842 1423 872 quo
1441 833 1595 872 peccavit,
1613 833 1698 873 quod
1713 833 1842 873 quidem

1072 894 1135 916 non
1157 885 1368 925 recuperabit3
1385 886 1459 925 qnia
1475 886 1501 916 si
1525 886 1586 916 alio
1604 888 1746 926 tempore
1767 886 1843 916 velit

1072 938 1172 969 facere
1193 948 1272 979 opus
1290 939 1373 979 quod
1393 940 1513 977 omisit,
1540 940 1640 979 perdit
1659 949 1739 980 opus
1757 940 1843 980 quod

1072 992 1198 1022 deberet
1222 993 1254 1022 in
1270 993 1322 1023 illo
1337 995 1477 1032 tempore
1493 994 1605 1023 facere.
1624 992 1711 1024 Unde
1726 993 1844 1024 Seneca

1072 1045 1157 1083 dicit,
1174 1046 1257 1085 quod
1275 1046 1465 1084 gravissima
1481 1049 1527 1077 est
1540 1048 1665 1085 jactura
1679 1047 1842 1087 temporis,

1072 1099 1222 1137 quianon
1236 1102 1335 1138 pote<t
1352 1100 1543 1139 recuperari.

1113 1155 1142 1182 2.
1166 1152 1212 1181 Ad
1234 1152 1309 1182 illud
1324 1152 1408 1191 qnod
1425 1152 1561 1182 seeundo
1572 1152 1730 1191 objicitur,
1743 1154 1845 1192 potest

1073 1205 1254 1244 responderi
1277 1205 1461 1244 duplieiter:
1488 1205 1536 1234 vel
1562 1205 1644 1244 quod
1667 1208 1796 1236 manent
1811 1205 1843 1236 in

1073 1266 1202 1297 corpore
1218 1258 1361 1297 mystico7
1380 1257 1460 1287 sient
1480 1259 1598 1287 tactum
1613 1260 1659 1288 est
1673 1267 1680 1295 ;
1695 1258 1743 1289 vel
1756 1258 1842 1298 quod

1076 1313 1203 1341 manent
1223 1311 1254 1340 in
1274 1310 1431 1341 memoria
1455 1311 1525 1348 ejus
1553 1310 1607 1349 qui
1627 1310 1710 1348 fecit,
1736 1312 1767 1341 et
1791 1310 1844 1341 Dei

1074 1370 1131 1401 pro
1147 1371 1210 1401 quo
1225 1362 1306 1392 feeit.

1116 1419 1144 1445 3.
1170 1415 1215 1445 Ad
1230 1415 1307 1446 illud
1322 1415 1405 1455 quod
1424 1415 1582 1454 objicitur,
1599 1414 1685 1454 quod
1699 1415 1843 1455 impossi-

1075 1469 1136 1499 bile
1153 1471 1199 1499 est
1218 1477 1405 1508 recuperare
1421 1468 1566 1498 habitum
1584 1468 1736 1499 amissum
1751 1477 1844 1499 eum-

1075 1522 1146 1552 dem
1157 1530 1309 1559 numero;
1327 1521 1496 1551 dicendum
1510 1521 1592 1560 quod
1606 1521 1691 1551 aliud
1701 1523 1748 1552 est
1762 1521 1844 1552 vivi-

1076 1575 1179 1612 ficari,
1206 1574 1292 1605 aliud
1315 1575 1507 1614 recuperari.
1531 1573 1736 1613 Recuperatio
1760 1574 1847 1605 enim

1076 1627 1199 1665 respi‹·it
1215 1636 1295 1664 esse3
1313 1628 1366 1657 sed
1382 1627 1555 1658 vivificatio
1572 1627 1699 1666 respicit
1714 1627 1847 1658 ordina-

1076 1682 1144 1710 tum
1165 1689 1241 1717 esso,
1270 1681 1337 1710 sive
1361 1680 1525 1717 ordinem,
1548 1680 1598 1711 vel
1619 1679 1682 1710 tale
1705 1689 1782 1711 esse.
1809 1680 1848 1711 Et

1075 1735 1226 1773 quoniam
1250 1734 1334 1773 quod
1352 1734 1465 1765 desinit
1485 1743 1569 1770 esse,
1590 1733 1615 1763 si
1635 1733 1751 1764 iterum
1767 1733 1845 1764 inci-

1076 1786 1141 1825 piat
1155 1795 1233 1823 esse,
1251 1795 1314 1817 non
1334 1789 1380 1817 est
1402 1786 1486 1816 idem
1502 1794 1654 1823 numero,
1670 1785 1722 1816 sed
1738 1785 1843 1823 aliud;

1076 1840 1145 1870 ideo
1164 1839 1293 1869 habitus
1316 1839 1340 1869 si
1359 1841 1582 1878 corrumpatur
1606 1840 1637 1869 et
1665 1838 1844 1875 amittatur,

1076 1895 1158 1926 idem
1181 1903 1245 1925 non
1266 1896 1471 1934 recuperatur
1493 1905 1499 1923 z
1527 1893 1581 1924 sed
1604 1892 1679 1932 quia
1701 1893 1847 1932 possibile

1076 1951 1121 1979 est
1137 1949 1219 1988 quod
1234 1948 1333 1986 idem,
1355 1957 1486 1979 manens
1502 1947 1586 1978 idem
1597 1972 1604 1985 ,
1619 1947 1734 1978 habeat
1747 1946 1846 1978 alium

1076 2005 1106 2032 et
1120 2002 1218 2032 alium
1234 2001 1390 2037 ordinem,
1407 2001 1583 2031 seeundum
1600 2000 1660 2031 hoc
1675 2000 1848 2032 attenditur

1076 2055 1246 2085 vivificatio
1261 2057 1292 2085 et
1306 2054 1504 2085 mortificatio
1517 2054 1548 2084 in
1562 2053 1723 2093 operibus,
1739 2056 1770 2084 et
1784 2053 1845 2084 for-

1076 2108 1166 2138 tassis
1182 2109 1214 2138 in
1233 2107 1414 2138 habitibus:
1438 2107 1508 2141 ideo
1529 2106 1676 2146 possibile
1695 2107 1742 2136 est
1765 2115 1846 2146 opus

1076 2163 1241 2191 mortuum
1258 2160 1430 2197 vivificari,
1446 2160 1488 2190 ita
1503 2159 1587 2199 quod
1605 2161 1731 2190 maneat
1749 2158 1844 2190 idem.

1115 2216 1144 2243 A..
1167 2213 1211 2243 Ex
1233 2213 1291 2243 hoc
1312 2213 1446 2244 solvitur
1467 2213 1619 2243 ultimum
1637 2221 1645 2242 :
1670 2211 1745 2251 quia
1763 2211 1847 2251 quod

1075 2267 1188 2296 dicitur
1209 2275 1290 2305 opus
1317 2266 1426 2297 vivum
1451 2268 1481 2296 et
1511 2265 1756 2303 mortificatum,
1786 2265 1848 2296 hoc

1075 2328 1139 2349 non
1154 2319 1226 2349 dicit
1241 2319 1382 2349 divers-<is
1403 2319 1620 2359 dispositiones
1641 2318 1724 2348 cirea
1744 2327 1844 2358 opus;

1075 2371 1129 2401 sed
1151 2371 1222 2401 dicit
1249 2372 1331 2402 circa
1353 2381 1432 2411 opus
1453 2372 1593 2403 diversas
1614 2371 1845 2408 ordinationes,

1075 2424 1192 2455 seilicet
1218 2424 1449 2455 ordinationem
1472 2425 1511 2455 ad
1535 2424 1863 2462 remunerationem,-

1075 2477 1151 2508 dum
1161 2477 1270 2515 vivit,
1287 2480 1317 2508 et
1336 2478 1546 2517 privationem
1566 2477 1668 2515 illius,
1684 2485 1758 2507 eum
1780 2477 1845 2515 jam

1075 2533 1239 2561 mortuum
1267 2533 1334 2567 est,
1361 2531 1427 2561 sive
1454 2531 1692 2561 mortificatum.
1723 2528 1783 2560 Sed
1810 2528 1844 2558 in

1075 2583 1282 2623 suscipiente,
1298 2584 1363 2614 sive
1379 2584 1507 2615 homine
1518 2608 1526 2622 ‚
1542 2583 1616 2614 dieit
1631 2581 1843 2614 diversitatem

1076 2645 1170 2676 penes
1190 2637 1375 2676 qualitatem
1398 2637 1526 2676 gratiae,
1546 2645 1619 2676 quae
1636 2637 1682 2666 est
1700 2633 1843 2666 aecidens
