2017 2948
618 167 715 199 DIST.
739 167 856 199 XXXV.
880 167 971 198 ART.
996 168 1019 198 Ι.
1042 167 1191 205 QUAEST.
1216 168 1266 200 IV.

143 243 217 273 quae
241 236 288 265 est
313 243 385 274 pars
407 234 598 274 prudentiae:
617 243 694 273 ergo
720 237 776 265 aut
791 235 912 266 donum

143 287 265 317 consilii
286 296 350 317 non
365 290 411 318 est
433 287 523 318 nobis
543 290 759 327 opportunum
772 312 779 325 ‚
798 290 854 318 aut
868 290 914 318 est

143 339 182 370 ad
197 340 296 371 alium
310 343 416 371 actum
431 351 437 369 τ
454 340 507 371 sed
525 343 644 371 constat
663 341 747 381 quod
762 341 854 372 nobis
868 342 914 371 est

143 395 357 432 opportunum
374 402 381 423 ε
398 393 524 423 videtur
542 402 620 432 ergo
644 393 729 433 quod
755 393 913 424 consiliari

143 454 207 476 non
221 446 261 476 sit
275 448 362 476 actus
374 445 531 485 proprius.

414 541 636 574 CONCLUSIO.

140 615 210 640 Doni
231 614 338 640 consilii
361 616 436 641 actus
457 617 585 650 proprius
609 618 644 643 est
671 615 787 649 dz'riqere
801 617 831 642 in
847 616 910 643 elec-

177 659 247 684 tione
265 658 434 692 agendorum,
462 660 712 693 prosequendarum,
742 660 783 686 vel
807 661 913 694 fugien-

176 701 280 735 dorum,
303 703 453 729 habentium
475 712 598 737 magnam
611 704 801 737 difficultatem
817 712 911 731 secun-

176 746 239 772 dum
252 747 371 780 regulam
385 747 456 780 juris
469 747 564 774 divini.

179 816 269 856 Resp.
286 818 324 847 ad
341 827 409 857 arg.
428 818 602 850 Dicendum
627 820 730 858 quod,
756 819 837 850 sicut
859 821 910 851 ἰη-

139 870 276 901 tellectus
291 870 461 910 aliquando
476 872 626 911 accipitur
642 881 698 911 pro
724 874 797 903 actu
825 873 912 903 intel-

138 922 271 962 ligendi,
288 924 457 963 aliquando
478 934 535 964 pro
556 925 623 964 ipso
644 925 817 963 intellecto,
845 926 911 957 sive

138 976 347 1016 intelligibili,
364 977 533 1017 aliquando
557 987 614 1017 pro
634 978 703 1018 ipso
728 978 839 1008 habitu
865 979 910 1009 in-

138 1030 318 1069 telligendi,
340 1031 395 1070 qui
415 1031 524 1070 dirigit
546 1031 651 1070 ipsum
666 1031 860 1062 intellectum
875 1032 908 1062 in

134 1083 305 1122 judicando
333 1083 370 1114 de
399 1084 483 1114 veris
513 1086 544 1114 et
569 1084 675 1121 salsis;
707 1084 751 1114 sic
778 1086 808 1114 et
833 1094 907 1115 con-

138 1135 245 1166 silium
256 1136 418 1176 tripliciter
430 1137 530 1177 accipi
538 1137 702 1168 consuevit
718 1147 725 1167 :
740 1137 909 1177 aliquando

137 1198 194 1228 pro
210 1192 283 1220 actu
306 1190 513 1227 consiliandi;
536 1190 705 1230 aliquando
728 1199 785 1229 pro
810 1200 847 1221 eo
870 1191 909 1221 ad

137 1243 223 1282 quod
247 1244 436 1274 terminatur
469 1244 519 1274 ille
544 1246 649 1282 actus,
674 1244 755 1274 sicut
782 1244 909 1283 quando

136 1295 252 1326 dicitur
270 1307 276 1326 :
299 1308 313 1325 «
331 1296 397 1327 IIoc
413 1298 459 1326 est
480 1297 647 1327 consilium
670 1306 798 1334 meum;
816 1308 829 1324 n
851 1297 908 1327 ali-

137 1349 263 1388 quando
286 1359 363 1380 vero
386 1359 444 1389 pro
460 1359 496 1380 eo
514 1350 626 1380 habitu
642 1374 649 1388 ,
667 1350 723 1389 qui
739 1350 866 1390 expedit
880 1352 910 1381 et

137 1402 245 1442 dirigit
259 1404 399 1434 animam
413 1404 452 1434 ad
468 1404 653 1443 eligendum
668 1404 888 1443 prosequenda
900 1428 908 1441 ‚

137 1457 167 1485 et
181 1456 219 1486 ad
242 1457 430 1495 fugiendum
452 1457 591 1488 vitanda.
614 1456 670 1487 Hic
691 1458 798 1486 autem
823 1457 911 1486 habi—

137 1511 187 1539 tus
211 1509 352 1548 dirigens
375 1510 414 1541 ad
435 1510 620 1550 hujusmodi
643 1509 827 1539 electionem
851 1509 910 1539 du-

136 1562 209 1601 plex
221 1564 278 1600 est,
295 1563 469 1594 secundum
480 1563 693 1594 diversitatem
703 1562 906 1601 eligibilium,

136 1618 166 1646 et
191 1616 365 1646 secundnm
391 1617 607 1647 diversitatem
634 1616 823 1654 modorum,
841 1617 908 1647 sive

137 1669 293 1700 rationem
322 1670 461 1708 eligendi
479 1679 486 1700 :
523 1679 598 1700 nam
632 1670 783 1709 eligibilia
817 1680 906 1710 quee-

137 1722 210 1752 dam
225 1725 299 1753 sunt
312 1723 504 1753 necessitatis
517 1734 524 1760 ;
542 1723 690 1762 quaedam
705 1732 782 1755 vero
797 1724 906 1754 ardui-

137 1775 219 1805 tatis.
238 1775 273 1805 In
287 1775 398 1815 primis
417 1775 528 1815 dirigit
542 1776 711 1815 prudentia
723 1787 730 1814 ;
748 1777 782 1806 in
796 1786 907 1807 secun-

136 1829 183 1859 dis
203 1838 279 1860 vero
295 1829 404 1868 dirigit
428 1830 549 1860 donum
570 1830 690 1860 consilii
711 1833 838 1870 propter
852 1840 908 1861 ex—

137 1882 350 1912 cellentiorem
365 1885 394 1912 et
412 1884 569 1921 maJ'orem
581 1882 800 1914 difficultatem
811 1908 818 1921 ,
835 1893 908 1923 quae

138 1934 170 1964 in
184 1934 240 1969 eiS,
257 1943 329 1973 quae
347 1934 510 1965 arduitatis
533 1937 607 1965 sunt
619 1959 626 1972 ‚
648 1935 743 1966 habet
763 1937 906 1975 reperiri.

138 1987 269 2023 Rursus,
285 1987 383 2025 dirigi
396 1988 429 2017 in
437 1987 586 2018 electione
594 1990 694 2027 potest
712 1988 839 2028 aliquis,
857 1990 907 2020 vel

137 2040 311 2071 secundum
320 2041 467 2079 regulam
470 2041 553 2079 juris
565 2041 727 2079 naturalis,
737 2041 787 2071 vel
799 2051 908 2072 secun-

137 2093 213 2124 dum
224 2094 370 2133 regulam
376 2094 459 2133 juris
467 2093 619 2124 divini.Et
629 2095 771 2133 primum
778 2096 906 2134 quidem

137 2148 183 2177 est
189 2146 315 2177 virtutis
322 2147 508 2186 prudentiae3
517 2148 694 2177 secundum
702 2157 778 2178 vero
789 2151 908 2188 spectat

138 2199 177 2229 ad
197 2199 317 2230 donum
341 2199 471 2230 consilii.
491 2199 537 2229 Ex
562 2200 611 2229 his
635 2202 735 2239 potest
756 2201 825 2232 elici
851 2211 907 2242 per

138 2253 308 2292 quamdam
327 2253 640 2284 circumlocutionem
652 2277 659 2291 ,
678 2254 749 2293 quis
764 2255 803 2285 sit
819 2258 907 2287 actus

138 2306 285 2346 proprius
309 2306 382 2336 doni
405 2307 526 2336 consilii
544 2318 550 2337 :
568 2307 720 2346 quoniam
737 2310 824 2338 actus
839 2310 907 2348 ejus

138 2361 183 2389 est
197 2359 336 2397 dirigere
350 2359 383 2389 in
395 2359 545 2390 electione
560 2360 759 2398 agendorum
773 2384 780 2398 ‚
799 2370 906 2400 prose-

138 2412 358 2452 quendorum,
384 2412 435 2442 vel
459 2412 684 2452 fugiendorum
700 2437 708 2451 ‚
735 2422 806 2453 quae
834 2417 908 2445 sunt

138 2464 281 2505 specialis
295 2465 458 2495 arduitatis
469 2488 477 2502 ‚
500 2466 531 2495 et
548 2465 607 2495 hoc
622 2466 797 2497 secundum
813 2476 906 2506 regu-

138 2517 201 2548 lam
213 2518 296 2557 Juris
310 2517 422 2555 divini,
436 2517 508 2547 etin
522 2517 583 2547 hoc
596 2518 806 2558 distinguitur
819 2523 907 2551 actus

139 2571 208 2610 ejus
227 2570 266 2600 ab
280 2573 353 2602 actu
368 2570 544 2610 prudentiae
560 2570 686 2601 virtutis
697 2595 705 2610 ‚
722 2574 751 2602 et
767 2573 906 2605 scientiae

173 2632 320 2661 ¹Damasc,‚
336 2631 365 2655 de
377 2632 437 2655 Fellr:
448 2631 556 2660 orthod„
573 2632 617 2655 lib.
635 2633 665 2663 ll,
681 2640 702 2657 c.
718 2639 782 2660 xxm.

1683 174 1741 204 119

969 234 1056 265 doni.
1086 234 1118 265 Si
1142 234 1243 274 igitur
1263 244 1389 275 quaeras
1414 239 1523 268 utrum
1555 239 1643 268 actus
1666 238 1741 269 doni

970 287 1091 318 consilii
1105 288 1146 318 sit
1161 288 1330 326 consiliari,
1344 289 1524 328 dicendum,
1542 291 1627 330 quod
1643 291 1670 322 si
1684 301 1741 331 per

970 340 1106 370 verbum
1120 341 1315 372 consiliandi
1332 342 1527 381 intelligatur
1552 343 1681 374 directio
1695 353 1741 375 se-

970 395 1112 425 cundum
1127 395 1273 434 regulam
1285 398 1315 426 et
1329 396 1439 427 lumen
1454 397 1587 435 consilii,
1602 398 1647 428 sic
1661 399 1740 430 bene

970 450 1070 487 potest
1086 449 1213 479 concedi
1228 449 1313 489 quod
1328 451 1416 480 actus
1430 451 1500 489 ejus
1515 451 1555 480 sit
1569 451 1738 482 consiliari.

970 500 1030 531 Sed
1047 501 1274 532 attendendum
1289 505 1335 533 est
1350 503 1447 542 quod,
1464 503 1639 534 secundum
1654 504 1740 544 quod

968 553 1039 584 vult
1054 553 1264 585 Damascenus
1277 555 1297 592 ²,
1314 555 1482 586 consilium
1491 556 1619 595 respicit
1632 557 1671 588 ad
1686 557 1740 588 ali-

969 616 1065 646 quem
1079 609 1186 638 actum
1210 608 1439 647 praecedentem
1451 632 1459 646 ‚
1476 610 1506 638 et
1527 608 1668 648 aliquem
1686 619 1737 641 ac-

968 663 1037 691 tum
1066 663 1261 701 sequentem.
1293 661 1370 692 Dicit
1396 662 1482 692 enim
1518 663 1603 702 quod
1636 663 1739 702 primo

968 713 1064 744 homo
1081 714 1214 754 inquirit
1237 717 1268 745 et
1282 714 1466 745 consiliatur
1478 739 1487 753 ‚
1502 715 1614 746 deinde
1631 715 1738 755 dispo-

968 766 1015 797 nit
1029 769 1059 797 et
1081 767 1222 805 ordinat,
1240 767 1442 806 postmodnm
1456 767 1546 806 eligit
1560 770 1590 798 et
1606 777 1739 799 consen-

966 819 1014 849 tit.
1040 818 1079 849 Et
1106 819 1281 849 secundum
1307 819 1367 849 hoc
1395 819 1638 859 intelligendum
1667 824 1736 860 est,

967 872 1052 911 quod
1067 872 1162 911 dirigi
1176 872 1353 902 secundum
1368 872 1515 910 regulam
1532 873 1664 911 consilii,
1677 874 1738 905 hoc

966 927 1066 964 potest
1081 934 1148 955 esse
1173 925 1340 964 dupliciter
1357 935 1363 954 ε
1381 927 1436 955 aut
1451 925 1618 956 consilium
1630 926 1738 966 inqui-

966 977 1082 1014 rendo3
1100 979 1155 1007 aut
1179 977 1355 1008 secundum
1379 977 1546 1008 consilium
1573 978 1739 1018 disponen-

965 1030 1005 1060 do
1020 1032 1050 1060 et
1063 1031 1222 1069 eligendo.
1241 1030 1348 1061 Primo
1360 1032 1491 1071 quidem
1505 1032 1598 1063 modo
1613 1041 1678 1063 non
1692 1036 1739 1065 est

965 1085 1054 1114 actus
1069 1084 1167 1124 ipsius
1182 1084 1304 1114 consilii
1320 1085 1501 1124 principalis
1522 1087 1553 1116 et
1568 1085 1738 1117 universa-

964 1136 1002 1166 lis
1015 1161 1022 1174 ‚
1044 1137 1095 1167 sed
1117 1138 1207 1177 quasi
1221 1139 1310 1167 actus
1332 1139 1401 1177 eJus
1425 1137 1575 1168 initialis:
1593 1140 1624 1168 et
1644 1139 1738 1169 estin

965 1199 1012 1227 eo,
1030 1190 1062 1220 in
1078 1200 1140 1230 quo
1156 1192 1201 1221 est
1214 1191 1392 1221 secundum
1400 1193 1518 1221 statum
1529 1191 1738 1231 imperfectio-

964 1243 1023 1273 nis.
1041 1242 1187 1274 Secundo
1201 1253 1277 1274 vero
1294 1244 1387 1274 modo
1405 1246 1494 1274 actus
1518 1246 1588 1284 ejus
1605 1245 1737 1276 univer-

964 1296 1039 1326 salis
1059 1299 1105 1327 est
1133 1299 1163 1327 et
1187 1297 1391 1336 principalis:
1411 1297 1496 1327 unde
1517 1297 1583 1328 sive
1599 1307 1655 1337 per
1669 1307 1738 1329 ver-

964 1349 1042 1380 bum
1055 1350 1252 1387 consiliandi,
1269 1350 1336 1380 sive
1350 1359 1406 1389 per
1420 1350 1556 1381 verbum
1571 1350 1738 1381 consulen-

964 1403 1005 1440 di,
1022 1403 1088 1433 sive
1113 1412 1167 1442 per
1188 1403 1412 1443 quodcumque
1435 1403 1521 1434 aliud
1542 1404 1679 1434 verbum
1699 1403 1737 1434 il-

963 1455 1017 1486 lud
1033 1456 1249 1494 significetur,
1267 1456 1351 1495 quod
1364 1458 1409 1486 est
1425 1456 1520 1495 dirigi
1536 1456 1570 1486 in
1584 1457 1736 1488 electione

963 1509 1081 1539 horum
1095 1518 1166 1548 quae
1180 1511 1254 1539 sunt
1272 1509 1438 1539 arduitatis
1449 1533 1456 1546 ‚
1473 1509 1650 1540 secundum
1665 1519 1738 1541 con-

963 1564 1024 1594 silii
1039 1565 1160 1595 donum
1176 1564 1261 1604 quod
1282 1564 1366 1603 regit
1389 1564 1564 1594 secundum
1582 1565 1739 1596 dictamen

959 1618 1042 1657 juris
1064 1617 1184 1655 divini,
1201 1617 1372 1648 dicendum
1393 1617 1478 1657 quod
1502 1617 1553 1647 hic
1577 1620 1623 1648 est
1651 1620 1739 1649 actus

962 1670 1144 1710 principalis
1167 1672 1198 1701 et
1218 1670 1366 1710 proprius
1388 1670 1462 1700 doni
1484 1670 1618 1701 consilii.
1650 1670 1739 1702 Unde

962 1723 1089 1754 concedi
1118 1726 1218 1763 potest
1234 1748 1242 1762 ‚
1270 1724 1354 1763 quod
1373 1723 1531 1754 consiliari
1560 1724 1738 1755 secundum

962 1777 1056 1807 istam
1071 1777 1285 1816 acceptionem
1311 1778 1357 1807 est
1380 1778 1469 1807 actus
1484 1778 1554 1816 eJus
1569 1777 1716 1816 proprius
1728 1801 1737 1816 ‚

962 1830 1043 1860 sicut
1065 1830 1201 1860 rationes
1225 1830 1264 1860 ad
1289 1831 1426 1869 primam
1450 1832 1575 1869 partem
1600 1830 1738 1862 inductae

962 1883 1144 1914 ostendunt.

1002 1935 1049 1965 Ad
1071 1935 1149 1965 illud
1172 1944 1268 1972 vero,
1285 1934 1371 1974 quod
1393 1935 1505 1966 ultimo
1521 1935 1672 1974 objicitur
1699 1935 1738 1967 de

962 1990 1033 2019 actu
1058 1988 1259 2025 consulendi,
1286 1988 1447 2027 quomodo
1472 1990 1589 2028 spectet
1614 1988 1653 2019 ad
1681 1989 1739 2020 do-

962 2050 1041 2071 num
1073 2041 1218 2078 consilii,
1239 2041 1407 2071 dicendum
1436 2041 1522 2080 quod
1548 2040 1712 2073 consulere
1728 2065 1736 2079 ‚

961 2096 1055 2134 prout
1082 2094 1208 2134 respicit
1224 2094 1360 2124 alterum
1374 2117 1383 2131 ,
1400 2094 1510 2124 accidit
1534 2094 1617 2125 dono
1633 2095 1738 2126 consi-

961 2147 994 2178 lii
1009 2157 1016 2178 :
1033 2147 1152 2178 donum
1169 2147 1255 2177 enim
1270 2147 1393 2177 consilii
1409 2147 1534 2186 proprie
1550 2147 1676 2187 respicit
1693 2148 1737 2179 di-

962 2201 1132 2232 rectionem
1156 2202 1244 2230 actus
1269 2200 1388 2239 proprii
1412 2210 1418 2229 :
1448 2199 1532 2230 unde
1553 2199 1626 2230 licet
1648 2202 1736 2231 actus

961 2254 1034 2284 doni
1049 2253 1169 2284 consilii
1186 2253 1365 2284 attendatur
1380 2252 1412 2283 in
1422 2252 1627 2292 dispositione
1641 2255 1672 2284 et
1686 2262 1734 2284 or-

961 2308 1121 2338 dinatione
1140 2307 1314 2337 arduorum
1329 2307 1623 2346 prosequendorum
1633 2317 1640 2344 ;
1658 2307 1732 2346 quia

962 2364 1067 2392 tamen
1086 2361 1207 2392 donum
1228 2361 1305 2391 illud
1326 2361 1496 2400 aliquando
1522 2363 1569 2391 est
1585 2361 1617 2390 in
1632 2361 1733 2391 abun-

960 2415 1066 2446 dantia
1077 2439 1085 2453 ,
1103 2415 1272 2455 aliquando
1295 2414 1327 2444 in
1342 2414 1463 2445 defectu
1479 2437 1486 2451 ‚
1504 2416 1535 2444 et
1549 2422 1623 2444 cum
1638 2415 1684 2444 est
1699 2414 1733 2444 in

961 2471 1173 2509 abundantia,
1190 2470 1284 2500 habet
1304 2471 1420 2509 juvare
1441 2469 1537 2506 alios,
1558 2477 1632 2499 cum
1656 2477 1733 2499 vero

961 2524 1054 2554 estin
1069 2524 1210 2561 defectu,
1226 2523 1320 2553 habet
1344 2522 1453 2561 Juvari
1487 2522 1526 2551 ab
1551 2521 1632 2559 aliis,
1658 2521 1733 2552 hinc

963 2577 1025 2612 est,
1043 2574 1126 2614 quod
1150 2576 1238 2604 actus
1253 2572 1436 2604 consulendi
1452 2572 1552 2603 alium
1566 2595 1573 2610 ‚
1590 2572 1641 2603 vel
1657 2581 1734 2603 con-

961 2628 1082 2660 sulendi
1102 2628 1173 2665 alii,
1191 2627 1273 2657 dono
1288 2625 1409 2656 consilii
1424 2628 1555 2665 possunt
1575 2625 1705 2657 attribui
1722 2636 1729 2667 ᾗ
