2017 2948
738 171 926 203 DISTINCT.
951 171 1028 202 xvi.
1050 171 1150 203 PARS
1173 172 1195 202 I.
1705 179 1762 208 621

182 239 295 273 Omnis
309 240 370 272 ista
386 239 523 273 varietas
536 238 718 272 confitenda
733 242 780 271 est
805 244 835 271 et
850 238 1016 280 deflenda,
1034 243 1069 271 ut
1090 250 1165 271 cum
1189 239 1376 282 cognoverit
1403 241 1490 284 quod
1513 245 1678 285 peccatum
1696 246 1763 284 est,

183 298 246 330 cito
261 297 407 330 inveniat
420 297 523 329 Deum
543 297 604 329 sibi
621 296 812 340 propitium.
830 297 866 328 In
881 297 1103 339 cognoscendo
1124 300 1336 339 augmentum
1357 299 1476 341 peccati
1491 325 1498 340 ‚
1516 299 1662 332 inveniat
1676 301 1770 344 cujus

184 356 287 388 aetatis
310 355 408 388 fuerit
423 381 430 395 ‚
449 355 543 398 cujus
557 354 722 398 sapientiae
738 359 769 386 et
783 354 919 386 ordinis.
940 355 1134 387 lmmoretur
1153 355 1186 386 in
1203 355 1340 397 singulis
1353 355 1439 396 istis,
1456 360 1486 388 et
1500 357 1615 389 sentiat
1634 358 1768 391 modum

186 413 331 445 criminis
348 425 355 444 :
375 423 519 456 purgans
534 412 688 455 lacrymis
702 423 832 444 omnem
850 412 1041 455 qualitatem
1058 412 1129 444 vitii
1145 437 1153 452 ,
1170 411 1285 444 defleat
1300 412 1455 445 virtutem
1470 439 1477 453 ,
1495 426 1560 457 qua
1575 414 1705 447 interim
1720 428 1773 448 ca-

187 470 265 502 ruit.
283 469 467 502 Dolendum
484 473 529 501 est
547 469 634 501 enim
651 480 716 501 non
731 469 837 501 50111111
854 469 940 513 quod
959 469 1115 513 peccavit,
1133 470 1187 501 sed
1208 470 1286 513 quia
1300 469 1420 502 virtute
1435 482 1467 502 50
1482 471 1632 514 privavit.
1650 472 1774 506 Desseat

187 527 283 559 etiam
305 527 460 570 quoniam
480 526 648 571 offendens
670 527 704 559 ἱη
730 538 813 566 ww,
831 528 944 570 factus
974 532 1019 561 esc
1041 527 1190 559 omnium
1212 539 1283 559 reus
1300 528 1320 559 ¹.
1345 528 1497 570 Ingratus
1529 528 1616 560 0111111
1646 530 1772 571 extitit,

188 584 246 628 qui
261 585 377 628 plenus
392 584 570 617 virtutibus
586 585 690 617 Deum
710 584 846 616 omnino
862 595 926 617 non
945 584 1064 616 timuit.
1084 585 1120 616 ln
1138 585 1196 617 1100
1211 585 1298 617 0111111
1319 585 1458 629 (1111511110
1480 589 1624 629 peccator
1649 586 1685 618 tit
1705 587 1774 619 cul-

189 641 347 686 pabilior,
363 654 428 686 (1110
444 646 490 674 est
505 642 571 675 Deo
586 642 756 686 acceptior.
785 642 857 675 [deo
872 642 959 674 enim
974 642 1078 674 Adam
1095 642 1169 686 111115
1186 642 1347 686 peccavit,
1364 643 1443 687 quia
1464 643 1553 675 omni
1571 643 1656 677 110110
1671 644 1775 677 abun-

190 699 289 732 davit.
306 700 382 732 Alio
397 700 494 732 etiam
511 700 606 732 modo
623 699 791 732 offendens
806 699 839 731 in
858 711 946 741 uno,
965 699 1066 732 faetus
1086 704 1132 732 est
1154 700 1302 732 omnium
1331 711 1405 732 10115
1418 726 1426 742 ,
1449 701 1526 744 quia
1547 702 1652 733 omnis
1672 702 1777 735 virtus

191 757 312 800 patitur
326 757 557 790 detrimentum
574 758 614 789 ab
630 768 695 789 uno
712 757 804 790 vitio.
822 757 832 772 ²
848 771 864 789 «
877 757 979 789 Ponat
995 770 1027 789 se
1043 757 1177 789 omnino
1193 757 1224 789 ’111
1238 757 1361 801 judicio
1377 763 1407 790 et
1421 762 1574 802 potestate
1591 759 1776 801 sacerdotis,

191 814 275 846 1111111
291 815 342 846 5111
356 826 523 847 reservans
537 815 597 847 sibi
611 841 618 855 ,
637 819 672 847 ut
685 815 796 847 omnia
811 826 847 847 eo
858 815 993 858 jubente
1011 819 1141 858 paratus
1161 815 1200 847 sit
1222 815 1324 847 facere
1342 826 1398 858 pro
1420 816 1603 860 recipienda
1630 817 1696 850 vita
1710 818 1780 850 ani·

193 883 254 904 mae
267 898 275 913 ‚
292 883 365 916 quae
379 872 497 905 faceret
511 884 569 916 pro
585 872 717 905 vitanda
731 872 875 916 corporis
891 876 1012 911 m0rte3
1029 876 1060 904 et
1075 872 1134 905 hoc
1149 884 1223 905 cum
1240 872 1399 905 desiderio
1413 899 1421 913 ‚
1438 874 1516 917 quia
1531 874 1632 907 vitam
1647 886 1780 919 recupe-

193 933 243 962 rat
271 929 447 962 infinitam.
479 929 562 962 Cum
591 930 711 973 gaudio
741 930 827 962 enim
857 930 961 962 faeere
984 929 1079 962 debet
1101 930 1295 962 immortalis
1317 930 1466 971 futurus,
1488 942 1561 974 quae
1583 932 1701 964 faceret
1724 944 1781 975 pro

193 987 373 1019 differenda
389 992 491 1020 morte
506 987 707 1029 moriturus;
729 998 854 1031 semper
877 987 1067 1030 deprecetur
1088 987 1212 1027 Deum,
1229 987 1342 1019 offerat
1362 987 1429 1019 Deo
1448 992 1589 1021 mentem
1604 1015 1612 1029 ,
1630 994 1660 1021 et
1678 989 1784 1022 cordis

193 1045 421 1078 contritionem
434 1071 441 1085 ‚
459 1045 575 1077 deinde
595 1049 625 1077 et
646 1045 733 1088 quod
760 1049 863 1088 potest
887 1044 940 1076 det
964 1044 1002 1076 de
1025 1044 1170 1087 passione
1184 1070 1192 1084 ,
1211 1048 1242 1076 et
1263 1048 1341 1077 tunc
1361 1045 1387 1077 si
1403 1046 1482 1089 quid
1498 1046 1610 1079 offeret
1625 1073 1634 1089 ,
1652 1059 1784 1080 securus

194 1103 321 1136 offerat.
339 1104 349 1121 ³
361 1103 509 1147 Respexit
524 1102 685 1134 Dominus
703 1101 749 1134 acl
763 1101 853 1141 Abel,
873 1108 903 1133 et
920 1101 965 1133 ad
979 1113 1117 1134 manera
1134 1102 1214 1144 ejus.
1233 1102 1330 1134 Prius
1345 1103 1421 1134 dicit
1433 1103 1528 1144 Abel,
1542 1116 1642 1147 quam
1657 1104 1697 1137 ad
1713 1116 1785 1137 mu-

195 1172 273 1192 nera
288 1161 369 1204 ejus.
387 1160 423 1192 In
435 1159 560 1203 judicio
576 1171 653 1202 crgo
670 1160 775 1192 cordis
795 1159 991 1191 conferenda
1009 1164 1055 1191 est
1074 1159 1279 1199 eleemosyna
1298 1160 1480 1192 tribuentis.
1499 1161 1563 1193 Nec
1578 1162 1784 1194 consideran-

195 1217 274 1251 dum
293 1222 339 1250 est
353 1222 514 1262 quantun]
530 1244 538 1258 ,
555 1217 608 1249 sed
626 1229 691 1261 qua
707 1221 832 1257 mente,
847 1228 912 1260 qua
928 1217 1097 1249 affectione
1113 1217 1167 1249 dut
1181 1217 1269 1261 quod
1286 1222 1399 1260 potest.
1418 1219 1481 1257 Qui
1497 1230 1574 1262 ergo
1584 1231 1643 1251 sua
1659 1223 1786 1262 peccata

196 1276 354 1308 redimere
370 1276 442 1308 vult
465 1274 695 1319 temporalium
721 1274 901 1312 oblatione,
927 1274 1018 1318 prius
1035 1274 1148 1306 offerat
1172 1278 1324 1308 mentem.
1343 1281 1353 1297 ⁴
1368 1276 1487 1309 Caveat
1502 1277 1599 1309 etiam
1616 1289 1655 1309 ne
1669 1278 1786 1310 ductus

198 1333 413 1374 verecundia,
431 1332 555 1365 dividat
570 1332 655 1376 apud
678 1343 710 1364 se
725 1332 958 1364 confessionem
971 1358 980 1371 ‚
998 1336 1034 1364 ut
1048 1332 1176 1364 diversa
1190 1332 1326 1365 diversis
1342 1333 1419 1366 velit
1440 1335 1659 1367 sacerdotibus
1682 1334 1786 1367 mani-

198 1391 326 1423 festare.
344 1390 484 1430 Quidam
509 1390 596 1422 enim
624 1389 683 1422 uni
698 1390 824 1431 celant,
844 1389 931 1433 1111011
955 1390 1049 1422 alteri
1072 1390 1347 1422 manifestandum
1362 1396 1571 1433 conservant,
1589 1392 1675 1436 quod
1692 1396 1738 1425 est
1753 1404 1785 1425 se

199 1449 351 1490 laudare,
375 1453 405 1481 et
420 1449 457 1481 ad
474 1448 672 1492 hypocrisim
690 1441 838 1487 tendere,
857 1451 888 1479 et
903 1459 1029 1491 semper
1050 1448 1144 1480 venia
1167 1459 1291 1490 carere,
1308 1448 1348 1481 ad
1370 1461 1468 1493 quarn
1493 1461 1547 1493 per
1569 1450 1670 1482 frusta
1695 1454 1787 1494 putat

200 1507 382 1550 pervenire.
400 1506 518 1540 Caveat
534 1506 631 1538 etiam
647 1517 687 1538 110
702 1505 793 1549 prius
809 1505 848 1537 ad
865 1505 1065 1538 dominicum
1081 1517 1197 1549 corpus
1213 1506 1356 1549 accedat,
1374 1518 1471 1550 quam
1487 1508 1687 1540 confortetur
1701 1509 1787 1541 bona

201 1565 396 1597 conscientia
411 1591 418 1605 ‚
435 1569 466 1597 et
480 1564 588 1597 doleat
604 1563 691 1607 quod
707 1563 854 1596 nondum
871 1563 987 1595 audeat
1002 1574 1147 1604 sumere,
1163 1575 1260 1607 quem
1278 1564 1419 1596 multum
1435 1565 1595 1598 desiderat
1610 1566 1719 1598 cibum
1736 1578 1786 1598 sa-

201 1622 353 1654 lutarem.
371 1622 527 1654 Cohibeat
541 1621 639 1653 etiam
655 1632 687 1653 se
702 1633 721 1653 a
737 1621 845 1662 ludis,
863 1632 881 1652 a
895 1620 1085 1664 spectaculis
1109 1621 1239 1661 saeeuli,
1264 1621 1322 1665 qui
1348 1622 1521 1665 perfectam
1539 1623 1610 1655 vult
1632 1624 1787 1668 consequi

202 1679 399 1712 remissionis
414 1679 565 1721 gratiam.
584 1678 640 1710 Isti
655 1682 731 1710 sunt
747 1678 839 1720 digni
854 1678 979 1710 fructus
995 1678 1212 1721 prenitentiae,
1233 1679 1376 1711 animam
1391 1681 1552 1724 captivam
1568 1681 1788 1725 elaqueantes,

203 1741 234 1770 et
247 1737 281 1770 in
296 1737 445 1769 libertate
463 1740 638 1769 servantes.
659 1749 674 1767 »
690 1736 730 1768 Et
744 1735 831 1767 infra
845 1735 854 1751 ⁵
873 1748 879 1767 :
899 1750 914 1766 (1
933 1735 1064 1774 Quaerat
1084 1735 1194 1767 anima
1214 1735 1330 1778 dignos
1349 1737 1474 1769 fructus
1487 1763 1495 1778 ,
1512 1738 1570 1770 etsi
1591 1750 1656 1771 non
1672 1739 1787 1781 dignos

203 1794 414 1838 poeniteutiae.
433 1794 518 1826 Sunt
532 1794 619 1826 0111111
635 1792 727 1836 digni
743 1793 867 1825 fructus
881 1793 1040 1825 virtutum
1054 1819 1061 1833 ‚
1078 1793 1135 1837 qui
1153 1805 1217 1825 non
1234 1793 1403 1826 sufficiunt
1418 1795 1663 1838 poenitentibus.
1682 1796 1791 1829 Poeni-

205 1852 306 1884 tentia
331 1852 417 1884 0111111
442 1851 608 1894 graviores
632 1851 792 1894 postulat,
810 1854 846 1882 ut
870 1850 981 1882 dolore
1005 1854 1035 1881 et
1052 1850 1229 1892 gemitibus
1250 1856 1398 1883 mortuus
1414 1852 1564 1896 impetret
1579 1853 1690 1886 vitam.
1709 1867 1724 1884 »
1743 1854 1792 1887 Ex

205 1910 255 1942 his
274 1909 455 1942 ostenditur
469 1909 526 1953 qui
543 1909 608 1941 sint
623 1908 715 1951 digni
731 1908 856 1940 fructus
871 1908 1074 1952 poenitentiae
1089 1934 1097 1948 ,
1114 1908 1235 1952 quibus
1250 1920 1327 1941 vera
1340 1909 1515 1942 satisfactio
1530 1910 1691 1954 expletur,
1703 1911 1791 1955 quod

206 1979 272 2000 non
286 1978 399 2000 omnes
413 1966 505 2009 digni
520 1966 646 1999 fructus
660 1970 736 1999 suut
755 1965 848 2007 digni
873 1966 999 1998 fruetus
1013 1966 1212 2010 poenitcntiae
1233 1979 1239 1998 :
1257 1967 1344 2011 quod
1358 1966 1396 1999 de
1414 1967 1470 2000 illa
1493 1969 1683 2012 poenitentia
1698 1969 1794 2002 intel-

205 2025 320 2068 ligitur
331 2051 339 2066 ,
353 2036 426 2069 quae
442 2024 604 2068 majorum
619 2028 665 2057 est
679 2023 869 2056 criminum.
887 2023 958 2056 Non
980 2023 1067 2056 enim
1084 2023 1253 2057 sufficiunt
1268 2024 1411 2067 graviter
1424 2025 1704 2070 delinquentibus,
1721 2038 1794 2071 quae

207 2082 376 2116 sufficiunt
391 2082 517 2123 minus,
535 2082 587 2115 vel
603 2093 719 2126 parum
732 2081 952 2126 peccantibus.

252 2140 293 2173 Et
307 2141 389 2173 sicut
404 2145 480 2173 sunt
495 2140 587 2183 digni
606 2140 731 2173 fructus
747 2139 966 2184 poenitentiae,
982 2151 1018 2172 ac
1036 2150 1113 2172 vera
1134 2140 1324 2181 satisfactio,
1344 2141 1387 2173 ita
1410 2145 1441 2173 et
1461 2141 1587 2184 indigni
1603 2142 1726 2175 fructus
1740 2169 1748 2183 ,
1765 2148 1795 2176 et

209 2198 289 2231 falsa
303 2198 494 2239 satisfactio,
512 2198 544 2230 id
560 2203 628 2239 est,
656 2197 737 2231 falsa
755 2197 957 2242 poenitentia.
975 2197 1070 2230 Unde
1087 2197 1265 2239 Gregorius
1278 2198 1288 2214 ⁶
1306 2210 1312 2229 z
1336 2211 1351 2228 «
1374 2198 1484 2231 Falsas
1498 2200 1704 2243 poenitentias
1718 2201 1795 2233 dici-

210 2267 283 2289 mus
295 2282 302 2294 ,
319 2267 393 2300 quae
408 2267 473 2288 non
489 2256 668 2288 secundum
692 2255 899 2288 auctoritates
919 2259 1104 2287 sanctorum
1129 2266 1187 2298 pro
1201 2255 1358 2299 qualitate
1373 2256 1547 2289 eriminum
1566 2258 1792 2301 imponuntur.
1821 2267 1839 2279 ¹⁰

210 2313 351 2358 Ideoque
368 2314 477 2354 miles,
493 2314 544 2346 vel
560 2313 755 2356 negotiator,
772 2313 824 2345 vel
840 2312 938 2345 alicui
954 2312 1061 2345 officio
1076 2312 1206 2344 deditus
1217 2338 1225 2353 ‚
1242 2312 1329 2356 quod
1345 2313 1414 2346 sine
1432 2318 1558 2357 peccato
1573 2315 1714 2347 exerceri
1731 2326 1795 2348 non

211 2371 329 2415 possit,
345 2371 371 2403 si
386 2371 490 2414 culpis
513 2370 884 2414 gravioribusirretitus
908 2370 948 2403 ad
973 2369 1199 2413 poenitentiam
1222 2371 1363 2412 venerit,
1391 2371 1441 2403 vel
1467 2371 1523 2414 qui
1552 2372 1637 2404 bona
1664 2372 1798 2405 alterius

211 2428 331 2473 injuste
355 2428 495 2467 detinet,
512 2428 564 2461 vel
587 2428 645 2472 qui
668 2427 781 2460 odium
804 2427 838 2459 111
860 2427 956 2460 corde
974 2427 1074 2469 gerit,
1094 2432 1299 2469 recognoscat
1315 2439 1347 2460 se
1366 2439 1475 2460 veram
1492 2429 1716 2472 poenitentiam
1732 2441 1796 2462 non

211 2497 303 2531 posse
317 2497 487 2531 peragere,
504 2485 567 2518 nisi
582 2485 752 2530 negotium
772 2485 954 2530 relinquat,
972 2485 1023 2519 vel
1040 2485 1184 2518 officium
1199 2485 1341 2526 deserat,
1357 2490 1388 2518 et
1403 2486 1515 2519 odium
1529 2498 1568 2519 ex
1580 2487 1675 2520 eorde
1690 2487 1799 2520 dimil-

245 2599 325 2629 ¹Jac.,
341 2604 369 2626 11,
384 2599 420 2622 ¹0.
431 2612 449 2615 —
464 2599 476 2616 ¹
488 2599 523 2622 De
538 2605 587 2621 ver.
603 2599 626 2621 et
640 2597 700 2627 fals.
717 2598 814 2626 Poentt„
827 2604 849 2622 c.
863 2603 905 2627 κν,
921 2604 946 2622 n.
963 2598 1001 2621 30.
1012 2610 1041 2615 -
1058 2597 1066 2612 ³
1078 2597 1148 2626 Gen„
1166 2603 1201 2627 iv,
1217 2599 1240 2628 4,
1255 2597 1373 2621 5.—⁸De
1388 2604 1436 2621 ver.
1449 2599 1472 2622 ct
1486 2597 1537 2628 fals
1563 2599 1659 2628 l'oem‘l.,
1678 2606 1704 2623 n.
1721 2601 1759 2624 31.
1772 2610 1800 2618 --

214 2633 224 2649 θ
235 2633 299 2658 md.
311 2634 360 2652 -θ
370 2634 457 2665 Greg„
471 2634 497 2658 et.
510 2633 617 2658 habetur
634 2633 693 2658 dist.
710 2638 735 2662 ν.
750 2640 772 2657 c.
790 2632 888 2659 Falsas.

1810 2167 1860 2191 Quae
1888 2166 1914 2186 sit

1837 2197 1888 2217 falsa

1810 2228 1904 2257 satisfac·-
