2017 2948
142 1903 229 1927 Divisio·

259 119 318 148 674
808 115 1115 148 SENTENTIARUM
1138 115 1212 147 LlB.
1238 115 1286 147 Ν.

259 195 326 217 non
340 194 428 217 unus
441 194 500 228 pro
513 183 683 225 omnibus,
697 194 763 216 non
779 183 880 216 alium
896 183 1045 215 statuatis
1059 183 1214 216 nuntium
1228 209 1236 225 ‚
1254 183 1312 227 qui
1327 194 1386 227 pro
1404 184 1496 217 vobis
1509 184 1625 218 offerat
1639 195 1761 218 munus
1775 184 1842 218 neo

258 253 278 274 a
301 241 411 285 Moyse
435 245 593 274 statutum
612 254 618 273 :
636 240 690 274 sed
714 241 771 285 qui
799 251 853 285 per
876 251 934 272 vos
949 240 1084 284 peccatis
1096 267 1104 281 ,
1121 251 1177 284 per
1193 252 1251 274 vos
1269 241 1476 274 erubescatis,
1502 241 1734 275 Erubescentia
1755 242 1841 275 enim

257 299 326 343 ipsa
344 303 468 343 partem
484 299 580 331 hahet
595 298 803 331 remissionis.
827 298 875 330 Ex
894 298 1112 330 misericordia
1133 298 1220 331 enim
1247 299 1306 331 hoc
1328 299 1474 343 praecipit
1494 300 1652 332 Dominus
1666 326 1674 341 ‚
1691 304 1727 332 ut
1740 299 1843 332 nemi-

257 367 331 389 nem
349 357 519 401 poeniteret
533 357 566 388 in
582 357 718 389 occulto.
736 356 773 387 In
789 355 849 387 hoc
863 355 949 387 enim
966 355 1052 399 quod
1069 366 1126 399 per
1141 355 1281 400 seipsum
1303 356 1381 388 dicit
1406 357 1583 398 sacerdoti,
1608 362 1639 390 et
1653 357 1844 390 erubescen-

257 414 336 446 tiam
351 414 453 447 vincit
467 415 583 446 timore
598 413 712 446 offensi
723 438 731 453 ‚
748 412 783 444 tit
800 412 893 445 venia
908 412 1064 445 criminis.
1083 412 1135 445 Fit
1159 413 1244 445 enim
1266 414 1393 446 veniale
1417 426 1473 458 per
1487 414 1719 448 confessionem
1730 440 1738 455 ,
1754 413 1843 459 quod

256 471 424 504 criminale
438 476 505 504 erat
521 471 554 503 in
569 470 771 515 operatione;
789 474 820 502 et
835 470 860 502 si
876 480 939 502 nen
956 470 1064 502 statim
1080 475 1252 514 purgatur,
1271 472 1306 503 tit
1321 476 1429 504 tamen
1446 471 1584 513 veniale,
1601 471 1689 516 quod
1709 471 1843 504 commi-

256 533 340 563 serat
356 529 503 562 mortale.
528 528 672 561 Multum
696 527 783 560 enim
808 527 1037 560 satisfactionis
1055 527 1192 569 obtulit,
1209 528 1266 572 qui
1292 529 1523 561 erubescentia),
1547 529 1738 570 dominans,
1760 528 1842 562 nihil

256 598 389 628 eorum,
406 597 478 630 qua)
500 585 680 627 commisit,
696 585 813 617 nuntio
837 584 895 616 Dei
918 584 1060 627 negavit.
1085 585 1171 617 Deus
1196 585 1282 618 enim
1307 586 1365 629 qui
1388 586 1570 619 misericors
1592 590 1624 618 et
1643 586 1751 629 justus
1774 589 1840 627 est,

256 643 338 676 sicut
352 647 457 676 servat
471 642 726 675 misericordiam
742 642 777 674 in
789 641 935 686 justitia,
952 642 996 674 ita
1011 645 1042 674 et
1053 642 1215 685 justitiam
1236 643 1270 675 in
1291 643 1522 676 misericordia.
1540 642 1630 688 Opus
1643 643 1732 676 enim
1749 642 1842 676 mise-

256 700 406 733 ricordiae
416 704 463 732 est
478 700 620 744 peccanti
634 703 762 744 peccata
771 699 936 732 dimittere
951 713 957 732 :
971 700 1026 732 sed
1041 705 1165 744 oportet
1177 704 1213 732 ut
1223 700 1332 743 justus
1343 700 1532 733 misereatur
1544 700 1646 744 juste3
1662 700 1844 733 considerat

255 757 342 790 enim
364 758 391 790 si
414 757 534 801 dignus
551 762 614 799 est,
631 769 697 790 non
721 757 792 789 dico
808 756 935 801 justitia
949 783 957 798 ‚
975 756 1030 789 sed
1053 761 1084 789 et
1104 757 1335 790 misericordia.
1351 757 1484 790 Justitia
1501 758 1588 790 enim
1604 757 1673 790 sola
1686 757 1839 799 damnat;

254 814 310 847 sed
330 814 450 858 dignus
471 819 517 848 est
540 814 780 856 misericordia,
797 814 855 858 qui
874 814 1039 858 spirituali
1056 814 1166 847 labore
1189 815 1307 859 quaerit
1325 815 1475 858 gratiam.
1494 816 1632 850 Laborat
1648 815 1735 848 enim
1751 826 1842 847 mens

255 873 407 917 patiendo
422 873 690 905 erubescentiam.
717 872 757 904 Et
778 872 936 916 quoniam
960 872 1157 905 verecundia
1176 884 1295 915 magna
1319 876 1366 905 est
1390 884 1501 916 poma,
1518 873 1576 917 qui
1599 873 1759 906 erubescit
1782 883 1841 917 pro

260 930 404 972 Christo,
421 930 458 962 fit
472 930 592 973 dignus
607 929 837 962 misericordia.
855 929 948 962 Unde
964 934 1067 973 patet,
1084 930 1162 973 quia
1185 934 1308 974 quanto
1333 930 1484 974 pluribus
1503 930 1712 963 confitebitur
1732 930 1766 963 in
1785 940 1840 974 spe

255 988 359 1021 veniae
385 988 622 1032 turpitudinem
649 987 794 1020 criminis
806 1015 814 1029 ‚
847 991 936 1020 tanto
961 987 1089 1020 facilius
1123 993 1340 1031 consequetur
1367 988 1504 1030 gratiam
1532 988 1742 1021 remissionis.
1777 987 1842 1032 Ipsi

254 1045 341 1078 enim
357 1045 535 1078 sacerdotes
549 1046 623 1089 plus
644 1049 780 1089 possunt
804 1044 978 1088 proficere,
997 1045 1070 1089 plus
1085 1045 1317 1077 confitentibus
1332 1056 1473 1089 parcere.
1492 1059 1507 1076 »
1525 1046 1606 1078 Item
1621 1046 1685 1078 Leo
1701 1046 1790 1090 Papa
1804 1046 1811 1062 ¹
1832 1057 1838 1078 :

257 1102 446 1142 «Quamvis
471 1102 640 1146 plenitudo
669 1101 746 1134 fidei
771 1101 922 1134 videatur
949 1112 1016 1134 esse
1042 1102 1217 1135 laudabilis
1232 1128 1240 1143 ‚
1266 1113 1340 1146 quai
1361 1107 1491 1146 propter
1507 1103 1564 1135 Dei
1589 1103 1738 1136 timorem
1754 1103 1840 1147 apud

253 1159 403 1193 homines
418 1160 605 1192 erubescere
621 1170 686 1192 non
702 1164 854 1201 veretur3
872 1164 981 1192 tamen
1003 1159 1082 1203 quia
1103 1171 1170 1192 non
1191 1160 1340 1192 omnium
1357 1164 1433 1192 sunt
1447 1160 1672 1203 hujuscemodi
1691 1164 1819 1205 peccata
1832 1187 1840 1203 ,

253 1222 290 1250 ut
305 1228 342 1249 ea
356 1228 429 1262 qu‘ce
444 1217 669 1261 poenitentiam
686 1221 841 1261 poscunt,
857 1228 924 1249 non
952 1216 1085 1249 timeant
1106 1217 1267 1260 publicari
1281 1229 1288 1257 ;
1306 1221 1513 1250 removeatur
1528 1217 1753 1262 improbabilis
1767 1229 1843 1251 con-

253 1276 411 1316 suetudo,
429 1286 469 1307 ne
494 1275 589 1307 multi
606 1286 624 1307 a
641 1274 841 1318 poenitentiae
862 1274 1014 1307 remediis
1038 1278 1225 1317 arceantur,
1240 1275 1319 1307 dum
1339 1279 1395 1307 aut
1417 1275 1631 1314 erubescunt,
1648 1280 1705 1308 aut
1730 1275 1844 1309 timent

255 1333 397 1365 inimicis
412 1344 471 1365 sua
486 1333 569 1365 sacta
586 1343 728 1365 reserare
741 1359 749 1373 ,
766 1332 887 1376 quibus
902 1336 1036 1376 possunt
1051 1331 1163 1374 legum
1188 1332 1320 1376 percelli
1343 1333 1584 1366 constitutione.
1602 1333 1733 1366 Sufficit
1755 1333 1843 1366 enim

253 1390 430 1430 confessio,
449 1401 524 1434 quw,
544 1390 688 1434 primum
704 1390 770 1423 Deo
786 1390 942 1431 offertur,
960 1393 991 1422 et
1016 1394 1094 1422 tunc
1117 1390 1215 1422 etiam
1239 1391 1413 1434 sacerdoti,
1431 1392 1489 1436 qui
1514 1403 1571 1435 pro
1595 1392 1720 1424 delictis
1740 1391 1844 1436 poeni-

255 1448 393 1481 tentium
410 1452 556 1492 peccator
570 1448 702 1481 accedit.
721 1449 814 1480 Tunc
827 1448 914 1480 enim
931 1448 1042 1492 plures
1063 1448 1103 1479 ad
1124 1447 1349 1492 poenitentiam
1365 1453 1517 1492 poterunt
1542 1450 1731 1493 provocari,
1747 1450 1774 1482 si
1789 1460 1844 1494 po-

255 1505 326 1550 puli
341 1505 477 1538 auribus
492 1516 557 1537 non
574 1505 761 1549 publicetur
775 1505 971 1538 conscientia
995 1504 1191 1537 confitentis.
1211 1518 1226 1535 »
1244 1506 1293 1538 Ex
1316 1506 1367 1538 liis
1381 1506 1520 1550 aliisque
1543 1507 1694 1550 pluribus
1716 1506 1845 1539 indubi-

256 1566 363 1595 tanter
378 1562 560 1596 ostenditur
575 1566 723 1606 oportere
738 1562 803 1594 Deo
824 1563 986 1606 primum,
1004 1566 1035 1595 et
1058 1562 1175 1594 deinde
1199 1563 1355 1595 sacerdoti
1377 1564 1486 1596 offerri
1510 1564 1764 1604 confessionem,
1787 1575 1845 1597 nec

255 1620 350 1653 aliter
365 1631 456 1664 posse
475 1620 639 1664 perveniri
655 1620 695 1652 ad
711 1620 896 1663 ingressum
912 1620 1056 1664 paradisi
1069 1646 1077 1661 ,
1095 1620 1121 1652 si
1136 1620 1219 1653 adsit
1234 1620 1381 1653 facultas.

442 1731 646 1764 EXPOSITIO
667 1731 831 1763 TEXTUS.
1409 1738 1474 1760 nun.
1498 1738 1520 1760 1.

253 1813 308 1838 Jam
323 1812 465 1837 seeundum
480 1811 626 1844 quaestionis
641 1811 774 1836 articulum
786 1811 959 1842 inspiciamus,
975 1814 1022 1836 etc.
1127 1796 1284 1824 QfflbUSdam
1298 1802 1382 1820 wsum
1397 1796 1582 1855 Ξίζῑέξὲἒὲθω)
1595 1803 1616 1819 ³¹
1632 1796 1678 1820 ⁵⁰¹¹
1693 1797 1747 1821 De⁰
1761 1796 1804 1821 ἧδ’·

295 1889 400 1929 Supra
423 1891 575 1919 executus
598 1890 644 1918 est
665 1890 696 1918 et
719 1888 941 1919 determinavit
962 1887 1025 1918 Ma-
1121 1888 1280 1925 Quaeritur
1302 1889 1354 1920 hic
1377 1891 1487 1920 utrum
1511 1889 1588 1920 tales
1608 1889 1726 1920 fuerint
1746 1889 1848 1920 haere-

255 1943 355 1982 gister
380 1942 516 1982 primam
542 1941 771 1981 quaestionem3
794 1940 845 1971 hic
866 1940 969 1980 tangit
995 1942 1025 1970 et

255 1996 442 2027 determinat
468 1995 658 2032 secundam,
686 1994 802 2024 scilicet
826 1995 937 2024 utrum
967 2003 1023 2024 ne-

255 2058 339 2080 cesse
354 2048 394 2078 sit
415 2048 557 2079 confiteri
578 2048 720 2085 homini,
745 2057 787 2077 an
810 2047 945 2077 sufficiat
967 2046 1025 2077 soli

256 2101 318 2133 Deo
333 2101 486 2132 confiteri.
504 2100 541 2131 Et
552 2101 703 2131 dividitur
714 2101 784 2131 haec
794 2090 866 2140 pars
877 2100 909 2130 in
925 2099 1003 2130 duas
1016 2110 1022 2130 :

256 2155 289 2185 in
305 2154 407 2194 prima
420 2153 546 2184 adducit
562 2154 764 2184 auctoritates
777 2155 815 2183 ad
830 2154 941 2183 salsam
956 2162 1025 2192 par-

255 2209 338 2245 tem;
355 2207 388 2237 in
403 2206 539 2237 secunda
554 2206 680 2236 adducit
695 2207 895 2237 auctoritates
913 2206 952 2236 ad
966 2214 1023 2235 ve-

255 2269 340 2297 ram,
362 2259 405 2290 ibi
424 2268 432 2290 :
449 2258 517 2291 Sed
540 2258 624 2298 quod
646 2259 859 2291 sacerdotibus
882 2259 1026 2297 confiteri

255 2316 412 2353 oporteat,
428 2315 485 2343 etc.
504 2323 510 2343 :
528 2313 561 2342 in
574 2312 689 2352 quibus
703 2312 844 2342 clarescit
860 2312 1025 2343 confessio·

255 2367 305 2397 nis
318 2366 436 2397 vocalis
451 2365 623 2403 institutio,
641 2367 671 2396 et
689 2368 889 2405 peccatorum
905 2365 1026 2404 obliga-

256 2419 315 2457 tio;
347 2419 380 2449 in
411 2418 527 2458 quihus
559 2418 654 2449 etiam
688 2418 830 2449 consistit
862 2419 1025 2458 praesentis

255 2472 440 2511 quaestiouis
452 2470 621 2502 difficultas
636 2473 666 2502 et
681 2471 911 2502 determinatio.

287 2552 294 2568 ¹
312 2551 362 2575 Leo
383 2552 441 2581 1³1³„
459 2551 542 2581 Epist.
562 2556 675 2580 Lxxvin,
695 2553 719 2574 ct
739 2551 854 2580 habetur,
875 2550 903 2574 de
926 2552 1024 2579 Poerzi't„

256 2587 313 2611 dist.
329 2593 348 2618 1,
362 2593 385 2610 c.
401 2586 526 2616 Quamvis.

1080 1941 1147 1979 tici3
1174 1944 1205 1972 et
1226 1942 1310 1981 quod
1331 1951 1414 1980 non,
1440 1942 1577 1980 videtur,
1603 1942 1677 1982 quia
1700 1941 1850 1981 Magister

1080 1994 1190 2024 recitat
1203 1995 1262 2025 hoc
1276 1997 1428 2035 tanquam
1444 1995 1626 2034 opimonem
1640 1995 1847 2035 probabilem.

1080 2047 1139 2078 Sed
1156 2050 1264 2078 contra
1280 2048 1339 2079 hoc
1356 2050 1420 2086 est,
1445 2048 1520 2088 quia
1541 2057 1663 2088 negans
1686 2047 1851 2079 confessio-

1080 2109 1165 2137 nem,
1182 2102 1281 2139 negat
1295 2100 1546 2131 absolutionem:
1563 2110 1598 2131 ac
1613 2110 1669 2141 per
1680 2101 1740 2132 hoc
1756 2103 1852 2140 negat

1081 2153 1219 2183 clavium
1237 2153 1405 2191 virtutem,
1422 2156 1452 2184 et
1466 2154 1508 2184 ita
1529 2154 1694 2184 manifeste
1712 2155 1760 2184 est
1779 2162 1852 2185 eon-

1080 2208 1130 2236 tra
1145 2205 1341 2245 Scripturani
1351 2229 1360 2243 ‚
1377 2208 1408 2236 et
1422 2206 1465 2236 ita
1479 2209 1589 2237 contra
1603 2206 1710 2237 fidem.

1121 2257 1212 2297 Resp.
1233 2257 1406 2288 Dicendum
1422 2259 1506 2298 quod
1522 2259 1547 2289 si
1562 2259 1635 2299 quis
1652 2261 1734 2290 esset
1756 2259 1850 2290 modo

1080 2311 1177 2350 hujus
1192 2312 1360 2351 opinionis,
1375 2314 1455 2342 esset
1466 2312 1635 2343 liaereticus
1646 2312 1848 2352 judicandus,

1080 2364 1231 2404 quoniam
1247 2365 1279 2395 in
1299 2366 1428 2396 concilio
1448 2366 1590 2404 generali
1616 2366 1675 2396 hoc
1698 2365 1848 2396 determi-

1079 2419 1191 2447 natum
1206 2420 1251 2448 est
1265 2418 1324 2448 sub
1341 2418 1523 2449 Innocentio
1538 2418 1590 2448 Ill.
1608 2417 1667 2448 Sed
1680 2420 1754 2448 ante
1767 2417 1849 2447 hanc

1079 2470 1375 2502 determinationem
1404 2471 1464 2502 hoc
1497 2480 1561 2502 non
1594 2474 1662 2503 erat
1696 2470 1826 2502 haeresis
1837 2492 1847 2508 ‚

1080 2523 1155 2562 quia
1172 2523 1230 2562 ipsi
1245 2533 1310 2555 non
1323 2524 1485 2563 negabant
1497 2525 1634 2556 clavium
1648 2524 1844 2565 potestatem,

1080 2576 1133 2606 sed
1148 2576 1309 2615 negabant
1324 2577 1559 2615 necessitatem
1582 2579 1612 2608 et
1634 2577 1714 2608 bene
1735 2583 1848 2607 conee-

1997 1525 2017 1789 ..υ-Ἀθνι-
1997 1484 2008 1508 a
1998 1412 2007 1468 *a*
