2017 2948
147 1387 192 1412 Quo

140 1418 203 1439 modo

121 1449 226 1476 intelliga-

121 1483 155 1501 tur
162 1480 186 1501 ill
190 1480 223 1501 ud:

134 1512 198 1537 Quot-

122 1544 174 1569 quot
206 1543 227 1564 in

136 1575 219 1596 Chi-isto

121 1606 221 1633 baptizati

145 1637 196 1657 estis
203 1653 208 1662 ,

122 1668 228 1689 Christum

122 1700 229 1721 induistis.

142 2250 230 2272 Divisio.

232 150 289 180 326
789 143 1098 177 SENTENTIARUM
1122 143 1195 175 LIB.
1221 144 1270 176 lv.

232 214 430 259 praemissam
445 214 639 248 sententiam
653 212 865 254 conferendo;
881 212 927 245 ait
950 211 1038 244 enim
1061 211 1149 256 quod
1173 211 1223 244 his
1238 213 1296 257 qui
1315 212 1390 246 ficto
1404 213 1501 246 corde
1515 213 1742 259 baptizantur,
1764 219 1822 248 aut

232 277 359 318 peccata
373 272 564 305 nullatenus
579 272 788 306 dimittuntur
801 296 809 312 ‚
832 270 911 314 quia
925 272 933 289 ¹
948 269 1091 314 Spiritus
1111 276 1245 302 sanctas
1259 269 1443 315 disciplina²
1457 270 1593 316 effuyiet
1609 271 1727 316 fictum
1737 283 1751 312 ,·
1763 276 1821 306 aut

234 344 250 362 «
267 331 302 363 in
315 330 384 375 ipso
400 330 552 375 temporis
567 334 686 374 puncto
701 340 758 373 per
773 328 839 361 vim
855 327 1047 360 sacramenti
1062 326 1205 369 dimissa,
1223 328 1342 360 iteruin
1358 340 1414 372 per
1429 328 1593 362 fictionem
1609 329 1817 374 replicantur,

233 393 269 421 ut
282 388 380 421 etiam
395 387 477 420 illud
495 399 608 420 verum
625 387 665 419 sit
683 401 689 419 :
709 388 873 429 Quotquot
890 385 925 417 in
951 384 1082 418 Christo
1097 384 1261 429 baptizati
1276 386 1351 418 estis
1367 392 1394 425 ²,
1412 390 1472 418 etc.
1496 385 1536 418 Et
1555 386 1638 419 illud
1653 399 1660 419 :
1677 386 1820 431 Spiritus

232 452 366 479 sanctus
388 445 572 490 disciplinoe
586 443 721 488 effzzqiet
734 443 873 487 fictum,
894 441 926 475 id
950 445 1012 483 est,
1030 446 1068 474 ut
1088 442 1204 474 induat
1225 454 1302 475 eum
1325 442 1491 476 Christum
1510 443 1551 487 (a)
1573 444 1723 476 sauctitas
1742 443 1821 488 bap-

233 503 336 542 tismi,
357 508 389 536 et
407 507 505 535 exuat
524 513 599 535 eum
618 501 783 533 Christum
801 500 842 543 (a)
862 499 1018 543 pernicies
1041 498 1192 532 fictionis.
1216 499 1299 532 Nam
1319 500 1424 533 redire
1447 500 1580 533 dimissa
1596 505 1722 545 peccata
1735 526 1744 543 ,
1765 500 1822 534 ubi

234 562 376 595 fraterna
390 560 529 593 charitas
549 569 614 591 non
630 562 698 599 est,
715 562 824 601 aperte
839 556 1000 590 Dominus
1023 556 1115 590 docet
1137 557 1234 590 etiarn
1259 557 1292 589 in
1313 557 1371 590 illo
1390 568 1484 590 servo
1499 560 1528 599 ³,
1546 569 1565 591 a
1584 569 1650 602 quo
1665 558 1825 592 Dominus

234 619 405 653 dimissum
420 617 567 650 debitum
582 616 692 660 petiit,
709 615 787 660 quia
809 615 864 647 ille
887 625 1043 647 conservo
1065 614 1227 647 dimittere
1250 614 1368 647 noluit.
1391 614 1444 648 Sic
1466 626 1531 648 non
1556 615 1734 660 impeditur
1746 615 1825 661 bap-

236 677 322 710 tismi
337 676 460 720 gratia,
477 674 656 720 quominus
676 673 786 707 omnia
802 676 930 717 peccata
944 672 1152 705 dimittantur
1166 699 1173 714 ‚
1195 672 1291 705 etiam
1306 672 1333 704 si
1356 672 1537 706 fraternum
1553 672 1665 706 odium
1681 673 1715 706 in
1733 673 1803 718 ejus
1815 699 1824 715 ,

235 735 287 768 cui
304 734 529 776 dimittuntur,
546 732 656 766 animo
673 734 864 776 perseveret.
883 730 1032 764 Solvitur
1045 730 1133 762 enim
1149 730 1319 763 hesternus
1334 730 1401 763 dies
1412 756 1420 772 ,
1436 734 1468 764 et
1482 731 1643 776 quidquid
1658 734 1822 776 superest:

236 797 267 826 et
279 792 418 825 solvitur
432 791 529 825 etiam
551 790 620 835 ipsa
643 790 742 831 hora,
760 793 1030 833 momentumque
1055 792 1129 821 ante
1152 787 1352 832 baptismum
1371 792 1402 820 et
1422 788 1456 820 in
1480 788 1650 832 baptismo.
1670 788 1826 834 Deinceps

236 853 345 884 autem
361 849 515 883 continuo
533 860 606 881 reus
626 848 739 892 incipit
754 858 842 889 esse,
861 857 927 879 non
950 847 1057 879 sotum
1077 846 1346 890 consequentium
1360 872 1368 888 ‚
1392 846 1447 879 sed
1467 846 1565 880 etiam
1588 847 1825 891 praeteritorum

235 908 376 949 dierum,
394 907 561 949 horarum,
577 909 833 946 momentorum,
846 904 1059 937 redeuntibus
1073 904 1238 945 omuibus)
1255 915 1327 948 quae
1341 904 1473 936 dimissa
1487 908 1574 937 sunt.
1592 917 1608 935 >³
1620 904 1688 938 Hoc
1701 908 1824 946 autem,

238 972 271 1000 ut
287 966 513 1011 praedbzimus,
529 977 595 998 non
610 964 671 997 sub
681 963 856 997 assertione
870 962 951 995 dixit
967 974 973 994 :
991 962 1078 1006 quod
1093 962 1274 994 ostenditur
1289 973 1328 994 ex
1343 973 1392 1003 «eo,
1410 962 1496 1006 quod
1509 962 1553 994 ait
1568 962 1602 994 iu
1614 962 1727 996 eodem
1741 962 1826 996 libro

237 1026 281 1058 sie
295 1026 305 1041 ⁴
322 1037 328 1057 ε
351 1038 367 1056 ι(
383 1024 419 1057 Si
434 1024 473 1056 ad
489 1023 688 1068 baptismum
704 1021 799 1053 fictus
813 1020 934 1053 accedit
947 1046 955 1062 ‚
972 1020 1104 1052 dimissa
1118 1024 1195 1052 sunt
1210 1020 1238 1051 ei
1262 1024 1387 1064 peccata
1398 1047 1407 1059 ,
1425 1024 1481 1052 aut
1495 1031 1562 1053 non
1577 1024 1653 1052 sunt
1671 1019 1826 1053 dimissa?

237 1083 369 1125 Eligant
383 1081 471 1126 qnod
486 1080 663 1114 voluerint.
691 1093 706 1110 ›·›
723 1079 801 1111 Eece
817 1082 925 1122 aperte
940 1077 1062 1120 cernis,
1081 1077 1106 1109 si
1123 1081 1229 1110 tamen
1245 1077 1400 1117 attendis,
1423 1077 1455 1109 id
1471 1077 1588 1110 dixisse
1603 1077 1829 1121 Augustinum

238 1151 303 1172 nou
327 1139 520 1179 asserendo,
545 1138 600 1170 sed
624 1137 822 1181 quaerendo,
853 1140 883 1169 et
915 1135 1054 1167 aliorum
1080 1135 1266 1179 opinionem
1293 1135 1473 1168 referendo.
1499 1135 1588 1168 Idem
1612 1135 1699 1168 enim
1718 1136 1765 1169 ait
1788 1141 1799 1158 ὓ
1819 1149 1826 1168 :
1860 1129 1865 1132 i

242 1212 258 1230 «
274 1198 300 1231 T
304 1209 366 1231 unc
381 1197 489 1230 valere
501 1196 612 1240 incipit
627 1195 665 1228 ad
679 1195 814 1227 salutem
827 1194 1018 1237 baptismus,
1031 1204 1105 1226 cuni
1118 1193 1174 1225 iila
1187 1193 1273 1225 tietio
1285 1193 1389 1226 veraci
1400 1194 1598 1226 confessione
1613 1194 1776 1226 recesserit
1789 1206 1796 1226 :
1811 1206 1828 1225 n

238 1267 313 1300 quae
332 1255 427 1288 corde
443 1254 477 1287 in
494 1253 618 1287 malitia
633 1256 857 1297 perseverante
870 1277 878 1292 ‚
896 1255 1098 1295 peccatorum
1121 1250 1322 1283 ablutionem
1340 1262 1406 1283 non
1423 1250 1545 1283 sinebat
1564 1250 1647 1284 fieri.
1664 1250 1738 1284 Non
1751 1261 1830 1295 ergo

239 1315 313 1348 ficte
326 1312 488 1346 accedenti
502 1315 630 1356 peccata
644 1310 868 1343 dimittuntur.

283 1371 450 1412 Quaeritur
472 1380 548 1412 ergo
568 1380 634 1413 quo
657 1367 752 1400 modo
777 1367 858 1399 illud
881 1366 1057 1412 accipiatur
1073 1367 1083 1384 ⁶
1110 1379 1117 1398 :
1147 1368 1309 1410 Quotquot
1331 1366 1366 1398 ‘in
1393 1365 1523 1399 Christo
1547 1365 1711 1411 baptizati
1732 1367 1826 1408 estis,

242 1430 412 1465 Christum
427 1427 594 1461 induistis.
620 1427 729 1459 Pon-st
744 1425 828 1466 diei,
855 1425 943 1468 quod
968 1424 1025 1468 qui
1045 1424 1078 1456 in
1101 1424 1248 1466 Christo,
1267 1423 1297 1456 id
1323 1427 1390 1465 est,
1407 1424 1440 1456 in
1463 1424 1582 1456 Christi
1606 1424 1831 1459 conformitate

241 1487 470 1532 baptizantur,
487 1485 513 1517 si
531 1489 564 1517 ut
581 1485 762 1517 moriantur
776 1483 928 1516 vetustati
944 1482 1063 1526 peccati
1080 1484 1103 1523 ¹¹,
1122 1482 1204 1513 sicut
1218 1481 1366 1514 Christus
1381 1481 1532 1514 vetustati
1548 1492 1670 1526 poenae,
1686 1482 1832 1516 induunt

242 1545 406 1579 Christum
422 1546 453 1585 ⁸,
476 1553 574 1587 quem
595 1553 651 1587 per
674 1541 813 1585 gratiam
838 1540 1074 1572 inhabitantem
1099 1539 1230 1572 habent.
1257 1539 1365 1572 Potest
1388 1543 1419 1571 et
1442 1539 1536 1572 aliter
1565 1540 1647 1572 solvi
1671 1552 1678 1572 :
1703 1539 1833 1574 duobus

243 1603 331 1636 enim
346 1601 451 1635 modis
461 1601 626 1634 Christum
643 1599 778 1631 inducre
793 1598 945 1639 dicimur,
962 1599 1013 1629 vet
1029 1597 1249 1640 assumptione
1264 1597 1467 1637 sacramenti,
1488 1596 1537 1629 vel
1552 1597 1599 1629 rei
1615 1597 1829 1642 perceptione.

243 1660 338 1694 Unde
355 1658 562 1702 Augustinus
577 1657 586 1673 ⁹
605 1669 612 1689 z
634 1671 650 1688 α
667 1657 815 1689 Induunt
838 1655 986 1688 homines
1000 1654 1165 1687 Christum
1185 1653 1363 1698 aliquando
1383 1665 1487 1698 usque
1502 1654 1542 1686 ad
1557 1655 1749 1687 sacramenti
1762 1665 1835 1700 per-

243 1717 444 1762 ceptionem,
469 1714 649 1760 aliquando
675 1725 778 1758 usqne
797 1714 837 1746 ad
860 1713 934 1746 vitaz
957 1712 1244 1745 sanctificationem
1263 1724 1269 1743 :
1296 1716 1395 1756 atque
1416 1712 1500 1745 illud
1523 1712 1668 1756 primum
1690 1711 1785 1746 bonis
1805 1717 1837 1746 et

242 1775 337 1809 malis
352 1778 455 1819 potest
470 1785 536 1806 esse
551 1783 738 1812 commune,
756 1771 816 1804 hoe
830 1776 939 1804 autem
955 1776 999 1804 est
1016 1770 1186 1815 proprium
1201 1770 1364 1803 bonorum
1384 1773 1413 1802 et
1429 1770 1571 1814 piorum.
1588 1783 1604 1801 »
1624 1770 1744 1804 Omnes
1758 1781 1836 1814 ergo

241 1833 299 1878 qui
313 1833 348 1865 in
364 1831 483 1866 Christi
499 1830 631 1863 nomine
646 1829 867 1874 baptizantur,
884 1828 1049 1861 Christum
1066 1827 1222 1868 induunt,
1239 1827 1289 1860 vel
1304 1827 1485 1860 secundum
1499 1827 1690 1860 sacramenti
1706 1838 1837 1872 percep-

241 1891 376 1932 tionem,
393 1889 446 1922 vel
460 1887 641 1922 seeundum
659 1887 733 1920 vitae
748 1886 1046 1919 sanctificationem.

1071 2020 1152 2050 niter
1184 2020 1395 2060 recipientes3
1429 2020 1462 2050 in
1494 2019 1631 2050 secunda
1666 2019 1841 2059 specialiter

1072 2075 1226 2113 quantum
1248 2073 1286 2104 ad
1311 2072 1479 2112 parvulos,
1503 2072 1583 2102 infra
1602 2072 1636 2102 in
1656 2071 1720 2102 fine
1743 2071 1841 2112 hujus

1071 2126 1290 2163 distinctionis,
1306 2126 1349 2156 ibi
1363 2136 1369 2156 :
1384 2125 1472 2158 Solet
1486 2126 1584 2158 etiam
1600 2127 1713 2165 quaeri,
1729 2126 1842 2166 sipar-

1071 2180 1155 2212 vatis
1181 2181 1217 2211 in
1241 2178 1397 2218 baptismo
1419 2178 1526 2216 datur,
1553 2180 1611 2209 etc.
1640 2178 1747 2209 Prima
1770 2187 1843 2218 pars

403 2032 642 2065 EXPOSITIO
671 2031 852 2063 TEXTUS.

263 2114 308 2139 Hic
325 2113 460 2138 dicendum
478 2116 515 2137 est
532 2113 629 2143 aliquos
646 2112 775 2142 suscipere
792 2114 992 2142 sacramentum,

461 2150 486 2172 et
499 2155 554 2172 rem
569 2148 732 2177 sacramenti,
750 2149 797 2171 etc.

286 2237 389 2277 Supra
405 2236 471 2275 egit
487 2234 637 2274 Magister
660 2234 697 2265 de
719 2234 876 2274 baptismo
901 2243 1011 2265 secun-

245 2292 319 2322 dum
337 2299 380 2321 se.
399 2288 473 2320 Haee
488 2290 534 2319 est
550 2287 688 2318 secunda
709 2297 780 2327 pars
793 2311 800 2325 ,
819 2287 852 2318 in
866 2297 928 2327 qua
948 2288 1015 2327 agit

244 2344 282 2375 de
297 2343 455 2384 baptismo
466 2342 497 2373 in
509 2341 742 2381 comparatione
757 2341 795 2371 ad
812 2341 996 2380 recipientes
1002 2351 1010 2378 ;

244 2400 275 2429 et
302 2397 442 2429 dividiur
464 2396 533 2427 haee
556 2404 628 2435 pars
661 2394 693 2425 in
722 2394 800 2425 duas
830 2397 943 2434 partes
979 2395 1014 2425 In

244 2451 346 2491 prima
360 2450 428 2490 agit
451 2458 507 2490 per
523 2447 790 2488 comparationem
806 2447 844 2477 ad
867 2456 1011 2478 commu-

278 2515 368 2545 ¹Sap.‚
389 2519 407 2544 ι,
426 2515 450 2537 5.
470 2526 494 2530 —-
517 2513 527 2529 ²
543 2511 610 2542 Gal„
629 2517 668 2540 111,
689 2512 726 2534 27.
746 2523 771 2527 --
792 2511 801 2526 ³
821 2510 921 2538 mimz„
938 2516 1012 2542 xvru,

244 2550 323 2574 242-35.
335 2562 365 2567 —
380 2549 390 2565 ⁴
405 2550 522 2579 August..
540 2547 569 2571 de
588 2547 671 2576 Rape„
689 2546 733 2569 tib.
753 2546 770 2575 t,
785 2553 808 2569 c,
825 2552 872 2571 xii,
889 2553 913 2570 n.
932 2547 968 2576 18,
987 2546 1011 2570 iu

245 2584 334 2614 princ„
350 2586 374 2607 et
388 2585 504 2613 habetur,
521 2583 550 2607 de
569 2583 691 2613 Consecu,
707 2582 763 2605 dist.
782 2587 815 2610 iv,
832 2588 853 2605 c.
871 2581 1014 2604 vvffivzciz'tm»

244 2620 308 2644 illos.
328 2633 358 2638 -
380 2621 390 2638 ὓ
410 2619 484 2651 Ιὸίᾱ.,
506 2622 530 2644 et
554 2619 671 2647 habetur,
696 2617 725 2641 de
750 2618 871 2646 t‘onsecr„
896 2618 953 2641 dist.
976 2624 1011 2647 iv,

1071 2234 1165 2264 habnt
1182 2233 1260 2263 duas
1274 2243 1279 2262 :
1294 2233 1326 2262 in
1342 2232 1444 2272 prima
1460 2232 1608 2271 Magister
1626 2232 1694 2272 agit
1708 2232 1843 2271 (1851·εοί-

1071 2287 1231 2327 pientihus
1245 2287 1496 2322 sacramentum
1513 2285 1545 2316 in
1559 2285 1697 2316 secunda
1711 2285 1749 2316 de
1764 2285 1840 2317 reci-

1071 2340 1231 2380 pientibus
1245 2339 1433 2369 sacramenti
1448 2348 1515 2369 reni
1531 2342 1666 2377 tantum,
1678 2339 1738 2369 ibi:
1756 2338 1840 2370 Sunt

1071 2398 1099 2426 et
1113 2394 1190 2432 ιιίῑῐ,
1209 2398 1243 2425 ιιι
1261 2401 1359 2433 supra
1378 2394 1564 2432 posuimus,
1580 2394 1638 2433 qui
1657 2392 1840 2432 suscipiunt

1073 2456 1144 2485 rem,
1158 2451 1186 2479 et
1200 2455 1261 2478 ηοη
1276 2450 1519 2478 sacramentum.
1539 2446 1643 2476 Prima
1658 2454 1729 2485 pars
1745 2444 1840 2476 habet

1071 2515 1091 2529 c.
1112 2506 1173 2529 Tunc
1188 2506 1277 2529 rutam-e.
1288 2518 1318 2522 -
1335 2502 1421 2533 ζ’(ἳῑιΙ.γ
1438 2510 1476 2528 111.
1491 2505 1530 2527 23.
1546 2517 1575 2521 —
1595 2503 1602 2518 ⁷
1623 2504 1700 2533 Rom„
1722 2508 1757 2533 vi,
1775 2504 1798 2526 2.
1809 2514 1840 2519 —

1070 2542 1080 2558 ⁸
1101 2541 1200 2572 Eplies„
1211 2547 1246 2570 ιν,
1261 2542 1299 2564 24.
1311 2554 1341 2558 --
1359 2540 1370 2556 θ
1385 2542 1459 2570 Aug„
1472 2539 1502 2563 de
1514 2539 1598 2569 Rape„
1612 2539 1654 2562 tib.
1673 2539 1705 2568 V,
1726 2545 1749 2562 c.
1765 2543 1836 2566 xxtV,

1070 2584 1086 2600 n
1110 2578 1147 2600 33.

1102 2618 1149 2646 (aa)
1166 2616 1236 2640 Edit.
1255 2614 1341 2639 Bened.
1355 2614 1464 2639 Christo.
