2017 2948
624 160 717 191 DIST.
740 160 818 191 XVI.
843 160 956 191 PAR'I'.
980 161 1004 191 Ι.

245 230 274 258 4.
292 228 369 258 Item
389 227 543 257 contritus
563 227 646 257 dolet
666 226 704 257 de
723 229 849 266 peccato
864 227 943 258 facto
962 238 969 257 :

204 283 259 311 aut
275 290 353 320 ergo
378 281 453 320 quia
470 280 539 311 vult
556 280 659 319 ipsum
674 290 741 310 esse
766 281 882 310 factum
896 304 903 317 ,
920 282 974 311 aut

204 334 280 373 quia
295 343 361 365 non
375 334 445 364 vult
461 344 467 363 ε
485 333 510 363 si
521 333 594 372 quia
609 333 684 368 vult,
699 342 771 363 cum
787 333 904 363 factum
921 333 971 371 sit,

203 389 279 417 tunc
293 387 398 418 evenit
413 387 496 426 quod
513 386 594 423 vult;
612 386 637 416 si
653 386 727 425 quia
743 395 806 416 non
822 386 901 422 vult,
919 386 972 416 sed

203 440 306 470 omnis
324 440 472 471 voluntas
495 442 542 469 θεῖ
565 439 748 475 indiscreta,
767 447 838 478 quae
854 438 974 478 appetit

203 493 393 532 impossibile
409 517 417 530 ,
440 495 470 522 et
489 492 607 531 refugit
629 491 842 522 necessarium
861 502 867 521 :
894 500 973 529 ergo

202 555 277 577 cum
305 546 452 577 voluntas
483 545 607 576 contriti
636 554 700 575 non
732 545 771 574 sit
799 544 869 574 talis
882 568 891 581 ,
917 553 973 584 pa-

202 601 260 636 tet,
277 601 336 629 etc.

242 654 270 682 5.
289 652 323 683 Si
346 652 429 682 dicas
444 651 529 691 quod
552 660 664 682 verum
688 653 734 681 est
755 651 792 681 de
811 651 973 680 voluntate

201 704 344 735 absoluta
356 729 363 743 ,
380 704 433 735 sed
456 713 519 735 non
538 705 575 734 de
596 704 752 743 velleitate
772 715 778 740 ;
796 706 826 734 et
842 704 912 733 talis
928 705 973 733 est

201 758 366 795 contritio;
383 760 491 788 contra
510 769 515 788 :
539 758 696 788 Contritus
713 757 808 787 habet
829 756 973 786 volunta-

201 812 264 840 tem
279 820 298 840 a
313 811 430 840 virtute
445 812 475 840 et
490 810 591 849 gratia
615 812 654 848 (a)
670 810 873 839 informatam
891 820 897 838 :
917 809 970 839 sed

201 863 303 893 omnis
331 863 401 893 talis
430 863 570 893 consistit.
600 863 633 892 in
668 862 760 902 pleno
790 871 943 892 consensu
963 873 968 892 :

201 924 278 954 ergo
294 916 441 946 voluntas
455 916 579 945 contriti
599 925 661 945 non
682 918 727 946 est
741 915 900 951 velleitas,
919 915 972 945 sed

201 968 294 1008 plena
324 968 471 999 voluntas
494 979 499 998 ;
536 970 566 998 θῖ
590 968 634 998 ita
657 968 745 998 nulla
770 970 816 998 est
839 968 897 997 ista
922 976 972 997 re-

200 1021 334 1060 sponsio.

239 1077 268 1105 6.
287 1074 365 1104 Item
381 1074 485 1105 differt
500 1074 605 1111 dolor,
623 1076 653 1105 et
668 1074 777 1111 timor,
796 1073 870 1112 quia
884 1073 972 1104 dolor

199 1129 245 1157 est
259 1127 381 1157 affectio
396 1127 433 1157 de
458 1127 606 1166 praesenti
623 1127 722 1164 malo,
743 1127 796 1157 sed
818 1127 911 1157 timor
934 1127 971 1157 de

198 1180 304 1211 futuro
321 1192 327 1210 z
345 1181 398 1211 sed
414 1184 577 1220 peccatum
593 1183 637 1211 est
654 1181 849 1220 praeteritum
864 1205 871 1217 ,,
889 1182 919 1210 θῖ
934 1181 971 1210 de

197 1242 234 1263 eo
249 1236 294 1263 est
309 1234 453 1264 contritio
467 1245 472 1263 :
491 1243 570 1272 ergo
584 1243 647 1264 non
664 1236 709 1264 est
722 1234 822 1264 dolor.
838 1234 870 1265 Si
886 1234 971 1264 dicas

197 1287 283 1327 quod
299 1296 362 1317 non
387 1290 433 1318 est
454 1297 593 1326 praesens
607 1288 780 1318 secundum
798 1288 945 1318 effectum
961 1312 968 1325 ,

198 1340 251 1371 sed
267 1340 442 1371 secundum
459 1343 639 1380 aspectum
666 1341 809 1371 similiter
833 1343 863 1371 et
884 1342 970 1371 futu-

197 1402 269 1424 rum
285 1396 330 1424 est
344 1403 484 1434 praesens
499 1394 674 1425 secundum
687 1398 847 1434 aspectum
866 1406 872 1425 :
890 1404 970 1433 ergo

197 1447 277 1477 sicut
297 1450 343 1478 est
367 1448 454 1478 dolor
476 1448 513 1478 de
542 1448 719 1487 praeterito,
746 1448 790 1478 ita
812 1448 906 1478 etiam
932 1448 970 1479 de

197 1500 316 1531 futuro.

238 1555 266 1583 7.
292 1552 367 1583 Item
392 1562 465 1584 cum
484 1553 630 1583 contritio
653 1553 692 1583 sit
711 1553 814 1591 dolor,
834 1555 869 1583 ut
892 1554 970 1593 quid

197 1606 302 1645 magis
331 1606 557 1637 denominatur
582 1606 710 1637 nomine
739 1606 935 1637 contritionis
959 1630 967 1644 ‚

197 1667 294 1699 quam
309 1658 445 1690 doloris?

465 1770 693 1802 CONCLUSIO.

195 1858 325 1885 Contritz'o
344 1859 381 1884 est
398 1857 473 1884 dolor
482 1864 532 1891 per
546 1858 700 1889 essentiam,
716 1858 839 1884 sumendo
852 1858 967 1886 dolorem

228 1909 276 1937 pro
303 1902 421 1929 dissensu
444 1902 611 1935 voluntatis,
636 1909 688 1928 non
713 1910 764 1937 pro
786 1903 910 1937 passione
936 1905 967 1930 τη

224 1953 309 1973 sensu.

233 2033 323 2073 Resp.
341 2032 379 2063 ad
395 2041 468 2071 arg.
486 2032 659 2063 Dicendum
674 2033 780 2072 quod,
798 2033 878 2064 sicut
891 2043 966 2074 pec-

193 2088 298 2117 catum
329 2088 526 2125 perpetratur
554 2095 609 2125 per
643 2095 853 2125 consensum,
880 2088 924 2118 sic
949 2097 966 2119 e

193 2141 302 2170 contra
319 2139 441 2169 deletur
462 2141 491 2169 et
514 2139 688 2169 destruitur
711 2149 768 2179 per
787 2140 965 2171 dissensum

194 2192 365 2222 voluntatis
385 2192 548 2222 rationalis
565 2202 572 2222 :
596 2194 626 2222 et
649 2192 725 2232 quia
744 2193 903 2224 dissensus
926 2194 965 2224 ab

194 2254 231 2276 ea
245 2254 296 2282 re,
313 2254 407 2284 quani
424 2245 614 2284 impossibile
627 2248 673 2276 est
689 2255 752 2276 non
768 2256 847 2285 esse,
866 2256 964 2286 genc—

194 2301 243 2329 rat
264 2298 403 2329 dolorem
418 2322 426 2335 ,
445 2299 525 2328 sicut
545 2298 618 2328 dicit
639 2298 839 2337 Augustinus
854 2304 879 2338 ¹3
897 2301 966 2331 ideo

194 2352 378 2388 dicendum,
395 2352 478 2390 quod
502 2351 648 2381 contritio
669 2354 714 2382 est
737 2352 825 2383 dolor
844 2362 900 2392 per
915 2363 964 2384 es-

196 2405 340 2435 sentiam.
358 2404 418 2435 Sed
440 2404 667 2435 attendendum
679 2428 688 2442 ,
706 2405 791 2444 quod
815 2406 903 2437 dolor
917 2407 963 2437 ‹li-

195 2458 277 2488 citur
293 2458 458 2497 dupliciter
475 2468 482 2487 z
502 2466 566 2487 uno
589 2458 682 2488 modo
695 2481 702 2494 ‚
720 2458 785 2497 ipse
807 2459 966 2491 dissensus

78 2523 181 2549 Explicat.
196 2511 384 2547 voluntatis;
406 2510 467 2540 alio
493 2510 606 2549 modo,
623 2510 725 2550 passio
749 2511 906 2543 resultans
932 2513 963 2543 in

229 2593 233 2605 ¹
255 2592 327 2622 Aug„
348 2590 379 2614 (Ie
402 2590 479 2615 civit.
501 2591 561 2620 Dei,
579 2590 622 2614 lib.
645 2591 711 2621 XIV,
737 2598 758 2615 c.
783 2597 825 2622 κν,
848 2599 874 2616 n.
896 2594 918 2616 2.
937 2607 966 2612 ..-

196 2625 206 2640 ¹
217 2626 301 2657 Prov.‚
316 2632 374 2657 ¹111,
387 2627 409 2650 4.

1027 159 1116 191 ΛΒΤ.
1142 160 1164 190 Ι.
1189 159 1336 197 QUAEST.
1363 161 1383 191 1.
1738 162 1796 192 629

1028 226 1215 257 sentientem
1229 250 1235 264 ,
1252 227 1302 257 vel
1320 227 1555 258 sensualitatem
1570 252 1578 265 ‚
1599 237 1640 258 ex
1657 228 1711 259 illo
1732 228 1794 259 dis-

1027 289 1122 309 sensu
1134 303 1141 315 ,
1158 288 1214 318 per
1229 288 1326 319 quam
1345 280 1522 319 prorumpit
1534 280 1630 311 homo
1644 281 1677 311 in
1692 280 1796 320 lacry-

1028 342 1096 362 mas
1115 344 1121 361 :
1138 334 1168 362 et
1183 332 1234 363 ille
1247 332 1405 362 dissensus
1420 335 1466 362 est
1480 333 1517 362 de
1530 333 1664 363 essentia
1677 333 1794 364 contri-

1028 387 1121 416 tionis
1134 398 1141 424 ;
1158 387 1209 417 sed
1226 386 1279 416 illa
1294 386 1397 426 passio
1411 388 1456 416 est
1470 386 1598 416 effectus
1613 387 1693 426 ejus.

1068 443 1081 469 1
1100 442 1130 470 et
1144 442 1172 470 2.
1192 439 1280 476 Quod
1295 448 1373 478 ergo
1397 438 1546 478 objicitur
1557 463 1564 476 ‚
1581 439 1664 477 quod
1684 439 1724 470 sit
1740 449 1796 479 pu·

1027 492 1084 523 dor
1102 494 1132 522 et
1158 492 1329 531 gaudium,
1347 492 1427 522 sicut
1448 494 1477 522 et
1499 491 1605 529 dolor,
1626 492 1795 523 dicendum

1027 545 1111 584 quod
1126 545 1228 584 pudor
1239 545 1440 584 consequitur
1450 545 1488 575 ad
1498 545 1589 575 illum
1605 545 1793 582 dissensum,

1027 598 1201 628 secundum
1216 598 1300 637 quod
1316 598 1456 628 dissentit
1473 608 1491 628 a
1507 600 1631 638 peccato
1644 600 1796 638 tanquam

1027 660 1045 681 a
1059 652 1154 691 turpi.
1172 652 1378 691 Consequitur
1391 652 1486 682 etiam
1501 652 1668 690 gaudium,
1685 661 1796 682 secun-

1027 703 1103 733 dum
1119 705 1203 743 quod
1217 714 1255 734 ex
1274 704 1326 735 illo
1340 705 1482 735 dissensu
1496 705 1590 735 sentit
1604 714 1636 735 se
1651 705 1795 744 elongari

1027 766 1045 786 a
1070 759 1214 796 peccato,
1231 758 1442 788 immediatins
1462 760 1568 789 autem
1593 759 1796 797 consequitur

1027 810 1147 849 passio,
1164 819 1234 849 quae
1253 813 1297 841 est
1323 811 1419 841 dolor.
1440 810 1519 841 Nam
1548 811 1614 850 ipse
1634 811 1796 841 dissensus

1027 863 1198 893 vehemens
1208 873 1226 893 a
1239 873 1271 893 re
1286 873 1383 903 quam
1394 864 1545 894 nolumus
1557 873 1634 901 esse,
1645 866 1675 894 et
1689 866 1795 894 tamen

1027 918 1088 953 est,
1103 916 1283 946 immediate
1303 917 1442 946 dolorem
1467 919 1618 955 generat,
1636 917 1711 956 quia
1731 916 1793 947 dis-

1027 978 1161 1005 sensus;
1187 969 1241 999 sed
1261 970 1336 1008 quia
1354 979 1373 999 a
1396 970 1481 1008 turpi
1500 993 1508 1006 ,
1536 971 1669 1007 generat
1696 969 1796 1008 pudo-

1027 1029 1094 1050 rem
1107 1032 1114 1058 3
1131 1023 1161 1051 et
1176 1022 1250 1060 quia
1265 1022 1304 1051 ab
1318 1021 1371 1052 illo
1386 1022 1532 1060 elongat,
1552 1022 1720 1061 gaudium.

1067 1077 1095 1104 3.
1111 1074 1159 1104 Ad
1173 1074 1249 1104 illud
1265 1075 1350 1114 quod
1364 1075 1522 1114 objicitur,
1533 1075 1617 1114 quod
1632 1077 1795 1114 peccatum

1026 1127 1115 1157 nobis
1142 1127 1321 1157 volentibus
1343 1128 1460 1158 accedit
1475 1152 1482 1165 ,
1514 1128 1681 1158 dicendum
1711 1128 1795 1167 quod

1026 1182 1185 1219 peccatum
1208 1183 1254 1211 est
1279 1181 1313 1220 (b)
1332 1181 1549 1211 voluntarium
1570 1181 1674 1220 quoad
1698 1181 1796 1212 delec-

1026 1235 1191 1272 tationem,
1209 1236 1261 1265 sed
1280 1245 1342 1266 non
1357 1235 1573 1266 voluntarium
1589 1236 1710 1266 ratione
1725 1245 1793 1266 ma-

1025 1288 1110 1325 litia),
1124 1291 1154 1319 et
1166 1289 1382 1327 deformitatis,
1394 1291 1423 1319 et
1439 1298 1552 1328 poenae.
1564 1288 1623 1319 Sed
1638 1289 1716 1319 illud
1732 1297 1795 1319 non

1026 1342 1133 1380 solvit,
1151 1342 1224 1381 quia
1248 1342 1335 1372 dolor
1350 1351 1414 1372 non
1436 1344 1561 1372 tantum
1576 1344 1622 1372 cst
1636 1342 1674 1372 de
1690 1341 1792 1372 defor-

1026 1396 1149 1433 mitate7
1169 1396 1232 1426 imo
1257 1396 1350 1425 etiam
1371 1395 1408 1425 de
1429 1395 1643 1426 delectatione.
1660 1394 1732 1425 Ideo
1747 1395 1793 1425 di·

1025 1449 1176 1486 cendum,
1194 1449 1279 1488 quod
1304 1449 1342 1478 ad
1365 1448 1425 1478 hoc
1446 1448 1529 1488 quod
1544 1448 1666 1484 doleat,
1680 1448 1796 1479 sufficit

1025 1503 1108 1542 quod
1132 1503 1209 1533 illud
1238 1503 1275 1532 de
1304 1511 1367 1541 qno
1392 1502 1499 1538 dolet,
1522 1501 1560 1531 sit
1584 1501 1716 1531 nolitum
1738 1510 1794 1540 pro

1024 1558 1165 1595 tempore
1188 1555 1219 1584 in
1241 1564 1305 1594 quo
1327 1554 1428 1591 dolet3
1445 1556 1475 1584 et
1494 1563 1556 1584 non
1573 1556 1695 1593 oportet
1710 1554 1794 1593 quod

1025 1618 1082 1647 pro
1103 1608 1190 1638 omni
1213 1609 1366 1646 tempore.
1384 1606 1421 1637 Et
1442 1606 1526 1646 quod
1549 1606 1582 1636 in
1599 1606 1793 1638 contrarium

1024 1661 1167 1698 adducit,
1185 1660 1268 1700 quod
1285 1660 1446 1690 dissensus
1464 1669 1482 1690 a
1496 1668 1530 1689 re
1545 1659 1793 1691 disconvenienti

1024 1716 1154 1753 generat
1182 1713 1357 1752 gaudium,
1382 1721 1496 1742 verum
1524 1715 1571 1743 est
1594 1713 1720 1752 quando
1747 1715 1794 1743 est

1023 1770 1147 1797 tantum
1169 1766 1348 1804 dissensus,
1366 1768 1499 1805 utputa,
1521 1775 1594 1796 cum
1620 1766 1738 1806 refugit
1752 1775 1793 1797 ne

1023 1820 1115 1850 faciat
1144 1821 1306 1859 peccatum
1323 1843 1330 1856 ‚
1352 1828 1414 1849 non
1439 1819 1546 1856 dolet,
1573 1819 1625 1850 sed
1650 1819 1792 1859 gaudet:

1023 1874 1075 1904 sed
1090 1873 1216 1913 quando
1231 1875 1277 1903 est
1290 1872 1448 1903 dissensus
1462 1881 1534 1903 cum
1550 1873 1772 1912 conjunctione
1783 1896 1791 1911 ,

1022 1929 1098 1958 tune
1110 1928 1157 1957 est
1171 1926 1279 1957 dolor:
1298 1928 1328 1957 et
1343 1927 1386 1957 ita
1399 1928 1445 1956 est
1459 1926 1492 1956 in
1506 1926 1703 1965 contritione,
1717 1927 1793 1968 quia

1022 1981 1119 2012 nollet
1142 1989 1306 2020 peccasse,
1332 1982 1364 2011 et
1388 1982 1495 2011 tamen
1518 1980 1731 2011 necessarium
1746 1982 1793 2012 est

1021 2034 1125 2074 ipsum
1138 2042 1290 2073 peccasse.

1062 2090 1090 2117 li.
1107 2087 1154 2117 Ad
1168 2086 1246 2116 illud
1262 2086 1347 2126 quod
1361 2086 1520 2126 objicitur,
1538 2086 1620 2125 quod
1637 2088 1793 2118 contritus

1022 2140 1090 2172 vult
1114 2140 1318 2179 impossibile,
1334 2139 1506 2171 [dicendum
1530 2140 1614 2179 quod
1635 2140 1791 2172 velteitate

1022 2195 1110 2232 vult,
1129 2203 1191 2223 non
1218 2193 1377 2224 voluntate
1399 2193 1561 2230 absoluta;
1583 2193 1663 2223 sicut
1677 2193 1792 2232 aliquis

1022 2257 1061 2277 ex
1085 2247 1199 2286 pietate
1223 2247 1260 2276 de
1284 2246 1357 2285 illo,
1379 2247 1432 2286 qni
1449 2247 1595 2277 mortuus
1614 2248 1682 2285 est,
1699 2245 1793 2277 vellet

1022 2300 1106 2341 quod
1121 2300 1252 2331 viveret.

1063 2356 1091 2384 5.
1110 2353 1145 2383 Et
1167 2353 1251 2392 quod
1276 2352 1441 2392 objicitur,
1457 2353 1541 2392 quod
1563 2352 1664 2383 virtus
1689 2354 1736 2383 est
1758 2352 1792 2383 in

1023 2406 1114 2446 pleno
1139 2415 1293 2436 consensu
1306 2430 1313 2443 ‚
1330 2405 1497 2436 dicendum
1522 2405 1607 2445 quod
1621 2414 1792 2436 consensus

1022 2459 1214 2499 semiplenus
1230 2461 1284 2489 aut
1299 2460 1345 2489 est
1366 2460 1493 2498 propter
1507 2458 1662 2489 defectum
1673 2458 1790 2490 volun-

1023 2513 1106 2551 tatis,
1124 2512 1206 2542 sicut
1219 2514 1229 2530 ²
1244 2513 1334 2552 piger
1350 2512 1419 2543 vult
1437 2514 1466 2543 et
1486 2519 1549 2543 non
1569 2512 1660 2547 vum·
1675 2513 1705 2543 et
1721 2511 1792 2543 talis

1022 2567 1162 2597 velleitas
1183 2575 1247 2597 non
1266 2567 1313 2596 est
1337 2565 1465 2605 gratiae,
1482 2565 1532 2596 sed
1558 2565 1697 2605 pigritiae
1711 2575 1719 2602 ;
1735 2567 1791 2596 aut

1055 2628 1087 2659 (a)
1102 2628 1161 2652 Coet.
1173 2628 1232 2652 edit.
1246 2627 1393 2658 gratiam-
1406 2627 1441 2658 (b)
1457 2627 1528 2652 Edit.
1545 2627 1602 2651 Ven.
1618 2633 1670 2652 nou
1687 2628 1733 2652 eut.
