2017 2948
95 496 128 517 Ad
144 502 195 522 opp,

212 167 251 198 48

210 233 391 265 ordinantes
405 230 443 261 ad
458 229 644 270 proximum
659 229 690 259 et
703 228 742 259 ad
755 228 895 268 seipsum
909 226 982 258 :sed

210 287 342 317 virtutes
370 284 550 315 ordinantes
575 282 614 312 ad
638 282 737 312 Deum
764 282 837 312 sunt
865 280 982 311 theolo-

210 340 305 378 gicam
322 337 505 368 ordinantes
520 336 557 366 ad
567 345 599 365 se
612 336 642 365 et
656 335 694 364 ad
709 334 891 374 proximum
907 335 981 363 sunt

210 391 382 422 cardinales
405 402 411 421 :
440 399 517 429 ergo
547 389 679 419 virtutes
706 387 880 418 cardinales
908 388 982 416 sunt

210 445 405 474 necessariae.

251 496 309 528 Sed
325 501 453 527 contra:
473 498 501 525 1.
522 498 528 513 ¹
549 494 608 529 Qut
623 493 931 532 (lili51i2117·0oei77211711
945 491 984 521 le-

211 558 279 590 qem
300 550 443 588 implevit
457 560 468 579 ,·
482 548 534 578 sed
551 547 607 586 qui
628 546 732 585 legem
756 545 873 585 implet,
889 544 984 574 habet

211 612 305 634 omne
320 602 394 632 illud
411 601 495 641 quod
514 600 570 630 sihi
590 599 804 630 necessarium
819 600 865 627 est
879 597 917 627 ad
932 606 983 626 sa-

214 656 314 686 lutem
331 666 337 686 z
355 664 432 693 ergo
453 654 507 693 qui
525 653 620 683 habet
635 651 830 687 charitatem,
853 658 917 680 non
934 649 984 679 in-

213 710 300 748 diget
321 709 380 739 alia
398 708 512 737 virtute
534 706 571 736 ad
594 705 778 745 proximum
797 703 980 734 ordinante:

212 762 325 792 habitis
348 770 426 799 ergo
445 759 618 790 virtutibus
633 747 832 795 theologicis,
858 755 984 786 videtur

211 814 294 853 quod
321 813 517 852 superfluant
547 810 721 841 cardinales
747 809 895 846 virtutes,
926 817 985 838 nec

211 867 273 896 sint
288 865 482 896 necessariae.

251 921 281 950 2.
306 919 393 956 Item,
416 918 551 948 virtutes
569 918 644 946 sunt
667 915 853 946 necessariae
871 914 985 954 princi·

212 974 323 1014 paliter
346 974 385 1004 ad
412 972 624 1003 ordinandum
649 971 765 1002 animae
789 970 981 1008 affectiones,

212 1027 387 1058 secundum
409 1026 493 1066 quod
516 1025 590 1055 dicit
611 1024 834 1063 Augustinus¹
852 1024 883 1053 in
903 1022 985 1053 libro

213 1080 251 1112 (te
268 1080 395 1119 Spiritu
411 1083 440 1111 et
458 1079 574 1111 Anima
590 1089 596 1108 ι
612 1078 667 1109 sed
682 1077 826 1108 omnium
845 1076 985 1107 affectio-

211 1143 290 1164 num
315 1133 506 1173 principium
523 1134 569 1162 est
590 1140 690 1169 amor,
709 1130 884 1161 secundum
901 1129 986 1169 quod

212 1187 326 1217 dicitur
352 1187 384 1216 in
410 1185 476 1216 XIV
496 1186 533 1216 cle
555 1186 692 1217 Civicate
713 1185 769 1215 Dei
787 1195 793 1214 :
809 1192 883 1214 cum
906 1191 985 1221 ergo

212 1239 347 1270 charitas
369 1239 561 1269 sufficienter
575 1238 700 1269 ordinat
719 1246 872 1274 amorem,
892 1236 984 1267 vide-

212 1295 263 1322 tur
285 1292 370 1332 quod
389 1292 445 1331 qui
464 1292 560 1321 habet
576 1290 797 1321 rectitudinem
813 1289 984 1326 charitatiS,

212 1355 275 1376 non
298 1346 420 1384 indiget
439 1344 628 1375 rectitudine
642 1343 772 1374 alterius
786 1342 924 1373 virtutis.

255 1401 283 1429 3.
310 1398 397 1436 Item,
426 1398 560 1428 virtutes
587 1398 662 1426 sunt
687 1396 725 1425 ad
748 1394 987 1426 reformandum

216 1452 371 1492 potentias
394 1453 509 1481 animae
529 1461 534 1480 :
553 1449 605 1480 sed
628 1448 777 1489 potentiae
801 1448 917 1478 animae
941 1456 988 1477 re-

217 1506 395 1536 formantur
410 1513 465 1544 per
482 1503 632 1542 gratiam,
644 1504 674 1532 et
685 1504 746 1532 tres
757 1501 890 1531 virtutes
902 1500 989 1530 theo-

218 1558 347 1597 logicas,
372 1559 403 1588 in
426 1558 543 1597 quibus
566 1556 739 1587 attenditur
759 1555 867 1593 imago
889 1553 987 1584 refor-

219 1612 367 1643 mationis
389 1621 444 1651 per
470 1611 628 1650 gratiam:
645 1618 722 1648 ergo
745 1608 881 1644 videtur,
904 1605 989 1646 quod

219 1667 279 1698 illis
299 1666 424 1704 habitis,
441 1666 529 1696 nulla
543 1666 584 1695 sit
598 1664 775 1702 necessitas,
791 1662 842 1694 vel
860 1662 988 1699 utilitas,

220 1720 385 1751 cardinalis
399 1720 536 1750 virtutis.

259 1776 290 1805 4.
316 1773 393 1804 Item
416 1773 552 1804 virtutes
576 1774 650 1802 sunt
672 1771 712 1802 ad
734 1768 938 1808 dirigendum
958 1768 991 1798 in

221 1827 395 1857 actionibus
423 1828 453 1856 et
482 1824 682 1865 passionibus
704 1832 713 1854 ε
737 1822 790 1853 sed
817 1830 873 1861 per
895 1821 991 1851 fidem

221 1879 412 1911 sufficienter
428 1878 582 1917 dirigitur
597 1876 774 1907 intellectus
783 1899 793 1913 ,
807 1877 838 1905 et
851 1883 908 1914 per
921 1874 993 1905 cha-

222 1933 345 1963 ritatem
360 1931 513 1969 dirigitur
536 1930 667 1961 affectus
689 1940 696 1959 :
720 1937 800 1967 ergo
820 1926 992 1958 virtutibus

222 1985 407 2023 theologicis
422 1984 539 2015 habitis
549 2008 557 2021 ,
574 1983 700 2013 videtur
715 1981 799 2021 quod
819 1979 994 2012 cardinales

223 2038 429 2078 superfluant.

494 2108 718 2141 CONCLUSIO.

225 2197 271 2224 Act
284 2195 447 2229 vigoranclas
466 2195 602 2229 potentias
616 2194 714 2219 (mimoe
734 2194 826 2218 contra
850 2191 995 2224 difficulta-

259 2243 310 2267 tcm
325 2242 348 2266 ct
363 2238 548 2273 recti'ficamlas
564 2240 656 2263 contra
671 2237 873 2270 obliquitatem,
900 2242 996 2262 necesse

260 2287 310 2319 est,
324 2286 424 2319 preater
439 2283 612 2316 theologicas,
626 2282 707 2308 etiam
722 2280 873 2307 cardinales
884 2281 996 2306 virtutes

256 2336 364 2362 ponere.

265 2407 358 2448 Resp.
382 2407 420 2437 ad
442 2415 513 2445 arg.
537 2405 627 2443 Quod
648 2403 806 2443 generalis
829 2403 998 2433 necessitas

227 2460 384 2491 virtutum
397 2461 443 2489 est
456 2459 495 2489 ad
510 2457 747 2489 rectificandum
763 2456 917 2496 potentias
931 2456 998 2486 ani-

228 2521 290 2544 mae
305 2515 413 2544 contra
428 2511 651 2551 obliquitatem
662 2533 670 2548 ‚
685 2511 716 2540 et
728 2509 767 2539 ad
783 2508 996 2548 vigorandum

228 2568 337 2597 contra
355 2566 570 2597 difficultatem
587 2575 595 2594 :
612 2564 714 2595 virtus
736 2563 822 2594 enim
843 2563 914 2592 facit
939 2572 995 2602 po-

262 2632 270 2648 ¹
284 2631 361 2661 Rom,
381 2637 439 2660 xni,
455 2632 515 2653 8.-
525 2631 534 2647 ²³
550 2631 602 2653 imo
617 2631 716 2653 auctor,
731 2627 883 2657 quicumqui¹
898 2626 938 2650 ille
953 2629 998 2657 sit,

765 158 1077 192 SENTENTIARUM
1100 159 1172 190 LIB.
1196 159 1248 190 111.

1036 227 1167 257 tentiam
1183 229 1301 257 rectam
1324 228 1355 258 et
1374 227 1569 266 vigorosam.
1595 225 1634 258 Et
1654 227 1806 266 quoniam

1036 280 1189 310 convenit
1203 279 1366 310 hominem
1383 280 1521 311 ordinari
1536 279 1574 310 ad
1589 279 1689 310 Deum
1700 303 1710 317 ,
1730 288 1805 310 con·

1039 333 1124 363 venit
1165 333 1371 364 nihilominus
1406 334 1568 364 hominem
1602 332 1740 363 ordinari
1768 331 1808 362 ad

1039 386 1224 425 proximum
1240 389 1269 416 ct
1285 388 1440 426 scipsnnu
1459 390 1488 417 et
1504 387 1534 416 in
1549 386 1600 416 his
1614 385 1731 416 eisdem
1749 393 1808 425 po-

1040 441 1099 468 tvsi
1124 439 1281 478 obliquari
1306 442 1337 470 et
1359 440 1525 480 impediri,
1551 439 1617 470 sive
1639 437 1806 475 retardari;

1039 491 1114 521 liinc
1127 492 1273 531 estquod
1296 502 1360 523 non
1382 493 1485 523 solum
1510 492 1630 530 indiget
1650 490 1810 521 habitibus

1040 544 1145 584 ipsum
1160 546 1190 575 vi
1196 546 1386 584 goi-antibus
1397 550 1427 576 et
1442 544 1700 582 rectificantibus,
1716 544 1811 582 prout

1039 597 1155 628 directe
1170 599 1269 629 tondit
1284 599 1317 629 in
1333 599 1432 629 Deum
1443 623 1451 637 ,
1467 597 1644 638 cujusmodi
1660 599 1734 628 sunt
1752 596 1809 626 ha-

1040 651 1124 681 bitus
1151 651 1306 681 virtutum
1330 651 1606 689 theologicarum,
1631 650 1686 680 sed
1713 649 1810 680 etiam

1040 704 1161 742 indiget
1173 704 1336 734 habitibus
1348 704 1453 744 ipsum
1469 702 1690 743 reguiantibus
1703 704 1734 733 et
1747 711 1812 732 rec-

1042 757 1252 794 titieaniilius,
1273 758 1366 796 prout
1381 756 1546 787 ordinatur
1560 756 1599 786 ad
1621 755 1759 795 seipsum
1781 756 1812 785 et

1040 810 1078 840 ad
1095 810 1291 849 proximum.
1310 809 1348 841 Et
1364 810 1440 840 tales
1465 811 1541 840 sunt
1561 808 1688 840 habitus
1708 808 1811 839 virtu-

1040 866 1108 893 tum
1125 863 1346 894 cardinalium.
1364 862 1469 901 Unde,
1487 863 1568 893 sicut
1590 864 1704 902 praeter
1727 869 1811 902 prae-

1039 918 1129 955 cepta
1149 917 1261 955 primae
1278 916 1411 954 tabulae,
1435 925 1508 956 quae
1528 916 1644 946 directe
1665 914 1813 946 ordinant

1039 970 1073 1000 in
1087 969 1201 1007 Deum,
1219 972 1433 1009 opportunum
1449 969 1506 1000 fuit
1520 977 1638 1008 ponere
1652 969 1812 1008 praecepta

1040 1022 1187 1053 secundaz
1212 1022 1346 1060 tabuiae,
1373 1031 1445 1062 quae
1467 1022 1617 1054 ordinant
1633 1021 1673 1052 ad
1699 1021 1812 1061 proxi-

1040 1085 1130 1107 mum
1148 1087 1154 1106 :
1173 1077 1215 1106 sie
1231 1077 1326 1106 etiam
1341 1077 1374 1106 111
1390 1076 1551 1107 habitibus
1568 1078 1615 1106 est
1629 1075 1809 1114 intelligen-

1040 1130 1128 1160 dum.
1141 1129 1178 1160 lit
1192 1132 1356 1169 propterea
1364 1153 1373 1167 ,
1389 1131 1504 1169 praeter
1515 1129 1643 1159 habitus
1655 1129 1812 1160 virtutum

1040 1183 1310 1221 theologicarum,
1333 1182 1546 1213 necessarium
1563 1184 1608 1212 est
1623 1182 1662 1213 ad
1677 1182 1812 1213 salutem

1041 1245 1158 1276 ponere
1174 1236 1303 1266 habitus
1318 1235 1474 1266 virtutum
1491 1235 1716 1274 cardinalium,
1733 1235 1814 1266 sicut

1042 1290 1180 1320 rationes
1199 1289 1237 1319 ad
1254 1289 1389 1328 prImam
1407 1292 1528 1328 partem
1551 1289 1687 1320 inductae
1707 1290 1812 1320 osten-

1041 1343 1135 1380 dunt,
1154 1344 1184 1372 et
1198 1341 1406 1373 concedendae
1421 1344 1514 1379 sunt,
1532 1342 1684 1381 quoniam
1699 1350 1813 1373 verum

1042 1395 1244 1427 concludunt.

1084 1453 1111 1480 1.
1131 1450 1178 1480 Ad
1194 1449 1269 1480 illud
1286 1458 1362 1481 vero
1382 1449 1467 1489 quod
1487 1448 1591 1488 primo
1608 1447 1757 1488 objicitur
1780 1448 1814 1479 in

1043 1503 1249 1540 contrarium,
1262 1502 1346 1541 quod
1360 1502 1411 1532 ille
1424 1501 1480 1541 qui
1493 1501 1600 1540 diligit
1614 1501 1812 1540 proximum.

1042 1556 1150 1595 legem
1174 1555 1300 1595 implet,
1323 1554 1542 1594 respondetur,
1567 1554 1652 1593 quod
1672 1554 1733 1584 hoc
1751 1562 1815 1585 non

1044 1609 1158 1640 dicitur
1191 1611 1318 1649 propter
1345 1608 1405 1638 hoc
1435 1608 1519 1648 quod
1544 1607 1675 1647 implere
1705 1607 1812 1646 legem

1045 1663 1085 1692 sit
1100 1663 1198 1702 ipsius
1211 1662 1385 1693 dilectionis
1400 1663 1523 1691 tantum
1538 1661 1660 1691 ratione
1675 1660 1740 1698 sui3
1758 1660 1812 1691 sed

1044 1715 1104 1746 hoc
1124 1718 1171 1746 est
1188 1714 1274 1754 quod
1294 1714 1391 1744 hahet
1411 1713 1489 1744 alios
1506 1713 1635 1744 habitus
1658 1721 1814 1752 annexos,

1045 1768 1102 1808 qui
1117 1768 1156 1799 ad
1171 1768 1271 1808 ipsius
1288 1766 1464 1798 dilectionis
1486 1769 1517 1797 et
1540 1766 1700 1797 charitatis
1718 1766 1817 1806 impe-

1045 1822 1129 1852 rium
1143 1821 1281 1861 quodam
1297 1820 1390 1851 modo
1406 1820 1483 1851 moti
1497 1820 1642 1859 dirigunt
1655 1822 1685 1850 et
1699 1819 1812 1850 habili—

1046 1876 1115 1906 tant
1129 1874 1168 1905 ad
1182 1873 1379 1904 observanda
1393 1882 1490 1913 opera
1516 1873 1757 1912 mandatorum,
1780 1874 1819 1903 si·

1049 1930 1103 1958 cut
1117 1927 1301 1958 mandatum
1320 1927 1357 1957 de
1378 1935 1442 1957 non
1466 1926 1648 1957 fornicando
1669 1926 1818 1958 observat

1048 1978 1120 2018 quis
1137 1987 1193 2018 per
1209 1978 1382 2008 castitatem
1399 1976 1533 2008 elicitive
1545 2000 1553 2014 ‚
1570 1977 1624 2008 sed
1639 1986 1696 2017 per
1717 1977 1819 2008 chari-

1049 2034 1147 2062 tatem
1162 2031 1349 2070 imperative
1362 2041 1368 2060 :
1386 2030 1445 2061 hoc
1461 2032 1567 2060 autem
1582 2030 1725 2061 attribuit
1735 2029 1820 2070 Apo—

1049 2085 1147 2115 stolus
1161 2084 1318 2114 dilectioni
1341 2085 1372 2113 et
1391 2082 1555 2120 charitati,
1576 2083 1728 2122 quoniam
1752 2083 1820 2123 ipsa

1049 2139 1097 2167 est
1112 2139 1223 2174 mater,
1241 2137 1343 2166 forma
1357 2137 1388 2166 et
1402 2135 1474 2165 finis
1490 2135 1635 2165 omnium
1648 2135 1817 2174 virtutum,

1049 2190 1129 2220 sicut
1143 2188 1288 2228 superius
1304 2188 1313 2204 ³
1329 2191 1446 2219 tactum
1462 2188 1532 2226 suit,
1553 2191 1584 2218 et
1604 2188 1638 2218 in
1659 2189 1819 2229 sequenti-

1050 2244 1110 2275 bus
1126 2247 1135 2262 ⁴
1151 2252 1209 2273 suo
1225 2242 1293 2273 loco
1310 2242 1423 2273 melius
1438 2242 1671 2282 explanabitur.

1092 2299 1122 2328 9..
1138 2296 1186 2327 Ad
1198 2295 1277 2326 illud
1291 2295 1376 2334 quod
1390 2295 1549 2335 objicitur,
1566 2296 1650 2335 quod
1661 2296 1765 2327 omnis
1779 2297 1822 2327 at·—

1051 2350 1142 2381 fectio
1164 2351 1270 2380 ortum
1290 2347 1385 2378 habet
1403 2348 1443 2378 ab
1463 2358 1588 2387 amore,
1612 2349 1821 2389 respondetur

1051 2404 1135 2445 quod
1161 2403 1219 2433 etsi
1239 2401 1343 2432 omnis
1366 2401 1488 2432 affectio
1512 2405 1618 2432 ortum
1643 2402 1757 2433 habeat
1781 2402 1821 2433 ab

1052 2465 1161 2488 amore
1176 2458 1329 2494 tanquam
1342 2464 1383 2485 ex
1399 2454 1563 2486 affectione
1586 2455 1753 2495 principaii
1769 2456 1819 2495 ip-

1052 2509 1118 2538 sius
1132 2507 1264 2544 animae,
1281 2514 1370 2536 amor
1387 2507 1491 2537 tamen
1507 2515 1572 2537 non
1588 2508 1635 2536 est
1647 2507 1712 2536 tota
1726 2514 1821 2537 causa

1054 2588 1109 2612 libri
1121 2587 1150 2610 (Ie
1161 2586 1257 2617 Spiritu
1274 2586 1297 2608 ct
1314 2586 1412 2613 Anium,
1429 2586 1494 2610 iuter
1509 2586 1590 2616 Opera
1601 2585 1628 2610 S.
1640 2585 1782 2616 Augustini.
1791 2598 1822 2603 —

1053 2627 1063 2643 ⁸
1078 2625 1139 2649 bist.
1156 2630 1236 2651 xxvn,
1253 2626 1300 2647 nrt.
1312 2629 1329 2653 1,
1346 2630 1369 2654 q.
1388 2623 1483 2647 in.-⁴
1499 2623 1562 2648 Dist.
1573 2628 1647 2652 xxm,
1660 2630 1685 2654 q.
1701 2628 1735 2647 vi.
