2017 2948
105 469 138 490 Ad
156 474 206 494 opp.

105 2430 210 2452 Fundam.

223 130 280 157 502

486 245 664 284 QUAESTIO
688 246 724 277 11.

246 332 291 358 An
311 331 431 358 Christus
450 331 552 358 dederit
571 331 711 366 discipulis
734 332 762 357 in
780 338 852 357 coena
881 338 974 364 corpus

399 375 566 411 impassibile
586 377 609 401 et
629 375 781 401 immortale
799 374 815 401 ¹.

264 460 305 490 De
318 459 428 497 modo,
444 468 507 499 quo
519 458 658 488 Christus
668 458 799 488 confecit
812 457 912 497 quoad
923 466 994 488 con-

223 515 346 543 tentum
370 512 520 549 interius;
543 513 573 541 et
591 510 747 550 quaeritur
766 510 858 550 quale
879 519 993 550 corpus

222 567 306 598 dedit
319 565 480 606 discipulis
494 566 527 595 in
543 574 642 596 coena.
655 564 693 596 Et
703 565 786 604 quod
803 565 994 605 impassibile

222 623 251 650 et
267 619 463 657 immortale,
480 618 647 649 videtur2:
669 618 932 658 Transfiquratzzs
950 622 994 650 est

222 676 294 704 ante
309 680 359 704 eos
366 681 379 711 ,·
394 671 501 702 Glossa
518 682 524 702 :
546 684 559 700 «
581 671 659 701 lllud
681 680 812 711 corpus,
830 671 914 710 quod
935 671 992 701 ha-

222 727 289 757 buit
310 735 366 766 per
389 727 558 763 naturam,
583 724 666 755 dedit
690 724 850 764 discipulis
871 725 936 755 suis
961 726 994 755 in

222 789 311 811 coena
324 788 389 810 non
404 779 551 816 mortale,
568 787 631 808 uon
647 778 804 818 passibile.
820 790 833 806 n

262 835 292 863 ⁵2.
309 832 388 863 Item
408 832 528 863 ratione
548 831 691 870 videtur,
709 831 785 871 quia
805 831 909 862 omnis
923 841 995 863 caro

222 885 378 926 passibilis
400 888 446 916 est
470 884 704 915 convertibilis:
729 893 808 923 ergo
830 884 856 914 si
880 893 995 924 corpus

224 938 368 978 passibile
384 939 484 976 dedit,
500 938 559 969 fuit
577 937 780 968 convertibile
802 938 833 968 in
856 938 994 969 mandu-

224 995 329 1022 cantes
349 1003 355 1022 :
373 992 457 1031 quod
472 994 519 1022 est
531 991 767 1022 inconveniens.

265 1047 294 1075 3.
308 1044 384 1074 Item
395 1045 483 1075 omni
497 1044 635 1084 passibili
648 1046 747 1084 potest
758 1045 867 1074 inferri
879 1045 993 1084 passio,

223 1101 253 1128 et
268 1107 361 1127 omne
374 1097 471 1135 illud,
484 1098 534 1128 cui
556 1099 658 1136 potest
680 1097 787 1127 inferri
803 1098 922 1136 passio,
941 1098 993 1127 lee-

223 1151 308 1182 ditur
327 1159 384 1190 per
399 1152 572 1181 contactum
588 1150 701 1180 fortem
715 1150 839 1189 agentis
858 1161 863 1180 2
883 1150 908 1180 si
919 1160 996 1189 ergo

223 1204 365 1235 Christus
395 1203 454 1234 sub
476 1203 579 1233 forma
604 1203 694 1242 panis
713 1203 770 1232 fuit
793 1205 868 1232 tunc
884 1227 891 1240 .
917 1212 996 1241 ergo

223 1257 423 1297 percussione
444 1256 588 1286 dentium
609 1258 639 1286 et
666 1255 881 1285 masticatione
906 1258 994 1295 pote-

223 1313 271 1340 rat
286 1310 370 1341 laedi.

262 1366 292 1393 si.
310 1363 388 1394 Item
399 1387 406 1401 ,
421 1364 445 1392 si
462 1362 610 1402 passibile
628 1364 657 1392 et
672 1361 820 1399 mortale,
835 1364 900 1392 esto
912 1363 996 1402 quod

223 1417 303 1446 esset
321 1418 519 1446 reservatum
543 1416 576 1444 in
598 1415 702 1445 triduo
715 1439 722 1452 ,
743 1417 816 1445 tunc
835 1424 914 1453 ergo
931 1425 997 1445 mo-

224 1471 346 1499 reretur
368 1480 375 1499 :
399 1471 430 1499 et
453 1469 477 1498 si
503 1468 579 1505 hoe,
603 1478 666 1498 non
691 1471 771 1498 esset
797 1468 839 1497 ibi
864 1469 996 1498 anima:

224 1530 304 1560 ergo
324 1530 381 1551 uec
401 1521 532 1561 plenum
552 1524 787 1551 sacramentum
804 1533 809 1549 :
829 1530 901 1551 cum
918 1530 997 1559 ergo

225 1574 284 1604 hoc
296 1583 361 1604 non
378 1574 418 1604 sit
432 1582 549 1613 ponere
559 1598 568 1611 ,
583 1576 703 1603 constat
719 1573 803 1612 quod
817 1582 880 1603 non
896 1583 997 1604 more-

225 1629 312 1657 retur
329 1637 336 1656 :
353 1635 447 1665 ergo,
464 1629 521 1656 etc.

266 1681 295 1710 5.
314 1679 391 1710 Item
407 1681 472 1709 esto
487 1679 572 1718 quod
594 1678 709 1717 aliquis
732 1681 942 1710 consecrasset
965 1681 998 1710 iu

226 1732 346 1768 triduo,
361 1734 482 1762 constat
501 1731 585 1771 quod
611 1732 708 1761 verba
732 1732 875 1762 eamdem
899 1732 998 1763 habe-

226 1787 295 1815 rent
309 1785 460 1815 virtutem
478 1795 484 1814 z
503 1784 555 1815 sed
572 1784 690 1815 virtute
707 1785 879 1815 verborum
894 1788 940 1815 est
954 1786 997 1816 ibi

226 1837 317 1868 modo
342 1839 427 1868 totus
450 1837 592 1868 Christus
617 1848 623 1867 :
650 1846 727 1876 ergo
748 1840 833 1868 totus
858 1839 999 1869 Christus

226 1893 307 1921 esset
321 1891 363 1921 ibi
387 1901 393 1920 :
418 1899 498 1929 ergo
518 1890 612 1920 simul
633 1892 713 1920 esset
731 1891 841 1928 vivus,
858 1894 888 1921 et
913 1901 1000 1922 mor-

228 1946 321 1981 tuus;
338 1944 434 1974 vivus
448 1943 506 1974 sub
533 1946 749 1981 sacramento,
772 1946 919 1974 mortuus
942 1954 997 1975 ex-

226 1999 273 2027 tra
289 2007 298 2028 z
315 2006 395 2036 ergo
407 1997 475 2036 pari
490 1997 612 2027 ratione
627 1997 805 2027 immortale
821 1997 878 2028 sub
892 2007 998 2028 sacra-

226 2051 333 2080 mento
343 2073 350 2087 ,
370 2049 501 2079 mortale
515 2051 615 2080 extra.

267 2104 296 2132 6.
315 2100 410 2139 Item,
427 2102 511 2141 quod
527 2101 602 2132 illud
619 2102 678 2140 sit,
700 2102 825 2132 nullum
850 2103 997 2135 inconve-

227 2154 317 2184 niens
334 2154 460 2184 videtur
473 2177 480 2190 ,
499 2154 574 2194 quia
590 2155 615 2184 si
631 2155 759 2194 aliquod
782 2164 898 2194 corpus
918 2160 997 2187 esset

226 2206 261 2237 in
285 2206 430 2246 pluribus
457 2206 552 2245 locis,
577 2207 673 2237 simul
698 2211 801 2247 posset
826 2211 944 2239 moveri
969 2213 999 2240 et

227 2258 387 2298 quiescere
400 2283 407 2297 ‚
425 2260 456 2289 et.
471 2259 565 2289 simul
581 2260 703 2290 moveri
720 2262 750 2290 et
771 2270 835 2291 non
854 2263 996 2293 moveri:

227 2320 306 2350 ergo
324 2312 434 2342 eadem
455 2313 577 2342 ratione
598 2313 693 2342 simul
708 2314 770 2352 pati
787 2317 818 2344 et
833 2324 896 2344 non
912 2317 973 2354 pati
988 2341 996 2354 ,

227 2365 309 2396 mori
324 2367 354 2395 et
367 2373 430 2395 non
445 2365 526 2395 mori
542 2376 548 2395 :
565 2374 643 2404 ergo
654 2389 664 2402 ‚
683 2368 741 2395 etc.

267 2417 380 2448 Contra
393 2428 399 2448 z
412 2417 490 2449 Dicit
504 2417 627 2449 Glossa³
641 2429 646 2448 :
669 2430 683 2446 «
694 2418 778 2449 Solet
788 2421 890 2459 quaeri
905 2422 998 2460 quale

256 2480 264 2491 ³*
278 2484 282 2499 ⁴
297 2480 316 2508 f.
333 2479 404 2503 Alex.
426 2480 521 2508 Aleus„
542 2487 567 2510 p.
592 2480 634 2509 lv,
652 2487 675 2510 q.
693 2486 727 2509 M,
745 2482 852 2504 inmnhr.
871 2484 893 2506 2.
910 2486 955 2507 uit.
977 2487 996 2513 1,

225 2514 239 2543 ἐ
259 2518 270 2535 -ἐ
285 2522 289 2538 :
305 2516 331 2538 5.
354 2514 435 2538 Thom
448 2533 455 2545 ,
469 2515 548 2545 p.Ill,
570 2523 594 2546 ‹1-
612 2521 689 2544 Lxxt,
708 2517 755 2538 ait.
776 2519 801 2544 :;,·
824 2519 847 2540 et
869 2518 899 2540 lt‘
918 2520 995 2549 sent„

225 2549 281 2572 dist.
304 2555 337 2577 xi,
361 2557 385 2580 q.
412 2556 452 2580 111,
479 2552 527 2574 art.
552 2552 573 2578 2,
597 2558 622 2581 q.
645 2558 652 2574 1
677 2553 702 2574 et
725 2557 757 2579 113
784 2552 848 2575 tiuil.
872 2554 994 2581 Altis-iod.v

225 2584 256 2606 lv
279 2584 359 2614 Sent.,
383 2587 454 2609 tract.
475 2593 499 2616 v,
520 2593 541 2610 c.
566 2593 590 2616 v,
612 2593 636 2616 q.
659 2592 699 2616 vl;
722 2586 847 2617 Richard„
870 2589 900 2612 lV
917 2590 996 2617 Seni..

779 102 1000 158 SENTENTl.-x
1008 127 1088 157 RUM
1111 128 1185 158 LlB.
1209 128 1258 159 IV.

1047 203 1159 235 corpus
1183 195 1341 236 discipulis
1362 197 1428 227 suis
1449 196 1534 227 dedit
1557 196 1710 230 Dominus
1729 211 1736 236 ;
1753 212 1768 229 υ
1787 203 1818 232 et

1048 248 1214 287 respondet
1229 259 1236 279 :
1257 260 1271 277 (ι
1287 249 1426 280 Dicimus
1439 249 1500 280 tale
1514 274 1521 286 ,
1536 250 1629 290 quale
1645 254 1726 289 erat,
1742 253 1818 292 quia

1048 301 1193 340 passibile
1207 304 1238 333 et
1253 302 1395 333 mortale.
1409 314 1423 330 n

1089 354 1182 392 item,
1208 356 1233 385 si
1255 355 1338 386 dedit
1359 356 1552 395 impassibile
1572 359 1602 387 et
1618 357 1816 397 immortale,

1048 416 1122 438 eum
1138 408 1267 438 haberet
1283 408 1315 438 in
1330 417 1363 438 se
1378 409 1522 448 passibile
1538 412 1568 440 et
1584 410 1725 448 mortale,
1739 419 1819 450 ergo

1048 460 1138 491 aliter
1152 461 1237 492 dedit
1250 461 1282 492 in
1298 461 1407 500 signo,
1424 471 1521 501 quam
1535 462 1569 492 in
1585 472 1618 492 se
1636 475 1641 494 :
1659 472 1738 502 ergo
1759 463 1819 494 fuit

1048 514 1091 544 ibi
1107 515 1200 545 fictio.

1091 567 1184 604 ltem,
1200 567 1225 597 si
1240 568 1436 606 immortale,
1455 571 1521 599 esto
1537 569 1621 608 quod
1636 578 1816 601 reservare-

1049 622 1116 656 tur,
1135 620 1230 650 simul
1245 623 1323 650 esset
1339 621 1432 651 vivus
1449 624 1479 651 et
1494 623 1636 651 mortuus
1655 633 1661 652 :
1677 631 1756 661 ergo
1770 623 1817 654 si-

1049 673 1116 703 mul
1132 673 1253 704 viveret
1273 675 1302 703 et
1318 683 1381 704 non
1403 674 1543 704 viveret:
1559 677 1587 705 et
1614 675 1638 704 si
1661 675 1737 713 hoc,
1756 677 1819 707 duo

1049 726 1287 757 contradictorie
1317 727 1460 766 opposita
1493 730 1595 757 essent
1624 728 1719 758 simul
1745 738 1820 761 vera

1050 780 1087 810 de
1102 780 1213 810 eodem
1233 791 1240 810 τ
1262 780 1346 819 quod
1364 789 1427 811 non
1450 783 1551 820 potest
1572 781 1675 819 credi,
1691 790 1749 813 nec
1770 782 1819 813 in-

1049 832 1162 872 telligi.

1091 886 1183 924 Item,
1201 895 1274 923 cum
1289 886 1405 917 dicitur
1419 896 1426 916 :
1442 887 1507 918 Hoc
1519 890 1565 919 est
1579 895 1692 928 corpus
1707 896 1820 926 meum,

1050 939 1141 979 panis
1158 939 1260 969 solum
1279 940 1474 970 convertitur
1488 940 1521 970 in
1536 949 1667 980 corpuS,
1685 941 1739 972 sed
1757 942 1822 972 ani-

1050 1001 1103 1022 ma
1116 994 1162 1022 est
1175 992 1219 1022 ibi
1236 992 1338 1022 solum
1355 1001 1408 1032 per
1428 993 1704 1024 concomitantiam
1720 1004 1726 1024 :
1742 1003 1822 1033 ergo

1051 1046 1075 1075 si
1100 1046 1132 1076 in
1157 1046 1260 1076 triduo
1284 1045 1389 1075 suisset
1411 1046 1608 1083 consectum,
1634 1048 1714 1076 esset
1737 1055 1823 1077 mor-

1051 1101 1142 1129 tuum
1167 1107 1299 1137 corpus,
1324 1107 1395 1128 cum
1419 1098 1526 1128 anima
1550 1101 1630 1129 esset
1652 1101 1818 1138 separata:

1051 1160 1130 1190 ergo
1155 1151 1299 1181 similiter
1313 1175 1320 1187 ,
1340 1151 1364 1180 si
1389 1153 1470 1181 esset
1493 1153 1691 1182 reservatum
1711 1162 1718 1182 z
1741 1160 1821 1191 ergo

1051 1204 1196 1244 passibile
1212 1206 1242 1234 et
1258 1204 1400 1234 mortale.

1329 1319 1542 1350 CONCLUSIO.

1055 1410 1176 1437 Christus
1194 1409 1308 1436 tradidit
1322 1409 1463 1444 discipulis
1478 1416 1571 1443 corpus
1585 1417 1659 1436 suum
1675 1410 1786 1436 mortale
1800 1412 1823 1437 et

1088 1455 1215 1489 passibile
1238 1455 1265 1480 in
1286 1462 1372 1486 caena,
1397 1454 1456 1480 licet
1481 1453 1519 1479 ibi
1541 1462 1590 1479 non
1608 1455 1713 1488 poterat
1730 1454 1823 1488 passio

1088 1499 1134 1525 illi
1154 1499 1267 1532 inferri,
1287 1499 1351 1532 quia
1371 1499 1399 1524 in
1417 1500 1582 1524 sacramento
1602 1500 1657 1524 erat
1672 1498 1823 1532 impassibi-

1089 1544 1159 1569 liter.

1096 1631 1186 1669 ltesp.
1204 1630 1243 1660 ad
1257 1639 1328 1669 arg.
1341 1630 1430 1660 Circa
1441 1630 1501 1660 hoc
1516 1629 1633 1670 duplex
1647 1632 1694 1660 est
1704 1629 1821 1670 opinio.
1838 1640 1943 1668 opimi.

1054 1684 1121 1714 Una
1145 1683 1289 1722 magistri
1314 1683 1461 1723 Hugonis
1475 1683 1495 1720 ⁸,
1512 1686 1542 1714 et
1559 1691 1691 1713 suorum
1707 1691 1823 1722 sequa-

1054 1737 1150 1774 cium,
1162 1737 1245 1776 quod
1255 1736 1397 1767 Christus
1408 1746 1523 1775 corpus
1538 1745 1633 1766 suum
1646 1735 1823 1766 immortale

1055 1792 1085 1820 et
1100 1790 1291 1829 impassibile
1307 1789 1391 1820 dedit
1405 1790 1465 1819 sub
1483 1790 1688 1819 sacramento.
1711 1787 1748 1818 Et
1760 1796 1824 1819 non

1054 1846 1101 1873 est
1121 1843 1362 1880 inconveniens,
1381 1843 1464 1882 quod
1485 1842 1526 1872 sit
1548 1842 1668 1872 hahens
1688 1841 1824 1872 alterum

1055 1899 1085 1926 et
1098 1896 1233 1926 alterum
1247 1896 1379 1926 modum
1391 1895 1513 1926 essendi
1528 1919 1534 1931 ‚
1552 1894 1677 1932 habitu,
1694 1896 1724 1924 et
1739 1896 1822 1925 actu.

1055 1949 1171 1979 Habitu
1191 1949 1318 1988 quidem
1340 1951 1408 1978 erat
1423 1947 1554 1979 mortale
1562 1957 1576 1986 ,·
1590 1947 1643 1978 sed
1660 1956 1700 1977 ex
1720 1947 1825 1986 aliqua

1054 2011 1149 2032 causa
1171 2002 1306 2041 sumpsit
1329 2001 1368 2032 ad
1387 2004 1512 2041 tempus
1535 1999 1822 2035 immortalitatem,

1056 2055 1136 2085 sicut
1152 2055 1358 2085 subtilitatem
1371 2054 1404 2084 in
1416 2054 1592 2091 nativitate,
1609 2052 1783 2091 agilitatem
1791 2052 1824 2082 in

1055 2109 1152 2146 mari,
1170 2108 1342 2138 claritatem
1364 2108 1395 2137 in
1418 2109 1524 2138 monte
1542 2116 1548 2135 :
1566 2106 1609 2135 sic
1632 2105 1825 2136 immortali-

1055 2163 1150 2192 tatem
1175 2161 1233 2191 sub
1258 2163 1464 2191 sacramento.
1488 2159 1551 2191 Nec
1575 2161 1619 2189 est
1641 2159 1683 2188 ibi
1699 2160 1825 2189 contra-

1054 2214 1147 2244 dictio
1158 2223 1244 2249 vera,
1259 2214 1333 2253 quia
1348 2223 1463 2253 corpus
1478 2212 1603 2250 Christi,
1617 2221 1656 2242 ex
1672 2212 1731 2242 hoc
1741 2211 1825 2251 quod

1055 2267 1086 2297 in
1108 2267 1251 2306 pluribus
1273 2266 1348 2297 locis
1369 2269 1432 2303 est,
1449 2266 1609 2305 oppositas
1633 2265 1727 2295 habet
1749 2272 1822 2303 pro-

1054 2320 1200 2359 prietates
1217 2329 1224 2349 :
1241 2320 1322 2350 siout
1334 2322 1458 2359 portare
1472 2321 1501 2350 et
1515 2318 1652 2358 portari,
1665 2317 1824 2357 quiescere

1054 2376 1083 2403 et
1109 2373 1247 2409 moveri,
1268 2374 1312 2403 sic
1331 2373 1395 2413 pati
1423 2375 1453 2403 et
1478 2382 1543 2403 uon
1565 2372 1639 2411 pati.
1665 2370 1822 2408 Quantum

1053 2425 1137 2454 enim
1160 2425 1198 2454 ad
1222 2426 1282 2455 hoc
1308 2426 1417 2464 accipit
1442 2425 1597 2454 rationem
1614 2421 1821 2457 universalis,

1054 2486 1108 2509 dist.
1126 2490 1219 2516 Yxl,21rl.
1235 2488 1253 2516 l,
1268 2495 1282 2517 q
1307 2493 1346 2514 1v;
1362 2487 1449 2517 steph.
1466 2486 1568 2514 ululet,
1582 2486 1611 2508 lv
1624 2485 1682 2508 Seue
1694 2501 1702 2511 ,
1715 2483 1762 2506 dist
1785 2489 1820 2509 Nl.

1053 2529 1076 2551 q.
1095 2527 1132 2547 xl}
1153 2522 1240 2545 Petrus
1257 2523 1288 2545 de
1311 2523 1422 2551 Tar-aul„
1442 2522 1471 2544 lv
1488 2522 1565 2550 Sent.‚
1585 2520 1642 2543 dist.
1659 2524 1695 2547 xl,
1711 2525 1735 2548 q.
1756 2523 1819 2541 xxm.

1053 2558 1100 2572 —2
1115 2557 1214 2585 Monte,
1232 2563 1294 2585 xvii,
1309 2560 1330 2580 3.
1344 2570 1374 2574 —
1386 2558 1392 2570 ‘¹
1403 2558 1484 2581 Gloss.
1497 2557 1521 2580 iu
1534 2557 1540 2579 Ι
1555 2556 1621 2584 Con,
1635 2559 1711 2577 x1.—
1723 2553 1732 2568 ὅ
1744 2553 1820 2582 king-1

1052 2591 1080 2614 de
1090 2592 1213 2620 Sacram„
1229 2592 1271 2616 lib.
1287 2593 1304 2622 l,
1321 2599 1345 2624 p.
1360 2593 1426 2623 vul,
1442 2599 1463 2616 c.
1481 2597 1517 2615 tlt.
