2017 2948
223 108 282 139 228

223 173 255 203 in
279 173 464 203 servitutem
488 175 519 203 et
543 174 748 212 famulatum3
766 176 872 206 autad
888 176 991 215 operis

222 225 357 255 carnalis
372 227 688 257 consummationem.
706 228 741 258 Et
758 229 895 267 primuni
917 238 988 267 pro-

221 277 350 308 hibetur
360 288 415 318 per
425 280 594 319 septimum
607 283 798 319 praeccptum
814 291 820 310 z
838 281 907 311 Non
923 288 991 311 con-

220 333 362 370 cchz‘sces
372 341 451 368 rem3
466 334 639 364 secundum
652 344 727 364 vero
741 334 925 373 prohibetur
937 344 991 372 per

221 385 407 415 mandatum
425 385 519 423 illud,
537 387 612 425 quia
628 387 812 425 prohibetur
826 387 989 425 concupis—

220 438 321 468 centia
329 439 431 468 carnis
442 441 550 469 contra
560 439 740 477 legitimum
752 439 891 469 thorum.
903 438 990 469 Unde

219 490 397 520 desiderare
412 491 510 520 {iiiam
526 491 662 530 alicujus
675 491 708 521 in
723 500 857 521 uxorem
872 493 991 520 nonest

219 542 431 582 prohibitum;
449 544 501 573 sed
517 543 694 574 desiderare
716 553 786 573 eam
804 544 835 573 in
856 545 990 573 fornica-

218 595 356 632 tionem,
382 598 417 625 ut
438 597 479 632 (α)
509 596 725 634 meretricem,
752 597 810 626 hoc
834 596 990 626 clauditur

218 649 250 679 in
273 652 362 680 sexta
376 649 598 688 prohibitione.

544 768 610 789 DUB.
635 768 666 788 11.

217 841 359 872 Septimum
373 842 411 864 cst
427 848 432 864 :
449 841 505 864 Non
521 841 686 872 concupisces
701 841 805 865 domum
820 842 930 872 proximi
943 843 986 867 tui.

255 914 386 946 Contra:
406 916 485 953 Quia
502 916 589 955 quod
611 916 733 946 licitum
757 919 803 946 est
824 917 987 956 acquirere

215 968 331 1008 pretio,
354 971 400 999 est
425 969 547 999 licitum
569 969 746 999 desiderare
762 980 768 999 :
785 970 839 1000 sed
854 970 986 1000 domum

214 1021 352 1060 proximi
368 1021 491 1052 licitum
505 1024 551 1051 est
566 1022 665 1061 pretio
680 1031 784 1052 emere
802 1034 808 1052 z
826 1032 905 1061 ergo
921 1023 987 1052 lici-

215 1076 284 1104 tum
300 1077 346 1105 est
361 1084 431 1105 eam
448 1075 627 1105 desiderare
642 1077 672 1104 et
695 1076 926 1113 concupiscere.
954 1075 987 1105 Si

214 1128 249 1157 tu
272 1127 356 1157 dicas
380 1128 464 1167 quod
490 1128 535 1157 ibi
560 1127 711 1167 accipitur
735 1128 986 1167 concupiscentia

214 1189 271 1219 pro
288 1179 467 1210 inordinato
490 1180 663 1217 desiderio,
691 1181 734 1209 sic
758 1180 900 1210 similiter
924 1190 986 1210 non

214 1232 284 1263 licet
297 1233 521 1272 concupiscere
533 1242 602 1263 rem
615 1233 788 1272 propriam.
802 1233 891 1270 Item,
906 1234 987 1263 sicut

213 1285 369 1323 contingit
385 1285 560 1315 inordinate
575 1285 754 1315 desiderare
769 1286 900 1315 domum
916 1295 987 1324 pro-

215 1338 293 1367 ximi
301 1362 310 1375 ,
322 1338 365 1368 ita
375 1338 534 1376 contingit
545 1338 722 1368 inordinate
733 1338 909 1368 desiderare.
921 1339 987 1377 (lig-

216 1390 347 1420 nitatem
363 1391 501 1430 proximi
517 1402 523 1421 τ
541 1400 638 1429 ergo,
655 1391 735 1421 sicut
751 1390 828 1421 illud
842 1391 987 1430 prohihe-

215 1445 279 1481 tur,
296 1443 340 1473 ita
354 1445 385 1473 et
401 1443 478 1473 illud
495 1443 587 1473 debet
601 1443 771 1482 prohiberi.
794 1444 826 1473 Si
848 1446 883 1473 tu
904 1444 987 1474 dicas

217 1496 303 1536 quod
327 1496 405 1526 illud
428 1496 583 1526 clauditur
612 1497 645 1526 in
671 1497 731 1526 hac
757 1497 984 1535 prohibitione,

216 1551 324 1579 contra
339 1550 398 1579 hoc
417 1552 478 1586 est,
499 1549 584 1589 quod
609 1549 861 1588 concupiscentia
882 1550 987 1587 digni-

216 1602 288 1632 tatis
298 1604 416 1641 spectat
426 1602 464 1632 ad
475 1602 657 1641 superbiam
670 1604 701 1632 et
712 1611 827 1631 vanam
838 1602 985 1640 gloriam,

215 1655 470 1694 concupiscentia
491 1655 605 1685 domus
626 1654 663 1684 ad
684 1654 850 1684 avaritiam
874 1665 881 1684 t
907 1663 987 1693 ergo

215 1716 288 1737 cum
306 1707 366 1738 ista
380 1708 444 1737 sint
459 1707 659 1738 diversorum
676 1716 844 1745 generum,
859 1707 986 1737 videtur

215 1760 299 1799 quod
312 1760 344 1789 in
359 1769 424 1790 una
438 1760 652 1800 prohibitione
665 1769 730 1790 non
746 1760 944 1790 claudantur.

256 1812 348 1851 Resp.
364 1812 535 1842 Dicendum
551 1812 633 1851 quod
646 1812 679 1841 in
694 1812 754 1842 isto
769 1813 866 1842 verbo
881 1812 987 1852 prohi-

216 1865 308 1895 betur
322 1865 575 1905 concupiscentia
592 1865 638 1894 rei
659 1864 786 1902 alienae,
812 1865 985 1895 secundum

217 1918 300 1956 quod
315 1918 431 1957 aliquis
453 1918 645 1957 concupiscit
666 1918 784 1957 aliquid
808 1918 841 1947 in
862 1926 986 1957 posses-

216 1970 353 2007 sionem,
371 1980 520 2010 quaerens
535 1971 569 2000 in
582 1970 634 2000 illo
649 1970 880 2000 sufficientiam.
900 1970 986 2000 Unde

216 2031 280 2053 non
300 2025 424 2052 tantum
448 2023 635 2061 prohibetur
657 2023 908 2061 concupiscentia
929 2023 986 2052 bo-

216 2083 332 2105 norum
348 2075 581 2113 temporalium,
595 2077 630 2104 ut
642 2075 756 2105 domus
770 2077 800 2104 et
815 2075 983 2113 pecudum,

214 2128 268 2158 sed
291 2127 385 2158 etiam
406 2129 639 2166 cujiiscumque
659 2128 788 2157 alterius
807 2128 870 2165 rei,
889 2137 984 2167 quam

214 2180 285 2220 quis
310 2179 404 2210 vellet
428 2180 481 2209 alii
507 2181 689 2219 praeripere.
716 2180 753 2210 Et
773 2181 833 2210 hoc
855 2180 984 2220 quidem

215 2233 402 2273 prohibetur
416 2232 620 2271 intelligendo
641 2242 696 2272 per
711 2241 744 2262 se
755 2256 762 2268 ‚
779 2235 815 2262 ut
833 2233 904 2272 quis
921 2242 985 2264 non

215 2286 416 2325 concupiscat
439 2285 590 2322 alienum,
610 2295 742 2315 manens
765 2286 916 2316 alienum.
931 2286 984 2317 Vel

215 2338 404 2377 intelligitur
428 2340 538 2369 contra
555 2337 643 2376 „iuris
668 2339 828 2374 ordinem,
854 2339 913 2368 hoc
939 2341 986 2368 est

216 2391 343 2431 quando
353 2391 425 2431 quis
440 2390 531 2421 vellet
546 2390 729 2430 proximum
740 2391 935 2421 damnificari
952 2392 985 2422 in

216 2454 250 2475 re
260 2468 268 2480 ‚
280 2446 409 2484 propter
424 2452 516 2474 suam
531 2443 715 2480 utilitatem;
733 2445 808 2473 tunc
821 2444 906 2473 enim
920 2453 984 2474 non

216 2497 320 2535 diligit
344 2496 527 2536 proximum
550 2496 629 2526 sicut
651 2505 694 2526 se.
721 2494 807 2526 Unde
830 2497 862 2526 in
886 2497 983 2527 verbo

249 2558 282 2589 (a)
299 2558 358 2582 coet.
371 2558 433 2581 edit.
449 2560 481 2581 et.
493 2570 522 2574 —
540 2557 571 2587 (b)
588 2557 778 2581 immoderatus.
792 2571 822 2575 —
836 2558 862 2588 (c)
877 2565 952 2588 quain

758 108 1068 140 SENTENTIARUM
1088 110 1160 141 LlB.
1187 111 1237 141 ill.

1047 177 1104 207 isto
1119 178 1306 217 prohibetur
1319 179 1423 209 omnis
1441 180 1573 210 avaritia
1591 183 1622 210 et
1645 182 1809 220 cupiditas.

1046 229 1093 259 Ad
1111 230 1187 260 illud
1201 241 1280 269 ergo
1295 233 1376 271 quod
1395 232 1497 271 primo
1512 233 1681 272 objicitur:
1700 234 1813 272 «Quod

1047 282 1116 312 licet
1131 284 1229 322 pretio
1245 285 1423 324 acquirere,
1448 285 1518 314 licet
1539 287 1781 325 concupiscere,
1795 300 1809 315 »

1047 335 1213 366 dicendum
1230 337 1313 376 quod
1328 340 1545 377 concupiscere
1555 338 1627 368 dicit
1639 340 1813 378 appetitum

1047 388 1291 419 immoderatum
1305 389 1437 421 habendi
1450 400 1524 420 cum
1536 392 1651 421 damno
1663 392 1812 431 proximi,

1046 443 1075 470 et
1094 441 1123 470 in
1140 442 1199 471 hoc
1214 442 1280 481 ipso
1295 443 1387 473 etiam
1410 443 1565 473 clauditur
1581 444 1738 483 appetitus
1752 444 1812 474 im-

1047 494 1200 524 moderati
1226 495 1260 533 tbi
1288 496 1457 534 prohibitio
1481 497 1575 526 etiam
1603 500 1746 536 respectu
1770 497 1814 527 rei

1046 547 1196 585 propriae,
1214 556 1308 586 penes
1323 558 1417 587 quein
1438 550 1471 587 (c)
1490 549 1630 578 consistit
1651 551 1813 588 peccatum

1046 599 1226 637 cupiditatis
1240 602 1270 630 et
1285 601 1438 631 avariuae.
1455 601 1501 630 Ad
1516 601 1590 630 illud
1606 602 1692 640 quod
1707 602 1815 641 objici-

1045 654 1098 681 tur
1113 652 1150 681 de
1165 652 1338 682 ambitione
1355 653 1520 691 dignitatis
1543 656 1572 684 et
1593 654 1739 691 honoris,
1763 655 1814 685 di—

1045 704 1179 734 cendum
1195 705 1277 744 quod
1294 706 1319 734 si
1340 705 1494 743 dignitas,
1515 710 1545 735 et
1564 706 1667 736 honor
1686 709 1814 746 appeta-

1045 758 1096 786 tur
1122 759 1153 787 in
1179 758 1299 788 ratione
1324 759 1540 796 sufficientiae,
1566 759 1609 788 sic
1632 762 1750 798 spectat
1773 760 1812 790 ad

1044 810 1164 840 crimen
1179 811 1320 841 avaritias
1331 835 1338 848 ,
1356 811 1434 841 etin
1454 811 1512 841 isto
1534 812 1682 842 mandato
1700 813 1811 852 prohi-

1043 863 1109 893 beri
1128 863 1237 900 habet3
1253 864 1277 893 si
1294 866 1400 894 autem
1415 864 1446 893 in
1464 865 1583 894 ratione
1598 865 1810 902 excellentiae‚

1043 916 1086 945 sic
1104 918 1207 955 potest
1221 916 1280 946 dici
1295 917 1380 955 quod
1396 917 1580 956 prohibetur
1596 926 1651 956 per
1669 918 1812 956 primum

1043 969 1228 999 mandatum
1239 993 1246 1006 ,
1276 969 1309 998 in
1336 979 1398 1009 quo
1427 970 1609 1009 praecipitur
1636 972 1813 1002 reverentia

1044 1021 1108 1052 Dei.
1129 1022 1235 1053 Posset
1252 1026 1359 1052 tamen
1374 1023 1434 1052 dici
1448 1047 1454 1056 ,
1471 1023 1555 1062 quod
1570 1026 1706 1063 utroque
1718 1024 1812 1054 modo

1043 1075 1199 1105 clauditur
1210 1076 1241 1105 in
1255 1076 1466 1115 prohibitione
1477 1077 1601 1115 septimi
1615 1087 1621 1106 :
1639 1077 1715 1116 quia
1728 1079 1813 1108 utro-

1043 1128 1137 1167 bique
1152 1131 1198 1158 est
1212 1138 1301 1159 amor
1316 1129 1390 1159 boni
1404 1130 1538 1169 proprii,
1555 1132 1585 1160 et
1601 1139 1664 1160 una
1674 1132 1720 1160 est
1731 1130 1812 1160 ratio

1042 1181 1245 1211 deordinandi
1265 1184 1408 1220 respectu
1428 1182 1580 1220 proximi,
1606 1182 1678 1212 licet
1700 1183 1811 1212 multi—

1043 1233 1114 1271 plex
1129 1234 1168 1263 sit
1182 1234 1261 1263 ratio
1275 1234 1478 1264 deordinandi
1497 1237 1640 1273 respectu
1661 1236 1721 1265 sui.
1739 1235 1811 1265 ldeo

1042 1286 1100 1315 sub
1114 1295 1177 1315 una
1191 1286 1402 1325 prohibitione
1416 1287 1510 1316 habet
1523 1287 1625 1317 claudi
1641 1288 1811 1327 utrobique

1042 1339 1292 1378 concupiscentia
1306 1350 1311 1368 ς
1328 1342 1358 1369 et
1373 1340 1478 1377 inagis
1493 1340 1678 1379 prohibetur
1692 1349 1808 1371 concu-

1042 1391 1193 1429 piscentia
1206 1392 1335 1429 domus,
1352 1401 1449 1431 quam
1470 1393 1721 1432 concupiscentia
1735 1393 1811 1432 dig-

1042 1444 1149 1473 nitatis
1160 1468 1167 1481 ,
1189 1444 1263 1483 quia
1279 1445 1470 1475 manifestior
1490 1447 1556 1475 erat
1571 1448 1601 1476 et
1622 1446 1810 1483 sensibilior,

1041 1498 1072 1526 et
1086 1497 1183 1526 etiam
1198 1497 1299 1528 Judaei
1316 1498 1421 1536 magis
1440 1498 1530 1537 proni
1545 1500 1635 1529 erant
1651 1499 1691 1530 ad
1704 1499 1812 1530 avari-

1041 1550 1130 1579 tiam.

1359 1623 1427 1644 Dua.
1444 1624 1489 1644 111.

1201 1686 1304 1709 Diversa
1318 1686 1393 1710 etiam
1408 1688 1581 1717 sacramenta,
1597 1690 1646 1712 etc.

1081 1761 1193 1791 Contra
1206 1761 1266 1792 hoc
1280 1761 1438 1800 objicitur,
1455 1762 1538 1801 quod
1561 1762 1670 1793 nullus
1692 1763 1808 1794 salvari

1040 1817 1140 1853 potest
1154 1815 1221 1845 sine
1237 1816 1339 1854 gratia
1353 1827 1359 1846 :
1378 1825 1455 1854 ergo
1470 1816 1495 1845 si
1510 1819 1704 1847 sacramenta
1719 1819 1806 1847 vete-

1040 1868 1083 1897 ris
1100 1868 1181 1906 legis
1199 1869 1336 1907 gratiam
1356 1877 1420 1899 non
1444 1869 1659 1907 conserebant,
1683 1869 1809 1900 videtur

1040 1921 1124 1959 quod
1139 1921 1245 1951 nullus
1261 1922 1293 1951 in
1312 1921 1384 1960 lege
1406 1921 1545 1952 salvatus
1559 1922 1619 1952 fuit
1635 1933 1641 1952 z
1661 1923 1746 1962 quod
1763 1925 1809 1953 est

1040 1974 1174 2013 impium
1183 1974 1295 2005 dicere.
1307 1974 1339 2005 Si
1348 1977 1382 2005 tu
1392 1975 1487 2012 dicas,
1497 1976 1580 2014 quod
1592 1976 1624 2006 in
1633 1985 1810 2006 sacramen-

1041 2027 1079 2055 tis
1093 2027 1154 2056 illis
1171 2027 1302 2057 dabatur
1318 2028 1421 2066 gratia
1433 2051 1440 2064 ,
1461 2028 1514 2058 sed
1530 2030 1636 2058 tamen
1654 2037 1719 2058 non
1741 2029 1808 2059 vir-

1040 2081 1106 2108 tute
1118 2081 1387 2109 sacramentorum
1398 2079 1541 2116 illorum;
1557 2080 1589 2110 in
1602 2081 1808 2110 sacramentis

1040 2134 1145 2161 autem
1161 2141 1252 2162 novae
1267 2132 1346 2171 legis
1359 2132 1451 2162 datur
1467 2132 1572 2171 gratia
1587 2132 1705 2163 virtute
1719 2133 1808 2172 ipso-

1040 2191 1127 2218 rum,
1144 2182 1218 2221 quia
1239 2185 1311 2212 sunt
1334 2191 1373 2212 ex
1398 2183 1643 2212 sanctificatione
1666 2183 1805 2214 sanctifi-

1039 2234 1156 2271 cantia,
1183 2234 1262 2264 sicut
1285 2235 1359 2265 dicit
1382 2235 1513 2273 Hugo¹3
1533 2235 1679 2274 objicitur
1699 2239 1807 2268 contra

1039 2287 1115 2324 hoc,
1132 2287 1207 2325 quia
1223 2287 1326 2324 gratia
1344 2290 1389 2317 est
1411 2297 1467 2326 per
1486 2288 1676 2319 creationem
1697 2300 1704 2319 :
1729 2298 1807 2328 ergo

1039 2339 1125 2369 solus
1147 2339 1228 2369 Deus
1250 2339 1344 2373 habet
1363 2340 1515 2370 virtutem
1532 2341 1712 2372 conferendi
1728 2350 1804 2380 gra-

1039 2392 1133 2421 tiam:
1151 2401 1230 2430 ergo
1246 2393 1271 2421 si
1293 2392 1325 2422 in
1348 2392 1415 2423 istis
1437 2395 1468 2423 et
1490 2393 1549 2423 illis
1571 2393 1804 2432 conferebatur,

1038 2445 1162 2476 videtur
1177 2444 1261 2484 quod
1285 2445 1366 2476 inter
1390 2445 1459 2477 haec
1484 2448 1679 2477 sacramenta
1700 2448 1731 2476 et
1752 2446 1806 2477 illa

1037 2497 1125 2528 nulla
1139 2498 1179 2528 sit
1193 2497 1383 2529 differentia.

1070 2560 1075 2574 ¹
1091 2560 1164 2589 nug..
1180 2559 1207 2582 tle
1221 2561 1341 2588 Sacram„
1355 2560 1398 2583 lib.
1414 2561 1440 2590 Ι,
1457 2568 1480 2590 p.
1495 2562 1517 2583 8.
