2017 2948
3 702 106 723 Fundam.

569 162 756 195 DlSTINCT.
780 159 896 192 XXXV.
919 159 1009 190 ART.
1033 160 1056 190 1.
1081 159 1231 197 QUAEST.
1255 160 1278 190 Ι.

120 226 196 256 sunt
218 225 392 257 affectionis
406 229 651 268 appropriantur
667 228 797 268 Spiritui
819 237 891 257 san-

121 280 187 316 cto,
212 279 266 318 qni
291 282 337 310 est
359 289 466 318 amor;
493 291 565 321 quae
590 291 666 313 vero
690 280 891 320 cognitionis,

120 333 367 370 appropriantur
388 333 466 364 Filio
483 343 489 363 :
510 344 580 365 cun]
603 344 681 374 ergo
697 333 849 373 sapientia
865 333 892 362 ci

120 384 355 423 approprietur,
372 385 510 423 videtur,
528 389 585 417 etc.

161 437 189 466 5.
206 435 284 466 Item
310 437 419 468 nullus
440 448 550 469 amans
565 439 694 480 aliquid,
718 441 891 479 quantuni-

122 497 258 528 cumque
273 489 355 520 circa
367 490 445 521 illud
459 492 624 529 afficiatur,
640 492 764 532 sapiens
778 491 893 521 dicitur

123 549 163 570 ex
174 540 245 578 hoc,
259 541 320 571 nisi
331 542 408 572 illud
424 546 594 582 cognoscat
606 555 612 574 ;
626 553 704 583 ergo
720 546 809 574 actus
820 543 892 574 doni

122 593 284 633 sapientiae
300 595 439 626 maxime
454 597 626 627 attenditur
639 597 672 627 in
686 596 826 627 faciendo
841 605 891 626 co-

123 655 286 685 gnoscere.

162 699 222 730 Sed
239 703 349 731 contra
360 701 419 732 hoc
431 702 580 741 objicitur
591 702 693 741 primo
709 702 893 732 auctoritate

122 752 294 792 Sapientis¹
312 765 317 784 :
351 754 521 794 Sapientia
543 755 696 786 doctrinae
720 754 894 786 secundum

121 812 233 836 nomen
243 814 338 836 suum
352 810 406 841 est,
432 811 461 838 et
480 815 543 838 non
566 807 675 838 multis
694 808 892 845 0811110711·Γο-

121 861 182 888 sta.
208 857 242 888 Si
263 854 343 896 ergo
364 860 524 897 sapientia
539 869 557 889 a
572 867 683 899 sapore
706 860 837 896 dicitur,
864 862 893 888 et

122 919 216 949 sapor
229 911 355 950 respicit
371 912 568 942 affectionem
584 913 778 949 interiorem,
803 912 893 941 vide-

121 965 174 993 tur
188 964 272 1003 quod
287 973 342 1003 per
357 964 445 1003 prius
460 967 547 995 actus
568 965 643 995 doni
665 965 828 1004 sapientiae
853 965 893 994 sit

121 1016 298 1046 affectivus.

163 1068 240 1099 Item
256 1068 440 1108 Gregorius,
465 1071 500 1100 in
515 1070 688 1102 illoralibus
713 1080 808 1109 super
828 1071 893 1110 pri-

122 1131 212 1153 mum
226 1123 295 1160 1100,
320 1123 412 1153 111011Ξ
428 1123 513 1162 quod
533 1123 686 1163 sapientia
711 1126 757 1153 est
773 1124 892 1153 donum

122 1184 177 1214 spe
191 1178 222 1206 et
235 1175 422 1206 certitudine
444 1178 636 1206 aeternorum
660 1178 798 1206 mentem
818 1177 894 1206 reti-

123 1227 226 1257 ciens:
245 1227 299 1258 sed
314 1228 441 1258 refectio
456 1231 574 1268 spectat
589 1229 628 1259 ad
644 1231 777 1267 gustum
795 1232 825 1260 et
847 1230 891 1259 af-

123 1280 239 1311 fectum
253 1290 259 1310 ;
275 1290 353 1320 ergo
364 1284 395 1312 et
406 1282 589 1321 praecipuus
603 1284 692 1313 actus
707 1283 807 1322 ipsius
821 1283 893 1312 doni

123 1335 286 1374 sapientiae
300 1338 347 1365 est
361 1335 539 1366 affectivus.

164 1387 241 1418 Item
256 1388 421 1434 Dionysius
442 1389 526 1425 dicit,
554 1389 587 1418 in
612 1389 692 1419 libro
707 1389 744 1421 de
768 1390 894 1421 Dz‘m'nis

123 1441 324 1478 Nominibus,
343 1450 409 1480 cap.
427 1441 464 1472 de
482 1441 685 1480 sapientia³z
707 1441 814 1471 «Hanc
829 1442 892 1480 igi-

123 1496 174 1525 tur
189 1495 318 1525 stultam
342 1497 372 1524 et
393 1497 552 1524 amentem
576 1495 763 1534 sapientiam
784 1495 894 1525 lauda-

123 1556 207 1584 mus,
232 1549 304 1583 etc„
319 1558 333 1574 υ
361 1549 392 1577 et
413 1546 474 1577 alia
494 1547 598 1577 littera
616 1555 622 1576 :
655 1559 669 1575 «
683 1547 770 1577 Hanc
793 1548 894 1587 igitur

122 1599 339 1630 irrationalem
351 1623 360 1637 ‚
383 1602 413 1629 et
435 1600 626 1638 dementem,
651 1603 680 1630 et
696 1601 824 1631 stultam
843 1611 894 1631 sa-

123 1653 274 1692 pientiam
286 1654 475 1684 excellenter
491 1654 650 1685 intuentes
665 1654 783 1692 (licunt,
801 1658 860 1685 etc.
875 1666 889 1684 u

123 1705 156 1736 Si
173 1715 251 1745 ergo
266 1707 407 1746 loquitur
422 1707 466 1737 ibi
481 1707 519 1737 de
532 1707 684 1747 sapientia
699 1717 771 1747 quae
782 1711 827 1738 est
838 1708 892 1738 do-

122 1768 212 1797 num,
239 1760 318 1790 sicut
340 1762 435 1800 patet,
459 1763 490 1790 et
506 1760 588 1790 hanc
614 1761 689 1791 dicit
711 1761 841 1791 stultam
864 1764 894 1791 et

122 1814 292 1850 amentem,
307 1812 433 1842 videtur
449 1813 533 1852 quod
548 1815 637 1843 actus
659 1813 749 1843 istius
764 1814 837 1844 doni
855 1823 893 1844 ex

123 1866 211 1902 parte
226 1864 399 1894 affectionis
413 1874 446 1895 se
462 1867 577 1902 teneat,
604 1867 634 1895 et
655 1866 838 1896 nullatenus
855 1876 893 1897 ex

123 1918 211 1955 parte
226 1917 368 1947 rationis.

165 1968 242 1998 Item
262 1968 451 2007 Beruardus,
479 1970 510 1999 in
534 1969 616 2000 libro
640 1970 678 2001 de
695 1972 806 2002 Amore
824 1971 893 2008 Dei,

124 2030 192 2061 cap.
209 2021 259 2058 VI,
287 2022 359 2052 dicit
375 2023 458 2062 quod
474 2032 563 2053 amor
578 2024 688 2054 crescit
709 2024 741 2053 in
758 2024 893 2054 charita-

124 2076 199 2112 tem,
217 2074 353 2104 charitas
370 2075 402 2104 in
418 2075 605 2114 sapientiam
621 2086 627 2105 :
643 2085 721 2114 ergo
736 2085 809 2106 cum
825 2077 896 2107 cha-

124 2127 202 2158 ritas
218 2130 248 2158 et
262 2137 363 2164 amor,
387 2130 418 2158 et
432 2129 530 2168 ipsius
546 2129 708 2159 charitatis
723 2133 810 2160 actus
834 2131 896 2161 sint

125 2183 229 2220 partes
243 2181 411 2219 affectivae,
437 2182 564 2213 videtur
582 2182 667 2221 quod
688 2184 719 2212 et
733 2183 895 2222 sapientiae

125 2236 212 2264 actus
228 2234 267 2264 sit
283 2234 425 2272 affectus,
443 2244 516 2265 cnm
533 2235 714 2274 principalis
728 2238 816 2266 actus
832 2245 894 2266 non

125 2286 266 2317 varietur
281 2287 401 2317 ratione
415 2288 583 2326 profectus.

166 2338 243 2370 Item
261 2348 318 2370 nec
339 2340 370 2369 in
393 2340 476 2371 dono
496 2340 669 2379 sapientiae,
694 2350 751 2371 nec
772 2342 803 2371 in
828 2343 896 2381 ers

125 2394 197 2422 actu
212 2394 256 2422 est
272 2392 409 2431 reperire
422 2402 587 2423 excessum
605 2404 612 2424 :
629 2402 724 2424 nemo
739 2395 824 2424 enim
845 2395 893 2424 nia

126 2444 187 2474 mis
199 2447 246 2475 est
260 2445 401 2484 sapiens:
414 2446 468 2476 sed
477 2446 511 2475 in
522 2450 594 2477 actu
608 2447 800 2486 cognitionis
814 2448 896 2479 circa

158 2540 166 2556 ¹
183 2539 270 2568 Eccli„
286 2542 371 2569 ν1,23.
385 2553 414 2557 -
429 2541 438 2556 ²
449 2541 535 2571 Greg.,
550 2541 655 2571 Moral„
670 2542 713 2566 lib.
729 2543 747 2571 l,
763 2550 784 2567 c.
802 2549 844 2567 xvl
858 2545 896 2567 vel

126 2580 228 2599 xxx.·-
240 2575 250 2591 ³
260 2575 344 2606 Dion„
358 2576 387 2599 (Ic
400 2577 457 2599 Dii).
470 2576 553 2606 Nom„
568 2583 589 2600 c.
606 2583 653 2600 vn.
667 2590 693 2594 —
717 2577 766 2596 —5
780 2580 895 2610 August.,

127 2610 156 2634 <le
176 2611 334 2641 T1-tnit.,1iu.
350 2612 415 2642 xiv,
439 2619 461 2636 c.
484 2618 502 2642 1,
517 2618 543 2636 n.
564 2614 586 2636 3.
601 2625 631 2629 -
645 2613 655 2629 ³
669 2613 754 2644 Aust„
778 2615 896 2644 Metapa„

1659 166 1712 193 111

950 226 1059 256 divina
1087 226 1241 265 contingit
1264 226 1355 257 valde
1381 226 1419 256 (10
1440 227 1520 257 facili
1545 229 1718 259 excedere:

950 278 1075 309 videtur
1090 288 1167 318 ergo
1183 279 1267 319 quod
1283 281 1370 309 actus
1385 279 1458 309 doni
1473 282 1635 319 sapientiae
1649 291 1718 313 om-

950 331 1028 361 nino
1044 340 1076 361 se
1093 334 1197 362 teneat
1211 341 1252 362 ex
1265 334 1354 371 parte
1371 332 1554 371 affectionis,
1571 337 1601 364 et
1614 335 1721 365 nulla-

950 385 1040 414 tenus
1065 393 1104 414 ex
1134 388 1221 424 parte
1248 385 1448 424 cognitionis
1477 385 1509 416 Si
1533 386 1611 416 forte
1637 387 1722 418 dicas

951 437 1036 475 quod
1049 439 1136 467 actus
1154 439 1223 477 ers
1240 438 1333 468 simul
1350 440 1397 468 est
1411 447 1450 468 ex
1464 440 1551 477 parte
1566 439 1723 477 cognitio-

950 489 1012 527 nis,
1026 491 1057 520 et
1073 490 1265 528 affectionis3
1282 493 1391 521 contra
1407 491 1464 521 hoc
1478 493 1525 521 est
1544 502 1551 522 z
1568 492 1643 531 quia
1659 501 1723 522 nia-

948 542 1000 580 j0r
1016 544 1062 572 est
1077 542 1243 573 dix'ersitas
1258 543 1292 573 in
1314 543 1484 582 habitibus,
1510 554 1606 584 quam
1631 544 1670 574 sit
1689 545 1723 574 in

950 595 1097 633 potentiis
1114 606 1120 625 :
1147 596 1200 626 sed
1215 596 1336 626 ratione
1351 596 1479 626 illorum
1495 599 1640 634 actuum,
1667 598 1723 637 qui

950 649 1025 677 sunt
1039 655 1220 687 cognoscere
1235 651 1264 678 et
1280 648 1380 687 affici,
1397 649 1650 680 diversificantur
1665 659 1724 689 po-

951 700 1055 730 tentiae
1066 701 1192 738 animae,
1218 701 1263 731 ita
1278 701 1362 740 quod
1375 711 1540 741 nunquam
1552 705 1626 733 sunt
1637 705 1725 733 actus

952 752 1097 791 ejusdem
1122 753 1270 792 potentiae
1289 763 1295 782 ;
1320 763 1400 792 ergo
1415 755 1483 793 pari
1503 755 1624 785 ratione
1639 756 1724 786 vide-

951 804 1014 839 tur,
1032 803 1115 842 quod
1133 813 1299 843 nunquam
1325 807 1399 834 sunt
1412 808 1499 835 actus
1512 806 1656 845 ejusdem
1671 806 1725 836 ha-

952 854 1049 885 bitus.
1077 855 1109 885 Si
1132 859 1167 886 tu
1191 857 1275 886 dicas
1299 857 1383 896 (111011
1409 867 1473 888 11011
1498 861 1629 897 possunt
1658 868 1725 889 esse

950 908 1038 937 actus
1071 908 1215 946 eiusdem
1246 909 1376 939 habitus
1407 910 1613 949 principales,
1650 913 1725 941 tunc

950 961 1117 998 quaeritur,
1141 962 1212 1000 quis
1235 962 1273 991 sit
1289 963 1358 1001 ejus
1380 966 1467 992 actus
1491 963 1672 1002 principalis
1696 965 1726 993 et

951 1013 1142 1052 praecipuus,
1159 1017 1268 1044 utrum
1280 1015 1472 1054 cognitivus,
1486 1016 1536 1046 vel
1547 1016 1723 1047 affectivus.

953 1065 988 1095 Et
1001 1075 1056 1105 per
1071 1067 1191 1104 primas
1205 1068 1343 1098 rationes
1366 1068 1491 1098 videtur
1513 1069 1597 1108 quod
1612 1070 1724 1108 cogni-

950 1118 1047 1155 tivus‚
1074 1128 1129 1158 per
1148 1120 1301 1150 secundas
1323 1121 1406 1160 quod
1426 1121 1592 1152 affectivus
1609 1132 1614 1152 z
1633 1124 1664 1152 et
1684 1122 1727 1152 ita

950 1171 1052 1202 reddit
1066 1172 1175 1202 eadem
1189 1173 1322 1212 quaestio
1337 1182 1408 1213 quae
1424 1174 1523 1213 prius.

1225 1291 1450 1324 CONCLUSIO.

950 1377 1052 1403 Donum
1076 1379 1229 1412 sapientire,
1248 1381 1326 1412 prout
1342 1381 1460 1413 pressius
1484 1381 1606 1411 sumitur,
1624 1381 1726 1414 5117711Ῑί-

985 1428 1047 1447 cans
1061 1421 1111 1447 Dei
1126 1423 1361 1455 emperimenlalem
1376 1424 1551 1456 cognitionem
1561 1444 1570 1454 ,
1586 1423 1662 1449 habet
1680 1432 1725 1450 ac-

987 1466 1041 1490 tum
1055 1467 1221 1499 praecipuum
1236 1468 1265 1492 in
1282 1467 1420 1500 affectione
1437 1469 1627 1494 consistentem.

991 1544 1082 1584 Resp.
1108 1545 1147 1576 ad
1171 1555 1240 1584 arg.
1269 1546 1443 1577 Dicendum
1466 1547 1550 1586 quod
1574 1547 1727 1587 sapientia

950 1598 1198 1637 quadrupliciter
1219 1600 1384 1630 consuevit
1407 1600 1505 1639 accipi
1529 1602 1593 1629 tam
1615 1610 1633 1630 a
1655 1600 1726 1640 phi-

950 1650 1101 1689 losophis,
1118 1660 1215 1690 quam
1231 1661 1249 1681 a
1271 1652 1396 1689 sanctis,
1420 1652 1565 1683 videlicet
1581 1662 1726 1683 commu-

950 1702 1048 1740 niter,
1081 1706 1111 1733 et
1137 1704 1242 1735 minus
1266 1705 1496 1743 communiter,
1522 1707 1553 1735 et
1576 1706 1722 1745 proprie,

949 1759 979 1786 et
1002 1757 1105 1795 magis
1132 1759 1268 1798 proprie.
1301 1758 1517 1789 Communiter
1544 1759 1725 1798 accipiendo

949 1809 1153 1848 sapientiam,
1182 1811 1226 1840 sic
1248 1811 1401 1850 sapientia
1420 1811 1492 1841 dicit
1507 1812 1723 1850 cognitionem

951 1871 1059 1892 rerum
1085 1863 1279 1901 generalem,
1307 1864 1481 1894 secundum
1503 1865 1589 1903 quod
1611 1864 1726 1894 diffinit

950 1924 1019 1944 eam
1046 1915 1246 1953 Augustinus
1264 1916 1285 1953 “,
1317 1918 1347 1946 et
1370 1916 1578 1956 Philosophus
1592 1917 1612 1953 ⁵,
1641 1917 1725 1956 quod

951 1968 1102 2007 sapientia
1122 1971 1167 1999 est
1191 1969 1331 2007 cognitio
1357 1978 1466 2000 rerum
1490 1970 1672 2001 divinarum
1695 1973 1726 2001 et

951 2021 1179 2051 humanarum.
1207 2021 1244 2051 Et
1259 2021 1471 2061 Philosophus
1486 2022 1518 2052 in
1535 2023 1637 2062 prima
1652 2023 1723 2062 phi-

950 2073 1093 2113 losophia
1108 2074 1199 2112 dicit,
1217 2074 1302 2114 quod
1317 2075 1441 2114 sapiens
1464 2077 1521 2112 est,
1539 2075 1596 2114 11111
1617 2076 1725 2106 omnia

952 2126 1039 2156 novit
1062 2127 1238 2157 secundun]
1254 2128 1338 2167 quod
1355 2129 1512 2159 convenit.
1539 2128 1609 2158 Alio
1632 2129 1725 2159 modo

950 2179 1065 2209 divitur
1090 2180 1242 2219 sapientia
1259 2181 1364 2211 minus
1379 2181 1592 2211 communiter
1609 2193 1615 2211 ε
1638 2184 1668 2211 et
1683 2182 1726 2212 sic

950 2231 1103 2270 sapientia
1117 2231 1191 2261 dicit
1206 2233 1423 2271 cognitionem
1446 2242 1510 2263 non
1533 2242 1725 2272 quamcum-

950 2293 1032 2322 que,
1060 2284 1114 2314 sed
1140 2285 1357 2323 cognitionem
1379 2285 1560 2323 sublimem,
1583 2286 1726 2317 videlicet

950 2336 1165 2373 cognitionem
1179 2346 1289 2367 rerum
1305 2340 1499 2368 aeternarum
1517 2347 1522 2366 :
1541 2340 1571 2368 et
1585 2338 1628 2367 sic
1642 2339 1722 2368 acci-

951 2389 997 2427 pit
1013 2397 1083 2418 eam
1099 2389 1307 2428 Apostolus⁶z
1334 2391 1403 2422 Alii
1424 2390 1522 2422 claim·
1544 2399 1600 2430 per
1623 2391 1726 2429 spiri-

951 2446 1018 2472 tum
1034 2449 1134 2473 sermo
1156 2443 1336 2481 sapientiw,
1361 2443 1421 2474 alii
1444 2452 1543 2474 sermo
1569 2444 1724 2482 scienciae,

951 2494 1124 2525 secundum
1140 2495 1224 2533 quod
1236 2497 1366 2534 exponit
1376 2496 1588 2535 Augustinus,
1603 2496 1725 2527 dicens’

952 2578 994 2600 lib.
1013 2579 1030 2606 t,
1044 2578 1068 2601 in
1084 2579 1248 2607 prooem—⁸
1264 2580 1271 2602 l
1287 2580 1354 2609 Co1·.‚
1364 2585 1410 2609 xii,
1422 2582 1445 2603 8-
1459 2580 1507 2597 —7
1517 2579 1632 2610 Aug-,de
1644 2580 1721 2610 Tria„

954 2614 995 2637 lib.
1011 2615 1064 2642 ΧΗ,
1079 2621 1101 2637 c.
1119 2620 1175 2643 XIV,
1189 2622 1213 2637 11.
1230 2616 1267 2638 22.
