2017 2948
51 2286 153 2306 Fundam.

590 131 685 162 DIST.
710 131 772 163 XV.
796 127 912 161 PART.
936 127 962 157 I.·
983 127 1074 159 ART.
1100 130 1124 161 Ι.
1150 130 1298 167 QUAEST.
1323 132 1346 162 1.

171 197 262 227 vocat
276 196 467 237 supplicium
483 198 592 228 mortis
615 199 685 229 leve
699 198 842 229 absolute
853 220 861 234 ,
885 195 939 225 sed

171 248 205 279 in
220 251 453 290 comparatione
467 252 505 282 ad
521 261 650 291 poenam
666 254 836 288 aeternam;
852 252 884 281 et
896 249 939 279 le·

171 311 244 333 vem
259 303 384 343 culpam
405 307 513 343 vocat,
533 307 601 336 tum
624 308 750 345 propter
774 306 834 335 1100
855 303 940 343 quod

171 356 268 386 semel
290 360 467 396 perpetrata
488 361 549 393 est,
565 360 635 388 tum
657 359 752 388 etiam
772 358 847 397 quia
861 365 939 386 neu-

171 410 258 439 trum
284 409 417 440 habebat
440 411 670 441 deformitatem
694 410 884 447 notabilem3
909 410 940 439 et

171 461 252 498 ideo,
263 462 287 491 si
299 465 432 502 uterque
447 463 549 493 voluit
561 464 724 503 poenitere,
741 463 778 493 de
793 462 874 492 sacili
889 471 940 501 [10-

171 514 231 544 11111
245 515 492 546 miserirordiam
508 516 662 553 invenire,
688 519 715 546 et
734 524 849 554 graves
873 523 938 553 poe-

171 575 228 596 nas
237 567 385 605 evadere;
403 571 433 599 et
449 571 583 608 uterque
600 569 728 599 illorum
749 568 869 598 occisus
883 567 941 597 snit

171 629 211 650 ex
225 620 334 659 rigore
348 621 439 660 legis,
457 631 528 661 qnae
545 622 615 652 data
642 624 708 651 erat
732 621 764 651 in
781 621 938 651 timorem.

172 672 209 702 Et
223 674 307 712 quod
322 674 472 713 objicitur
486 675 524 705 de
539 675 737 714 blasphemia
749 698 756 712 ‚
773 673 939 703 dicendum

172 726 269 764 quod,
285 728 461 758 secundum
478 728 669 758 Richardnm
691 728 729 757 de
743 729 850 757 sancto
868 725 940 757 Vic-

171 780 249 816 1010,
266 788 330 810 non
345 781 447 811 omnis
460 781 657 820 blasphemia
670 782 717 811 est
731 782 893 820 peceatum
908 778 941 808 in

172 832 324 871 Spiritum
340 836 501 872 sanctu2n3
520 835 574 865 sed
590 844 661 874 quae
681 834 797 864 dicitur
810 832 941 872 spiritus

170 882 387 922 blasphemiae,
404 885 531 924 quando
547 886 618 925 quis
634 885 831 915 voluntatem
846 883 942 913 habet

171 936 410 976 blasphemandi
421 938 531 969 Deum.
548 939 607 969 Sed
620 938 673 968 illa
688 946 759 977 quae
774 937 889 967 dicitur
902 945 941 966 ex

173 990 312 1028 quadam
327 991 524 1031 surreptione
550 994 580 1022 et
605 991 672 1021 sine
686 989 939 1026 conturbatione,

171 1051 235 1072 non
250 1045 296 1073 est
311 1053 435 1083 semper
450 1045 533 1074 inter
547 1046 671 1084 peccata
687 1043 831 1073 enormia
842 1051 937 1081 repu-

170 1095 264 1125 tanda
288 1097 432 1134 gravius,
456 1097 527 1127 licet
547 1097 613 1136 ipsa
633 1105 732 1135 grave
755 1095 852 1135 possit
874 1104 942 1125 esse

171 1150 347 1187 peccatum.

325 1265 568 1298 ARTICULUS
597 1265 764 1298 UNICUS.

212 1361 259 1391 Ad
278 1361 523 1400 intelligentiam
544 1362 642 1399 hujus
666 1361 762 1401 partis
783 1371 838 1391 sex
862 1361 942 1391 inci—

171 1413 250 1444 dunt
266 1414 318 1443 hic
331 1414 503 1453 quaerenda
517 1425 523 1444 :
542 1414 644 1453 primo
663 1414 818 1453 quaerilur
833 1416 941 1444 utrum

171 1467 317 1506 possibile
332 1468 372 1498 sit
386 1468 447 1497 Deo
469 1467 661 1498 reconciliari
680 1475 735 1506 per
758 1467 940 1497 satisfactio-

170 1530 259 1558 nem;
279 1521 428 1557 secundo,
440 1523 548 1550 utrum
564 1521 603 1550 sit.
616 1519 763 1559 possibile
779 1520 840 1549 Deo
856 1521 942 1550 satis-

171 1573 271 1603 facere
291 1574 329 1604 de
344 1583 409 1604 uno
424 1578 549 1613 peccato
565 1598 572 1610 ‚
596 1573 656 1603 alio
672 1575 809 1610 retent03
828 1573 939 1611 tertio,

171 1630 279 1658 utrum
293 1630 382 1658 extra
398 1628 582 1658 charitatem
605 1627 815 1657 abstinentem
841 1637 859 1657 a
874 1636 942 1667 [100-

169 1680 258 1717 catis,
275 1681 423 1720 possibile
438 1681 477 1710 sit
491 1680 670 1711 satisfacere
681 1691 687 1717 ;
697 1682 821 1719 quarto,
831 1682 941 1710 utrum

170 1742 266 1773 opera
292 1734 496 1765 satisfactoria
524 1735 605 1764 facta
628 1736 717 1764 extra
741 1734 938 1771 charitatem,

171 1787 373 1818 vivificentur
383 1787 570 1817 adremente
586 1786 750 1823 charitate,
763 1788 793 1815 et
808 1786 941 1816 debeant

171 1843 345 1882 computari
357 1843 389 1872 in
403 1845 535 1880 sortem3
549 1843 658 1882 quinto
669 1842 824 1881 quaeritur
831 1844 939 1872 utrum

172 1905 227 1935 per
243 1896 316 1926 talia
345 1905 440 1935 opera
459 1896 575 1935 aliquid
600 1897 780 1932 mereatum
802 1898 890 1926 sexto
911 1898 941 1926 et

172 1948 284 1980 ultimo
305 1950 458 1989 quaeritur
488 1949 563 1988 quid
589 1949 628 1978 sit
654 1948 731 1978 illud
762 1948 846 1988 quod
872 1958 938 1980 me-

171 2003 268 2032 retur.

442 2067 619 2105 QUAESTIO
643 2067 665 2097 1.

246 2147 291 2173 An
318 2148 355 2173 sit
382 2147 508 2180 possibile
538 2146 708 2173 reconciliari
734 2146 785 2172 Deo
812 2152 861 2179 per

427 2192 641 2224 satisfactionem
663 2194 678 2216 ¹.

210 2268 299 2305 Quod
314 2268 353 2299 sit
368 2269 513 2308 possibile
531 2269 591 2299 Deo
605 2267 812 2304 reco:,cilia1·i⁷
830 2269 935 2297 osteu-

169 2321 253 2352 ditur
267 2331 323 2361 per
338 2322 553 2352 definitionem
568 2323 647 2360 ejus,
661 2320 742 2360 quod
758 2322 804 2349 est
820 2320 937 2350 satisfa-

168 2384 253 2413 cere;
270 2375 345 2415 quia
359 2375 432 2405 dicit
446 2375 616 2405 Ansclmus
630 2375 640 2390 ²
653 2385 658 2403 :
681 2385 695 2401 «
711 2372 876 2403 Satit'acere
891 2375 937 2403 est

202 2472 210 2488 ²
234 2472 275 2502 Cf.
298 2473 368 2496 Alex.
394 2472 489 2502 Ateus„
513 2480 539 2502 p.
565 2472 606 2501 lv,
632 2477 656 2501 q.
685 2475 760 2499 xxiv,
787 2470 882 2493 memb.
908 2473 935 2499 15

168 2510 194 2532 S.
205 2508 306 2537 Thom..
318 2508 343 2531 in
356 2507 441 2539 Suppl.
455 2514 479 2537 p.
500 2507 540 2534 ΙΙΙ,
555 2514 579 2537 q.
592 2512 615 2535 v,
627 2507 673 2529 nrt.
685 2506 714 2534 2}
728 2504 814 2534 steph.
832 2505 934 2534 BruleR,

169 2544 199 2568 lv
216 2544 295 2575 Seut„
309 2544 367 2567 dist.
383 2549 424 2573 xv,
440 2551 464 2573 q.
481 2549 505 2573 15
521 2543 611 2566 Petrus
639 2542 669 2565 de
685 2541 796 2571 iurant„
812 2540 844 2565 lv
855 2541 933 2570 Sent„

1705 140 1763 170 589

996 196 1150 227 honorem
1165 197 1307 228 demtum
1327 198 1388 229 Deo
1411 200 1540 232 reddere
1554 213 1559 232 :
1576 204 1627 233 sel
1645 204 1703 235 1100
1719 208 1764 237 est

996 249 1143 288 possibile
1166 250 1290 281 homini
1308 262 1315 282 :
1333 261 1412 291 ergo
1436 255 1583 293 possibile
1607 259 1654 287 est
1674 259 1764 289 satis-

996 302 1106 333 facere.

1037 355 1126 395 Item,
1138 359 1258 396 quanto
1273 358 1310 397 is,
1328 360 1437 389 contra
1451 369 1546 399 quem
1558 362 1764 403 delinquitur5

997 408 1229 441 misericordior
1243 414 1300 450 est,
1313 414 1398 443 tanto
1413 413 1571 445 minorem
1587 416 1688 455 exigit
1702 427 1765 457 poe-

996 470 1088 498 nam3
1111 465 1141 493 et
1163 466 1283 503 quanto
1310 465 1466 496 minorem
1493 467 1593 506 exigit
1618 478 1763 509 poenam,

997 516 1083 544 tanto
1097 515 1219 546 facilius
1234 518 1265 546 et
1280 517 1458 556 possibilius
1467 521 1514 549 est
1528 519 1556 549 ei
1572 521 1764 554 satisfacere:

997 567 1050 597 sed
1068 567 1148 598 Deus
1170 572 1217 599 est
1240 570 1339 600 multo
1355 570 1590 603 misericordior
1610 573 1739 605 homine
1757 586 1763 606 :

997 628 1087 658 ergo,
1104 621 1129 651 si
1144 624 1245 661 potest
1259 623 1383 653 homini
1400 624 1554 663 satisfieri⁷
1572 627 1602 656 et
1616 626 1689 657 Deo.

1038 672 1117 703 Item
1139 675 1330 706 sufficienter
1351 676 1463 716 aliquis
1479 678 1622 717 punitur,
1639 681 1766 719 quando

999 728 1118 755 tantum
1139 727 1167 757 ei
1182 728 1376 759 tormentum
1390 754 1397 767 ,
1415 733 1569 770 quantum
1583 732 1643 762 fuit
1664 733 1765 764 (10100-

997 780 1185 816 tamentum,
1200 781 1276 820 quia
1290 781 1349 812 1100
1363 785 1409 812 est
1419 783 1544 822 j11stitia
1555 784 1638 823 legis
1652 785 1767 816 Mosai-

997 840 1041 861 cae
1057 832 1091 862 ⁸:
1115 833 1218 865 Juxta
1241 843 1422 866 mensmwn
1449 836 1487 875 (a)
1507 839 1629 875 peccati
1655 841 1716 870 erit
1738 844 1766 871 att

994 884 1164 924 Μάθαν-11111
1191 887 1319 924 modus,
1342 890 1421 925 etc.;
1445 892 1476 919 et
1497 889 1576 928 legis
1598 890 1714 922 divinae
1729 894 1738 910 ⁴
1757 904 1762 922 :

1000 937 1157 971 Quantum
1169 947 1199 970 se
1209 940 1415 978 glorificavit,
1432 943 1489 971 etc.
1507 942 1567 972 Sed
1580 943 1694 982 aliquis
1708 953 1763 983 [10-

997 991 1056 1020 test
1071 991 1128 1020 sibi
1143 991 1202 1021 1100
1217 992 1317 1023 facere
1336 1004 1342 1023 z
1359 1002 1436 1031 ergo
1452 996 1553 1033 potest
1566 994 1628 1025 Deo
1642 997 1763 1027 satista-

998 1052 1079 1073 cere.

1038 1095 1152 1127 Contra
1169 1108 1175 1127 :
1193 1100 1220 1127 1.
1238 1097 1338 1128 Tanta
1358 1100 1404 1129 est
1423 1099 1560 1138 offensa,
1583 1104 1723 1140 quantus
1738 1103 1764 1133 is

998 1151 1043 1179 est
1071 1150 1125 1189 qui
1143 1150 1316 1181 offenditur
1338 1162 1344 1182 z
1362 1152 1415 1182 sed
1438 1152 1520 1183 Dens
1544 1156 1591 1184 est
1609 1154 1764 1195 infinitus,

997 1201 1053 1241 qui
1067 1202 1238 1234 offenditur
1253 1204 1285 1233 in
1298 1206 1424 1243 peccato
1441 1215 1448 1235 :
1467 1205 1567 1244 igitur
1582 1209 1613 1237 et
1633 1207 1763 1240 offensa.

998 1253 1058 1285 Sed
1073 1258 1191 1294 quanta
1209 1259 1256 1287 est
1275 1257 1395 1288 offensa
1406 1282 1413 1296 ‚
1430 1260 1515 1289 tanta
1529 1259 1619 1290 debet
1633 1270 1700 1292 esse
1714 1272 1763 1293 sa-

997 1306 1144 1345 tisfactio,
1162 1308 1301 1348 alioquin
1322 1319 1387 1341 non
1407 1312 1442 1342 fit
1462 1313 1537 1342 satis
1555 1323 1561 1343 ε
1580 1322 1658 1352 ergo
1672 1315 1705 1345 in
1720 1315 1764 1346 in·

997 1359 1123 1390 finitum
1141 1363 1265 1400 oportet
1284 1363 1367 1402 quod
1390 1364 1486 1395 homo
1507 1375 1539 1396 se
1562 1367 1672 1406 puniat
1688 1379 1694 1398 z
1712 1369 1764 1399 sed

996 1412 1056 1442 hoc
1075 1417 1122 1443 est
1138 1414 1331 1453 impossibile
1355 1416 1449 1448 alicui
1465 1428 1471 1448 τ
1489 1428 1567 1457 ergo
1583 1429 1648 1450 non
1662 1423 1764 1460 potest

997 1465 1059 1496 Deo
1074 1467 1249 1498 satisfacere
1264 1469 1361 1500 homo
1378 1471 1415 1501 de
1428 1474 1564 1511 peccato.

1037 1522 1066 1550 9..
1097 1520 1174 1551 Item
1194 1525 1357 1561 peccatum
1378 1524 1495 1555 diaboli
1508 1529 1670 1565 peccatum
1692 1537 1764 1558 nos-

996 1574 1081 1602 trum
1092 1582 1156 1604 non
1166 1575 1288 1605 excedit
1306 1577 1339 1606 in
1359 1577 1521 1609 infinitum
1536 1590 1542 1609 2
1560 1580 1635 1618 imo⁷
1647 1583 1766 1620 quanto

996 1626 1064 1664 ejus
1090 1626 1182 1667 culpa
1207 1629 1330 1659 excedit
1347 1629 1543 1670 humanam,
1561 1634 1649 1664 tanto
1665 1634 1767 1664 virtus

995 1682 1119 1709 naturae
1132 1680 1170 1710 ad
1190 1682 1409 1713 sustinendum
1425 1685 1508 1714 mala
1521 1709 1529 1723 ,
1544 1688 1574 1716 01
1587 1686 1766 1717 faciendum

996 1732 1088 1769 bona,
1110 1735 1155 1762 est
1180 1733 1289 1764 fortior
1307 1746 1312 1765 :
1333 1736 1386 1766 sed
1409 1737 1552 1768 diabolus
1572 1748 1635 1769 non
1664 1742 1766 1779 potest

995 1784 1172 1816 satisfacere
1189 1797 1195 1815 :
1211 1796 1290 1826 ergo
1304 1797 1362 1818 nec
1378 1789 1484 1820 liomo.

1036 1839 1064 1867 3.
1083 1837 1160 1868 Item
1171 1839 1292 1878 primus
1307 1850 1420 1879 parens
1435 1851 1499 1873 non
1514 1844 1616 1883 potuit
1626 1844 1663 1875 de
1674 1845 1765 1885 culpa

995 1899 1052 1919 sua
1064 1891 1250 1930 satisfacere,
1268 1893 1343 1932 quia
1357 1903 1430 1924 cum
1445 1898 1526 1926 esset
1540 1897 1648 1936 homo,
1666 1898 1765 1929 voluit

995 1942 1028 1972 in
1042 1943 1172 1974 scientia
1187 1945 1355 1976 assimilari
1371 1947 1432 1977 Deo
1450 1958 1456 1978 z
1477 1948 1559 1987 ideo,
1576 1949 1615 1980 ad
1628 1950 1765 1981 satisfac-

995 1996 1125 2033 tionem,
1142 2006 1268 2028 necesse
1282 1998 1341 2028 fuit
1350 2000 1434 2038 quod
1449 1999 1530 2031 Deus
1545 2002 1635 2033 fieret
1648 2003 1760 2035 homo:

993 2049 1047 2079 sed
1076 2050 1207 2089 quilibet
1233 2054 1376 2090 peccator
1409 2054 1537 2092 praefert
1566 2055 1762 2088 voluntatem

993 2112 1085 2133 suam
1102 2103 1258 2133 voluntati
1272 2104 1389 2136 divinae
1405 2116 1412 2136 z
1432 2116 1510 2146 ergo
1525 2118 1589 2139 non
1603 2111 1703 2149 potest
1718 2119 1763 2141 sa-

994 2156 1146 2187 tisiacerc.

1032 2212 1062 2240 4.
1079 2210 1157 2241 Item
1172 2211 1279 2242 nullus
1293 2211 1331 2242 de
1343 2212 1492 2252 originali
1510 2215 1613 2253 potuit
1638 2217 1761 2247 satissa-

992 2272 1062 2293 cere
1077 2264 1134 2293 nisi
1152 2273 1207 2303 per
1222 2267 1357 2295 mortem
1372 2264 1485 2296 Christi
1501 2274 1508 2295 :
1521 2267 1574 2297 sed
1584 2268 1682 2299 multo
1698 2270 1759 2300 mi-

991 2326 1051 2347 nus
1078 2318 1228 2357 ponderat
1258 2319 1414 2358 originale
1426 2343 1435 2357 ‚
1465 2330 1562 2359 quam
1600 2322 1720 2353 actuale
1749 2332 1757 2354 ι

991 2379 1081 2409 ergo,
1100 2373 1158 2401 010.

991 2456 1048 2479 (Πεῑ.
1063 2462 1116 2486 xxv,
1133 2463 1157 2486 q.
1174 2463 1190 2480 1.
1206 2469 1236 2474 -
1253 2457 1262 2470 ²
1279 2457 1401 2487 Auselm„
1419 2457 1470 2481 Cur·
1485 2458 1551 2482 Deus
1567 2459 1642 2488 hom„
1663 2460 1706 2484 lib.
1726 2461 1758 2493 ΙΙ,

990 2498 1011 2515 c.
1028 2496 1052 2514 w
1069 2493 1181 2515 0113.-
1195 2492 1203 2505 ³
1218 2492 1301 2523 Deut„
1316 2498 1377 2523 xxv,
1391 2494 1413 2517 2.
1426 2506 1456 2510 —
1467 2493 1476 2508 ¹⁴
1492 2494 1574 2524 Apus„
1590 2501 1665 2526 xvni,
1682 2497 1703 2521 7.

1022 2540 1054 2570 (a)
1068 2540 1142 2571 Vulg.
1158 2541 1206 2565 Pro
1221 2548 1347 2565 mensura.

1782 1123 1815 1145 Ait
1832 1129 1884 1150 opp.
