2017 2948
64 2143 158 2169 Improb.

668 194 764 226 DIST.
789 193 893 226 XXXI.
916 193 1007 225 ΛΒΤ.
1031 194 1054 225 1.
1079 193 1228 231 QUAEST.
1252 194 1306 225 111.
1753 197 1786 227 11

188 262 387 302 propositum
410 262 513 293 vocati
534 263 610 293 sunt
626 261 736 293 sancti.
752 261 824 293 ldeo
840 260 958 292 divinae

188 314 474 355 praedestinationis
494 314 734 346 immutabilitas
753 323 958 355 nequaquam

187 368 304 399 sineret
316 367 479 399 hominem
493 368 557 398 labi
570 377 589 399 a
602 368 769 406 charitate,
785 368 845 398 nisi
859 377 899 398 ex
913 367 958 398 13-

188 432 248 463 psu
275 423 329 454 illo
350 423 470 455 videret
500 423 746 464 subsequentem
777 423 956 456 utilitatem.

188 475 252 507 Nec
263 475 408 516 regimen
422 476 540 507 divinae
555 476 762 516 providentiae
783 476 886 507 filium
907 487 957 508 re-

187 528 246 569 gni
270 529 465 569 permitteret
492 529 613 567 cadere,
635 529 695 560 nisi
718 539 758 561 ex
777 530 838 561 hoc
864 530 959 561 simul

186 582 374 622 praevideret
394 583 499 623 majus
518 583 639 614 bonum
658 593 698 614 ex
717 583 786 623 ipso
808 593 882 614 casu
901 584 959 614 eli—

187 644 268 666 cere.
295 634 343 666 Ex
363 637 452 676 parte
470 645 546 667 vero
565 636 780 668 retributionis
800 636 958 668 rationem

187 690 411 728 sumpserunt,
439 689 516 729 quia
544 689 626 720 Deus
653 699 748 730 opera
773 691 959 721 remunerat

187 742 363 773 secundum
390 742 599 782 quantitatem
624 742 803 782 charitatis,
831 752 872 774 ex
894 752 959 783 qua

186 797 261 826 sunt
275 795 366 825 facta.
388 795 422 826 Si
435 804 516 834 ergo
536 796 671 827 charitas
687 796 722 827 in
735 805 800 836 qua
813 798 886 836 quis
904 806 958 828 re-

186 847 300 888 surgit,
324 847 464 879 vivificat
478 857 574 889 opera
586 849 676 889 prius
690 850 827 886 mortua,
841 851 872 879 et
886 849 959 880 facit

187 909 224 932 ea
237 901 492 932 remuneratione
507 901 625 940 digna,
647 910 722 932 cum
742 902 958 933 remuneratio

186 953 372 994 adaequetur
402 954 571 994 quantitati
601 954 762 985 charitatis
777 978 786 993 ‚
823 964 864 986 ex
894 964 958 995 qua

186 1016 283 1047 opera
303 1007 384 1038 facta
403 1010 493 1046 sunt,
507 1016 565 1038 nec
578 1008 676 1048 possit
689 1007 839 1039 excedere
855 1017 958 1048 quan-

184 1060 307 1091 titatem
321 1060 497 1099 charitatis,
519 1060 553 1091 in
570 1070 634 1100 qua
647 1061 719 1100 quis
732 1061 890 1100 resurgit,
904 1070 959 1092 ra-

184 1113 380 1145 tiocinantur
394 1123 435 1144 ex
448 1113 519 1153 1100,
535 1114 621 1154 quod
638 1113 832 1154 impossibile
846 1114 886 1145 sit
900 1115 958 1145 mi-

185 1176 296 1199 norem
309 1167 494 1198 charitatem
514 1176 581 1198 esse
595 1167 630 1198 in
641 1169 842 1207 resurgente,
859 1177 958 1207 quam

184 1220 274 1261 prius
286 1220 427 1252 fueritin
441 1221 580 1252 cadente.
600 1220 649 1252 Ex
667 1223 756 1261 parte
771 1223 889 1252 nostrae
903 1230 957 1253 re-

184 1273 356 1314 parationis
375 1273 609 1305 raciocinantur
631 1275 676 1305 510
701 1286 708 1306 z
733 1275 809 1315 quia
837 1277 957 1315 quanto

184 1327 280 1359 homo
303 1328 407 1367 magis
427 1328 464 1358 fit
486 1328 611 1368 ineptus
634 1329 674 1360 ad
697 1329 853 1368 gratiam,
869 1331 957 1360 tanto

184 1381 296 1421 majori
310 1380 433 1421 indiget
442 1382 671 1421 praeparatione
679 1381 718 1412 ad
728 1382 798 1420 hoc,
810 1383 846 1413 ut
856 1382 957 1422 ipsam

182 1435 345 1475 suscipiat:
355 1435 410 1466 sed
423 1437 543 1475 quanto
561 1444 580 1466 a
594 1435 708 1475 majori
719 1435 823 1474 gratia
834 1435 956 1474 cecidit,

182 1489 269 1519 tauto
282 1488 387 1528 magis
398 1489 559 1528 peccavit,
580 1490 611 1519 et
632 1489 735 1527 magis
756 1488 796 1520 ad
820 1488 958 1527 gratiam

181 1541 308 1582 ineptus
321 1542 381 1572 fuit
397 1552 404 1573 ε
421 1543 517 1573 105131
539 1550 628 1581 ergo,
646 1543 683 1571 ut
697 1543 853 1578 asserunt,
870 1541 956 1581 quod

182 1595 341 1635 quantitas
372 1595 613 1635 praeparationis
642 1595 753 1626 debeat
781 1594 958 1634 proportio-

182 1648 253 1678 nari
267 1647 435 1688 quantitati
449 1647 621 1687 charitatis,
638 1657 656 1678 a
671 1657 735 1688 qua
748 1647 820 1688 quis
835 1647 957 1678 cecidit.

182 1700 221 1732 Et
243 1701 403 1741 quantitas
420 1701 580 1732 charitatis
598 1710 734 1741 sequens
754 1702 959 1732 mensuratur

182 1753 358 1784 secundum
376 1754 586 1794 quantitatem
605 1754 846 1794 praeparationis
860 1762 868 1784 ε
883 1763 958 1794 pro-

181 1808 251 1847 pter
267 1807 353 1847 quod
374 1807 525 1848 consequi
548 1808 692 1846 videtur,
711 1807 796 1848 quod
822 1807 958 1838 charitas

182 1859 379 1900 subsequens
414 1860 601 1901 adaequetur
642 1861 831 1901 praecedenti
859 1884 867 1898 ,
907 1861 958 1892 vel

182 1921 254 1943 eam
268 1913 408 1944 excedat.
430 1913 469 1945 Et
486 1914 546 1944 1100
560 1914 749 1945 confirmant
764 1922 820 1954 per
832 1913 911 1945 illud
924 1917 932 1933 ¹
949 1924 956 1944 ε

185 1964 293 1997 Sicuti
316 1966 381 2004 ruit
403 1974 514 1998 sensus
530 1969 630 1999 vester
643 1969 679 1999 ut
697 1967 846 1999 erraretis
861 1975 882 1998 a
900 1967 959 1999 Do-

183 2019 271 2050 mino
283 2042 291 2057 ,
307 2018 408 2051 decies
431 2021 555 2052 tantum
569 2020 684 2051 iterum
703 2021 894 2051 revertentes
909 2020 959 2051 in-

184 2072 319 2104 venictis
329 2080 410 2104 eum.
422 2072 500 2104 Et¹:
515 2072 756 2109 convertimini,
770 2072 836 2112 filii
847 2073 957 2110 lsrael,

185 2125 268 2157 sicut
293 2126 330 2157 in
349 2126 549 2165 protundum
573 2127 784 2158 recesseratis.
818 2125 879 2156 Sed
907 2126 958 2157 hic

185 2179 299 2210 modus
319 2179 443 2210 dicendi
461 2181 507 2211 est
527 2181 636 2211 contra
649 2180 806 2210 rationem
818 2182 847 2210 et
863 2180 958 2210 seusi-

184 2231 246 2263 bile
259 2232 515 2272 experimentum
527 2257 535 2271 ,
550 2242 609 2264 1100
631 2233 726 2264 1131101
749 2232 860 2263 stabile
883 2233 958 2263 fun—

182 2285 379 2317 damentum.
415 2285 530 2318 Contra
558 2287 716 2318 rationem
741 2286 828 2317 enim
855 2286 958 2317 dicere

182 2341 239 2377 est,
255 2339 340 2379 quod
354 2339 519 2379 perfectus,
536 2340 563 2371 si
576 2340 664 2372 cadat
677 2349 696 2371 a
709 2339 871 2378 charitate,
893 2349 958 2371 non

183 2392 279 2433 possit
293 2400 460 2432 resurgere
472 2393 532 2424 nisi
546 2393 579 2424 in
592 2395 675 2425 statu
685 2395 716 2425 et
727 2393 958 2433 complemento

182 2445 381 2485 perfectionis
394 2453 473 2477 suae.
488 2445 527 2478 Et
540 2446 579 2478 de
593 2446 703 2478 multis
716 2449 856 2487 apparet,
874 2446 958 2486 quod

183 2499 328 2530 cadentes
344 2507 410 2530 non
434 2502 609 2539 resurgunt
633 2500 672 2531 ad
691 2499 781 2530 illam
796 2499 959 2539 perfectio-

184 2560 270 2591 nem,
283 2561 303 2583 a
316 2560 380 2593 qua
394 2551 585 2584 ceciderunt.
601 2552 721 2584 Stabile
739 2553 835 2584 etiam
849 2552 959 2584 funda-

185 2606 331 2636 mentum
349 2614 415 2637 non
436 2604 543 2644 hahet,
558 2605 635 2647 quia
656 2605 775 2639 divinae
799 2605 958 2647 praedesti-

221 2668 345 2699 ‘Barac-li,
361 2674 395 2697 ιν,
407 2669 446 2693 28.
459 2681 489 2688 —-
501 2669 510 2686 ²
521 2668 579 2698 isa„
590 2670 740 2697 1111111,6.-
750 2669 760 2685 ³
774 2668 835 2693 Dist.
853 2674 909 2693 xm.

1014 261 1152 293 nationis
1172 261 1334 301 dispositio
1357 270 1422 292 non
1443 262 1565 301 exigit,
1586 263 1672 302 quod
1692 263 1791 294 homo

1013 323 1139 354 semper
1154 314 1303 354 procedat
1316 314 1351 344 in
1365 314 1463 353 hono,
1480 315 1534 345 sed
1548 315 1634 355 quod
1651 316 1692 346 sit
1705 316 1790 347 fina-

1013 366 1086 397 liter
1101 366 1215 396 bonus.
1231 366 1286 396 Dei
1301 365 1397 396 etiam
1411 365 1577 396 retributio
1599 375 1664 397 non
1682 370 1792 407 pensat

1014 419 1172 457 quantum
1182 417 1221 447 ad
1233 417 1336 448 meriti
1353 417 1524 447 efficaciam
1541 418 1724 449 charitatem
1735 419 1793 449 ini·
1807 415 1812 417 ”

1014 470 1134 508 tialem,
1151 470 1204 500 sed
1219 470 1404 500 charitatem
1421 469 1562 500 finalem.
1575 469 1688 501 Nostra
1697 471 1792 502 etiam

1014 524 1203 564 praeparatio
1213 524 1253 554 ad
1263 523 1400 561 gratiam
1410 525 1509 561 potest
1520 532 1585 554 esse
1593 525 1735 562 majorin
1743 534 1791 562 eo,

1013 576 1070 616 qui
1085 575 1192 606 minus
1203 575 1354 614 peccavit,
1369 577 1399 605 et
1414 575 1560 605 ininorin
1571 585 1608 606 eo
1623 576 1678 615 qui
1689 577 1793 615 magis

1013 629 1165 669 peccavit.
1178 628 1215 659 Et
1227 627 1324 659 verba
1338 628 1391 657 illa
1405 628 1587 668 prophetica
1600 638 1665 660 non
1681 629 1794 660 intelli-

1014 684 1139 721 guntur
1149 681 1188 712 de
1201 690 1404 721 quacumque
1419 681 1662 720 praeparatione,
1683 683 1737 713 sed
1754 682 1793 713 de

1013 735 1242 775 praeparatione
1254 734 1399 774 periecta,
1411 740 1442 764 et
1449 734 1632 773 poenitentia
1646 744 1793 766 consum-

1014 790 1111 825 mata,
1134 797 1207 828 quae
1230 787 1371 818 restituit
1392 787 1501 817 omnia
1522 787 1636 825 ablata,
1658 788 1740 818 sicut
1758 788 1793 819 iu

1013 842 1236 882 (11131101111103
1251 841 1450 880 explanatur.
1468 840 1539 871 Non
1557 843 1664 871 autem
1674 841 1794 872 habent

1012 894 1179 925 veritatem
1191 894 1229 924 de
1245 894 1471 933 qualicumque
1486 894 1670 932 poenitentia
1682 897 1794 925 010011-

1012 948 1159 978 versione
1171 947 1238 977 siue
1253 946 1495 986 praeparatione.
1514 945 1603 976 Unde
1614 955 1687 977 cum
1696 947 1794 978 homo

1013 1009 1046 1030 se
1060 1009 1241 1040 praeparare
1258 999 1355 1039 possit
1375 999 1414 1029 ad
1436 1000 1607 1039 majorem,
1631 1001 1662 1030 et
1677 999 1716 1030 ad
1730 1000 1792 1031 mi·

1013 1062 1136 1091 norem,
1153 1055 1183 1084 et
1196 1053 1236 1084 ad
1251 1052 1407 1092 aequalem
1422 1052 1628 1090 charitatem,
1645 1062 1794 1084 commu-

1013 1107 1062 1137 nis
1085 1108 1170 1137 tenet
1183 1106 1301 1146 opinio,
1317 1105 1402 1145 quod
1417 1105 1514 1136 homo
1528 1108 1628 1145 potest
1643 1108 1672 1136 et
1687 1106 1720 1136 in
1731 1115 1795 1137 ma-

1012 1159 1092 1199 j0ri,
1121 1162 1150 1189 et
1174 1160 1208 1189 in
1233 1159 1371 1195 minori,
1391 1161 1422 1189 et
1445 1159 1479 1189 in
1503 1159 1619 1199 aequali
1643 1159 1795 1191 charitate

1012 1221 1191 1252 resurgere.
1223 1212 1261 1242 Et
1285 1212 1493 1243 concedendae
1520 1215 1595 1243 sunt
1622 1213 1762 1244 rationes
1784 1237 1792 1252 ‚

1013 1275 1088 1307 quae
1106 1266 1232 1296 suntad
1248 1266 1340 1296 istam
1356 1268 1491 1305 partem.

1055 1322 1083 1350 1.
1101 1320 1149 1350 Ad
1163 1319 1241 1350 illud
1255 1328 1334 1358 ergo
1356 1319 1440 1358 quod
1466 1319 1570 1359 primo
1594 1319 1744 1359 objicitur
1761 1320 1794 1351 in

1013 1373 1219 1411 contrarium,
1232 1373 1318 1412 quod
1338 1372 1492 1403 Dominus
1518 1381 1583 1403 non
1610 1372 1795 1404 recordatur

1013 1429 1214 1468 peccatorum
1229 1428 1299 1466 post
1311 1426 1532 1465 poenitentiam
1549 1426 1730 1465 peccatoris,
1747 1426 1795 1457 di-

1013 1480 1150 1511 cendum
1174 1479 1261 1519 quod
1286 1479 1345 1509 hoc
1362 1479 1551 1518 intelligitur
1574 1481 1731 1519 quantum
1756 1480 1796 1510 ad

1013 1533 1213 1574 punitionem
1227 1534 1392 1563 aeternam.
1410 1531 1447 1562 Et
1466 1532 1552 1571 quoti
1569 1533 1674 1571 gratia
1689 1532 1795 1563 minor

1013 1587 1106 1618 detur
1126 1585 1266 1624 homini,
1282 1594 1380 1626 quam
1404 1586 1505 1616 suerat
1524 1586 1715 1626 111-1011οᾱ035,
1732 1586 1792 1617 1100

1013 1649 1079 1671 11011
1102 1642 1148 1670 051
1170 1641 1297 1679 propter
1320 1641 1522 1679 peccatorum
1541 1638 1790 1679 praecedentium

1014 1693 1231 1734 punitionem,
1255 1692 1309 1723 sed
1332 1692 1392 1722 1100
1417 1694 1463 1722 051
1481 1695 1610 1732 propter
1624 1692 1724 1732 ipsius
1739 1701 1795 1724 ne-

1016 1748 1194 1787 gligentem
1216 1749 1247 1777 et
1266 1746 1405 1785 tepidam
1426 1746 1704 1786 praeparationem.

1054 1803 1083 1831 2.
1105 1800 1153 1831 Ad
1168 1799 1245 1830 illud
1264 1799 1351 1839 quod
1367 1798 1533 1838 objicitur,
1550 1799 1635 1838 quod
1658 1798 1795 1838 diliyen-

1014 1854 1099 1887 tibus
1113 1855 1216 1885 Deum
1237 1853 1347 1884 omnia
1372 1856 1582 1891 cooperantur
1606 1853 1643 1884 in
1666 1852 1792 1890 bonum,

1014 1908 1183 1940 dicendum
1207 1906 1292 1946 quod
1318 1905 1397 1936 illud
1418 1914 1483 1935 non
1510 1905 1700 1944 intelligitur
1719 1905 1794 1945 quia

1014 1971 1138 2002 semper
1155 1962 1364 2000 cooperentur
1386 1960 1420 1990 111
1442 1960 1563 1990 honum
1581 1963 1738 2000 quantum
1753 1961 1793 1992 ad

1015 2017 1227 2054 augmentum
1252 2013 1375 2053 praemii
1399 2013 1629 2052 suhstantialis3
1654 2014 1708 2045 sed
1734 2015 1795 2045 hoo

1014 2071 1114 2109 potest
1129 2076 1195 2097 esse
1216 2068 1373 2106 quantum
1399 2066 1436 2096 ad
1461 2066 1622 2106 quandam
1641 2067 1795 2098 humilia-

1013 2123 1145 2158 tionem,
1175 2123 1205 2150 et
1228 2119 1461 2159 diligentiorem
1485 2120 1558 2150 honi
1582 2121 1795 2153 conservatio-

1015 2184 1104 2213 nem,
1127 2176 1158 2206 et
1178 2174 1355 2204 cautiorem
1380 2173 1454 2203 mali
1485 2173 1693 2212 vitationem,
1722 2183 1796 2214 quae

1014 2230 1168 2269 adjuvant
1187 2227 1353 2257 hominem
1374 2226 1413 2256 ad
1435 2226 1495 2256 hoc
1517 2227 1602 2266 quod
1617 2230 1797 2266 perseveret

1015 2291 1117 2322 usque
1132 2282 1170 2312 ad
1184 2282 1294 2312 finem.
1312 2279 1350 2310 Et
1365 2279 1481 2310 melius
1496 2282 1525 2310 et
1548 2280 1658 2310 utilius
1679 2282 1725 2311 est
1740 2281 1795 2312 ho·

1016 2337 1095 2368 mini
1121 2336 1239 2366 hahere
1271 2342 1404 2374 parvam
1429 2333 1615 2364 charitatem
1636 2344 1738 2374 usque
1761 2335 1795 2366 in

1015 2391 1112 2421 [inem
1128 2390 1395 2429 perseverantem,
1412 2395 1509 2426 quam
1532 2396 1695 2426 magnam,
1714 2389 1745 2418 et
1760 2387 1794 2418 in

1015 2444 1119 2475 media
1133 2443 1186 2474 via
1201 2442 1412 2473 deiicientem.

1056 2500 1086 2529 3.
1101 2496 1149 2528 Ad
1164 2495 1243 2526 illud
1255 2494 1341 2535 quod
1354 2493 1513 2534 objicitur,
1530 2493 1616 2533 quod
1632 2494 1735 2533 major
1748 2496 1795 2526 est

1015 2552 1073 2584 lux
1093 2550 1261 2588 matutina,
1286 2557 1385 2589 quam
1405 2546 1595 2587 vespertina,
1624 2546 1794 2579 dicendum

1015 2604 1100 2646 quod
1129 2603 1267 2636 charitas
1294 2609 1466 2641 resurgens
1495 2609 1562 2632 non
1589 2601 1791 2641 comparatur

1015 2659 1076 2690 luci
1102 2657 1267 2689 matutinae
1292 2656 1418 2696 propter
1441 2654 1710 2694 magnitudinem,
1736 2654 1790 2685 sed
