2017 2948
218 90 278 119 614

219 154 334 194 possit:
351 154 377 183 si
389 153 475 183 enim
487 153 578 183 aliter
599 153 723 189 habeat,
745 154 851 193 potius
866 156 988 183 tenetur

159 216 197 230 ¹⁶³-
218 207 362 244 reddere,
378 215 474 246 quam
491 206 576 236 dare.
602 205 691 243 Quod
710 216 788 245 ergo
812 207 968 245 quaeritur
980 230 987 242 ,

219 262 326 290 utrum
341 268 466 290 necesse
477 259 516 289 sit
530 259 764 299 eleemosynam
780 259 854 289 dare
868 259 906 290 de
920 268 989 298 pro·

219 313 300 352 prio,
316 312 485 343 dicendum
509 313 592 352 quod
609 315 664 343 aut
681 312 795 342 dicitur
812 312 987 351 proprium,

218 366 293 405 quia
308 365 404 396 habet
421 365 593 405 principale
614 365 793 396 dcnuinium
812 364 987 402 alienandi;

219 421 275 450 aut
287 419 363 459 quia
378 420 417 450 ab
433 419 494 449 alio
509 419 604 449 habet
623 418 680 447 sibi
695 418 902 448 commissum
918 419 990 449 offi-

219 473 305 504 cium
315 471 569 503 administrandi.
584 470 690 501 Primo
702 470 795 501 modo
806 471 991 510 simpliciter

219 527 321 566 potest
342 526 443 556 facere
462 525 513 555 ille
533 524 587 563 qui
611 523 707 554 habet
729 524 905 563 proprium.
932 524 990 555 Se-

220 579 324 610 cundo
340 578 433 608 modo
446 601 453 614 ‚
473 586 537 608 non
561 579 664 616 potest
688 577 806 614 facere,
829 577 991 616 superiore

220 632 406 672 prohibente
418 642 424 661 ε
437 633 471 661 ut
483 630 657 660 monachus
667 631 722 670 qui
733 630 932 661 administrat
942 639 992 661 res

220 688 250 716 et
264 686 347 715 bona
363 685 544 715 monasterii
555 694 594 715 ex
609 684 757 714 mandato
772 684 912 719 abbatis,
934 693 990 724 po-

221 741 277 769 test
291 739 401 777 utique
413 738 647 778 eleemosynam
662 738 754 774 dare3
772 738 796 767 si
812 740 918 768 antem
935 738 992 768 iste

221 794 315 829 vetet,
329 800 392 822 non
407 793 519 831 potest,
532 800 589 821 nec
599 791 701 821 debet.
717 790 804 821 Unde
813 800 925 821 canon.
946 794 991 828 12,

221 856 252 886 q.
271 848 285 875 1
299 855 306 875 ε
319 856 333 873 (ι
346 844 473 875 Certum
489 847 535 874 est
551 845 636 884 quod
651 844 826 874 monachus
840 844 919 874 nihil
936 844 994 875 ha-

222 899 310 935 bere,
328 898 378 929 vel
398 898 484 935 dare,
503 898 552 928 vel
566 898 705 937 accipere
730 898 797 927 sine
819 897 994 937 superioris

222 951 347 982 licentia
361 951 468 989 debet3
485 951 547 981 nisi
559 951 638 982 forte
656 950 718 988 ille,
734 951 788 990 qui
805 951 938 989 indiget,
954 951 994 981 sit

223 1006 258 1036 in
274 1007 416 1036 extrema
430 1004 615 1034 necessitate
629 1013 636 1034 :
650 1006 725 1034 tunc
740 1013 803 1033 non
817 1004 908 1034 debet
922 1004 995 1035 obe-

223 1058 290 1089 dire
311 1057 432 1093 abbati,
457 1057 533 1096 qnia
549 1056 712 1087 manifeste
740 1057 857 1086 faceret
885 1059 995 1087 contra

223 1111 331 1142 Deum.
349 1110 500 1140 Similiter
512 1109 718 1148 judicandum
735 1111 782 1139 est
796 1109 833 1139 de
846 1109 993 1147 muliere,

224 1165 249 1194 si
264 1173 328 1194 non
343 1163 458 1193 habeat
471 1163 575 1193 dotem
587 1186 596 1200 ,
615 1161 665 1192 vel
689 1161 811 1201 aliquid
823 1163 917 1201 juxta
935 1162 995 1192 do-

223 1218 299 1253 tem,
315 1216 399 1255 quod
413 1218 522 1246 contra
537 1215 723 1245 mandatum
740 1215 799 1245 viri
814 1224 880 1245 non
894 1217 996 1255 potest

224 1269 457 1309 eleemosynam
472 1269 585 1307 facere,
602 1268 627 1298 si
648 1268 838 1299 conscientia
854 1268 949 1299 dictat
965 1269 995 1299 ei

224 1323 309 1363 quod
323 1323 374 1353 vir
388 1322 475 1353 nullo
490 1322 584 1354 modo
609 1321 705 1359 velit3
732 1321 786 1352 sed
810 1330 876 1351 non
903 1321 996 1352 dehet

223 1376 282 1407 sibi
300 1377 438 1407 formare
461 1375 684 1406 conscientiam
708 1374 793 1414 qnod
811 1374 861 1404 vir
885 1374 994 1413 prohi-

224 1430 297 1460 beat
312 1429 464 1466 medium,
476 1428 530 1458 sed
541 1427 803 1467 superfluitatem,
818 1427 880 1457 nisi
898 1428 997 1457 mani-

224 1483 300 1514 feste
314 1482 428 1513 viderit
443 1481 640 1512 voluntatem
656 1481 717 1511 viri
741 1481 781 1511 ad
802 1481 994 1520 oppositum.

149 1554 154 1567 1
175 1551 210 1566 m..
264 1539 283 1566 ⁶2
297 1539 327 1567 et
349 1538 377 1566 3.
394 1536 426 1566 Si
441 1544 521 1574 ergo
548 1535 716 1574 objiciatur
739 1534 777 1564 de
798 1534 871 1564 filiis
887 1534 994 1572 Israel,

133 1584 154 1628 ζ
180 1590 210 1629 ¹5,
225 1590 279 1629 qui
303 1590 398 1620 furati
424 1591 515 1626 sunt,
542 1588 711 1619 dicendum
736 1587 821 1627 quod
845 1587 996 1617 Dominus

227 1642 387 1673 transtulit
401 1641 593 1678 dominium,
608 1643 638 1682 et
655 1649 765 1671 revera
787 1649 851 1670 non
873 1640 932 1670 suit
953 1640 997 1670 ibi

223 1696 357 1726 furtum.
374 1695 422 1725 Ad
437 1694 514 1725 illud
533 1693 617 1734 quod
637 1694 802 1732 objicitur,
819 1693 904 1732 quod
924 1696 997 1724 sunt

226 1748 319 1779 malae
340 1747 528 1779 conditionis
543 1746 688 1777 monaehi
699 1770 707 1784 ,
722 1746 888 1776 dicendum
913 1746 997 1785 quod

226 1812 301 1840 non,
318 1802 392 1842 quia
407 1801 501 1832 unica
519 1799 741 1840 temporalium
756 1799 952 1838 dimissione,
971 1801 997 1830 si

225 1864 300 1886 vere
315 1856 502 1886 dimiserunt
516 1853 713 1893 temporalia,
726 1855 914 1884 meruerunt
931 1855 997 1884 tan-

224 1911 293 1940 tum
312 1911 467 1949 quantum
488 1908 521 1938 in
544 1907 653 1938 multis
670 1918 676 1937 :
694 1909 724 1937 et
741 1909 893 1946 praetenea
915 1907 998 1938 bona

225 1963 372 1993 voluntas
385 1961 509 2001 supplet
523 1961 605 2000 quod
619 1960 705 1990 deest
719 1969 759 1990 ex
776 1969 884 1991 manu.

191 2038 209 2050 Ἰ.
265 2018 294 2046 4.
314 2016 362 2046 Ad
377 2015 453 2046 illud
469 2014 554 2055 quod
570 2014 727 2054 quaeritur
738 2014 776 2044 de
791 2014 873 2044 male
890 2015 997 2054 acqui-

182 2068 201 2081 ¹’·
226 2069 306 2107 sitis,
323 2069 491 2099 dicendum
504 2068 588 2108 quod
603 2068 751 2108 quaetlam
764 2071 837 2098 sunt
848 2068 929 2099 male
944 2077 995 2099 ac-

225 2122 355 2162 quisita,
371 2122 404 2152 in
419 2122 536 2161 quibus
550 2122 738 2152 transfertur
749 2122 787 2161 (a)
805 2121 994 2159 dominium,

225 2179 256 2207 et
275 2185 340 2207 non
363 2176 512 2216 competit
537 2176 699 2216 repetitio:
717 2178 747 2207 et
770 2176 843 2207 talia
864 2185 927 2206 non
951 2179 998 2207 est

226 2238 352 2260 neeesse
368 2229 503 2267 restitui,
517 2231 547 2260 et
563 2231 695 2269 possunt
705 2229 786 2259 licite
802 2230 942 2267 retineri,
959 2232 994 2260 ut

226 2283 364 2322 pretium
380 2282 557 2322 prostibuli,
580 2284 611 2312 et
625 2282 751 2312 lucrum
767 2282 948 2321 histrionis,
965 2285 996 2313 et

228 2334 301 2365 talia
314 2337 447 2374 possunt
467 2335 535 2365 dari
556 2335 588 2364 in
603 2334 835 2374 eleemosynam
854 2346 860 2365 z
878 2336 931 2366 sed
948 2338 994 2366 ta-

227 2397 302 2418 men
316 2397 380 2418 non
396 2388 510 2419 debent
529 2387 627 2428 recipi
648 2388 681 2418 in
695 2388 897 2426 oblationem,
916 2389 941 2419 si
957 2390 997 2420 sit

227 2440 410 2480 publicum,
429 2443 556 2481 propter
577 2441 788 2472 reverentiam
812 2441 940 2480 altaris,
966 2445 997 2473 et

227 2494 443 2525 confusionem
457 2495 589 2534 peceati,
606 2497 642 2526 ut
657 2494 854 2535 resipiscant.
875 2495 911 2526 Et
934 2496 995 2527 hoc

260 2557 264 2569 ¹
278 2556 390 2586 Deuter.‚
406 2561 483 2587 xxm,
502 2557 538 2580 18.

775 85 1082 118 SENTENTIARUM
1103 85 1178 116 LiB.
1199 85 1249 117 IV.

1044 154 1090 182 est
1113 152 1197 192 quod
1219 152 1355 183 dicitnr¹
1375 164 1381 184 z
1409 153 1480 185 Non
1503 153 1618 193 offeras
1643 156 1811 188 mercedem

1042 206 1223 245 prostibuli.
1240 205 1392 243 Quaedam
1416 208 1523 237 autem
1543 209 1618 237 sunt
1641 208 1673 238 in
1696 209 1812 248 quibus

1045 268 1109 289 non
1128 259 1314 289 transfertur
1329 259 1518 296 dominium,
1535 260 1587 290 sed
1601 261 1749 300 competit
1761 271 1812 293 re-

1044 312 1163 352 petiti0‚
1180 313 1217 342 ut
1231 312 1265 342 in
1286 312 1369 342 furto
1392 314 1422 342 et
1445 313 1575 352 rapina:
1594 315 1624 343 et
1646 314 1684 344 de
1699 314 1814 346 talibus

1045 374 1108 395 non
1125 366 1225 404 potest
1240 365 1307 395 fieri
1320 374 1376 395 nec
1391 365 1520 403 oblatio,
1530 375 1587 397 nec
1601 366 1813 408 eleemosyna,

1046 418 1099 449 sed
1115 418 1205 449 debet
1219 418 1287 449 sieri
1307 418 1476 449 restitutio.
1496 419 1542 449 Ad
1558 419 1744 459 hujusmodi
1759 430 1815 452 au-

1045 474 1109 501 tem
1131 480 1236 510 genus
1255 471 1450 502 reducuntur
1471 473 1578 504 omnia
1602 482 1676 513 quae
1698 474 1816 513 injusto
1841 474 1870 488 ¹⁰·

1046 523 1138 554 titulo
1152 526 1182 554 et
1197 524 1280 555 mala
1294 524 1354 555 tide
1368 525 1576 564 possidentur,
1588 526 1663 565 quia
1678 527 1818 566 injustus

1046 577 1157 607 titulus
1172 586 1229 616 pro
1244 577 1333 608 nullo
1346 580 1394 608 est
1408 578 1583 610 habendus.
1603 579 1692 611 Maiae
1710 583 1817 612 autem

1047 630 1117 661 [idei
1134 640 1293 670 possessor
1306 631 1430 669 dicitur,
1447 632 1502 671 qui
1518 635 1627 663 contra
1641 633 1753 672 legum
1768 634 1818 664 in-

1047 684 1179 715 terdieta
1193 687 1375 715 mercatur:
1392 686 1466 716 talia
1485 689 1557 717 sunt
1573 696 1645 726 quae
1660 686 1819 718 hahentur

1048 747 1104 777 per
1118 737 1287 768 simoniam
1303 741 1333 769 et
1348 748 1477 769 usuram
1496 749 1503 769 :
1520 742 1550 770 et
1566 740 1635 770 ideo
1647 740 1685 770 de
1700 740 1817 772 talibus

1048 792 1136 823 nullo
1151 793 1245 824 niodo
1260 803 1317 823 nec
1338 796 1437 833 potest
1462 804 1519 824 nec
1537 794 1629 826 debet
1649 795 1717 825 fieri
1736 794 1818 826 elee-

1048 855 1193 886 mosyna.
1221 846 1253 877 Si
1281 856 1356 877 vero
1371 848 1525 887 quaeritur
1550 848 1587 878 de
1603 848 1755 886 aleatooe,
1772 848 1821 879 di-

1049 900 1185 930 cendum
1213 903 1260 931 est
1281 902 1490 940 generaliter,
1514 902 1599 941 quod
1627 902 1719 933 malae
1747 902 1819 933 fidei

1050 962 1210 992 possessor
1224 956 1286 991 est,
1309 956 1339 985 et
1354 955 1474 994 injusto
1497 955 1636 994 possidet
1657 954 1773 986 titulo:
1790 957 1821 986 et

1049 1005 1118 1036 ideo
1133 1007 1220 1037 nullo
1235 1007 1329 1038 modo
1349 1011 1449 1046 potest
1464 1018 1521 1038 nec
1535 1008 1628 1039 debet
1643 1008 1701 1038 sibi
1714 1010 1822 1039 tenere

1049 1059 1134 1099 quod
1150 1060 1291 1091 lucratus
1305 1063 1362 1098 est,
1375 1070 1449 1092 cum
1460 1062 1530 1092 talis
1545 1061 1640 1092 ludus
1652 1062 1692 1092 sit
1706 1061 1820 1102 turpis,

1051 1115 1081 1143 et
1095 1114 1293 1153 reprobatus,
1305 1116 1336 1144 et
1350 1117 1458 1144 contra
1471 1114 1580 1151 Deum,
1594 1116 1624 1145 et
1633 1116 1743 1145 contra
1756 1123 1822 1145 om·

1050 1166 1104 1197 nia
1113 1167 1198 1205 Jura.
1219 1166 1331 1197 Utrum
1352 1170 1460 1198 tamen
1478 1170 1624 1198 teneatur
1643 1167 1818 1206 restituere,

1050 1219 1255 1258 distinguunt
1269 1220 1368 1259 aliqui
1379 1229 1386 1250 :
1397 1220 1473 1259 quia
1483 1222 1538 1250 aut
1552 1220 1605 1250 ille
1616 1229 1713 1259 penes
1724 1228 1822 1260 quem

1052 1272 1194 1302 lucratus
1209 1275 1264 1310 est,
1281 1275 1326 1303 est
1341 1272 1411 1303 talis
1421 1282 1555 1312 persona
1565 1282 1638 1313 quae
1649 1273 1745 1304 rebus
1754 1273 1822 1304 suis

1051 1334 1187 1365 praeesse
1200 1335 1265 1356 non
1281 1328 1393 1366 potest,
1410 1328 1523 1366 utputa
1535 1327 1660 1364 minor,
1677 1326 1745 1358 sive
1762 1336 1822 1367 pu-

1052 1378 1158 1418 pillus,
1184 1379 1299 1410 surdus
1328 1381 1365 1410 et.
1386 1381 1505 1417 mutus,
1530 1382 1684 1419 perpetuo
1711 1379 1823 1411 morbo

1051 1433 1225 1472 languidus
1239 1442 1246 1463 :
1263 1435 1294 1463 et
1308 1432 1352 1463 sic
1368 1435 1493 1463 tenetur
1512 1433 1688 1463 restituere.
1709 1432 1742 1464 Si
1760 1442 1823 1463 au-

1052 1489 1116 1517 tem
1130 1486 1170 1516 sit
1188 1485 1260 1516 talis
1282 1494 1432 1524 persona,
1449 1494 1523 1525 quae
1542 1486 1644 1525 potuit
1664 1486 1820 1524 amittere,

1052 1541 1108 1569 aut
1122 1541 1239 1568 tractus
1253 1541 1301 1568 est
1320 1538 1359 1568 ab
1381 1538 1435 1568 illa
1458 1539 1494 1576 (b)
1508 1561 1515 1574 ,
1536 1541 1568 1569 et
1586 1538 1744 1577 inductus,
1767 1541 1823 1570 aut

1052 1600 1127 1621 non.
1143 1591 1175 1622 Si
1191 1594 1308 1621 tractus
1332 1591 1392 1622 suit
1406 1592 1445 1621 ab
1471 1591 1524 1621 illa
1541 1591 1592 1631 (b),
1609 1601 1672 1623 non
1698 1594 1823 1623 tenetur

1053 1645 1098 1675 illi
1113 1645 1289 1680 restituere,
1303 1644 1377 1683 quia
1391 1644 1437 1674 1111
1453 1653 1518 1674 11011
1535 1645 1684 1684 competit
1702 1645 1822 1685 repeti—

1053 1699 1096 1729 tio
1104 1698 1137 1727 in
1148 1698 1318 1728 vindictam
1330 1698 1459 1737 peccati,
1470 1697 1524 1728 sed
1534 1700 1633 1737 potest
1641 1698 1714 1729 inde
1722 1699 1823 1730 faeere

1054 1752 1300 1791 eleemosynam.
1320 1752 1469 1782 stantem
1488 1751 1555 1790 ipse
1573 1753 1748 1783 traxiteam
1765 1753 1799 1792 (c)
1811 1775 1821 1790 ‚

1053 1815 1117 1837 non
1132 1808 1233 1846 potest
1247 1806 1482 1845 eleemosynam
1499 1806 1614 1844 facere,
1631 1806 1685 1837 sed
1699 1808 1825 1838 tenetur

1053 1860 1219 1890 restituere
1238 1859 1349 1890 saitem
1366 1859 1398 1889 in
1422 1859 1490 1889 foro
1511 1859 1710 1890 conscientiae
1725 1870 1732 1890 ε
1750 1860 1826 1900 quia

1053 1913 1125 1943 licet
1141 1912 1248 1943 nullus
1269 1912 1346 1943 velit
1368 1912 1514 1942 amittere
1529 1936 1536 1949 ,
1559 1914 1666 1942 tamen
1688 1912 1743 1952 qui
1761 1921 1824 1943 non

1053 1966 1122 1997 vult
1136 1966 1291 2003 amittere,
1305 1974 1361 1995 nee
1375 1964 1494 2002 ludere,
1512 1965 1566 1996 sed
1581 1965 1754 2004 inducitur,
1762 1966 1823 1996 mi-

1053 2027 1115 2048 nus
1129 2016 1294 2056 culpabilis
1309 2016 1446 2054 videtur,
1461 2018 1492 2046 et
1511 2016 1592 2046 alius
1613 2017 1668 2056 qui
1691 2016 1822 2056 inducit,

1054 2073 1158 2111 magis
1175 2083 1181 2102 2
1198 2074 1229 2102 et
1243 2071 1313 2102 ideo
1335 2071 1394 2101 iste
1414 2079 1479 2101 non
1502 2070 1594 2101 debet
1615 2071 1823 2109 damnificari,

1054 2135 1111 2156 nec
1122 2127 1242 2161 auctor,
1254 2133 1310 2154 nec
1323 2123 1470 2154 inductor
1481 2123 1514 2153 in
1524 2123 1630 2163 aliquo
1641 2124 1800 2155 meliorari
1815 2134 1822 2155 ε

1054 2178 1134 2209 1111111
1148 2180 1255 2208 tamen
1267 2177 1340 2207 licet
1352 2185 1390 2206 ex
1406 2177 1467 2206 hoc
1481 2176 1601 2216 aliquid
1624 2176 1705 2207 lucri
1719 2177 1826 2217 acqui-

1054 2231 1104 2260 siti
1119 2230 1152 2260 in
1166 2228 1309 2268 proprios
1321 2237 1397 2258 usus
1408 2232 1603 2258 convertere.
1620 2227 1770 2260 Similiter
1777 2230 1827 2269 ju-

1054 2282 1222 2314 dicandum
1237 2283 1284 2311 est
1299 2281 1337 2311 de
1352 2281 1589 2319 torneamentiS,
1611 2283 1642 2312 et
1657 2281 1825 2313 dicendum

1053 2335 1139 2376 quod
1154 2335 1187 2365 in
1201 2334 1263 2364 illis
1277 2334 1486 2374 pactionibus,
1501 2343 1582 2373 quas
1605 2334 1724 2365 habent
1740 2335 1824 2365 intra

1053 2398 1096 2427 se,
1114 2389 1198 2418 bona
1212 2396 1276 2418 non
1296 2387 1530 2417 transferuntur
1549 2387 1702 2426 invicem,
1723 2388 1777 2419 sed
1792 2389 1824 2419 in

1054 2451 1132 2473 usus
1146 2449 1327 2481 pauperum
1345 2442 1577 2471 convertuntur
1589 2465 1597 2479 ,
1614 2443 1742 2481 propter
1758 2441 1821 2472 ludi

1086 2521 1120 2551 (a)
1135 2521 1195 2545 Caet.
1209 2521 1268 2545 edit.
1284 2520 1410 2545 transfert.
1428 2533 1456 2538 —
1478 2520 1511 2551 (b)
1527 2520 1560 2551 (b)
1578 2520 1638 2545 Cat.
1652 2519 1712 2544 edit.
1727 2519 1778 2544 1110.
1795 2533 1821 2539 ‹-

1053 2558 1085 2589 (c)
1102 2557 1162 2582 Coet.
1175 2556 1235 2580 edit.
1251 2563 1318 2581 eum.

1833 436 1931 463 Expun-

1845 1182 1936 1208 Quaestio

1837 1214 1940 1236 incidens.
