2017 2948
77 428 158 454 Impro-

67 461 131 481 bario.

83 1334 164 1361 Impro-

70 1366 134 1385 batis..

68 1704 146 1731 opinio
153 1706 172 1725 3.

80 2183 160 2209 [mpro-

71 2215 136 2235 batia.

71 2400 174 2428 Opiniot.

617 191 712 223 DIST.
736 192 787 223 VI.
812 193 926 224 PAR'l'.
950 194 975 225 Ι.
998 193 1088 225 ART.
1113 193 1135 224 l.
1160 193 1309 231 QUAEST.
1333 196 1355 226 I.

186 259 294 289 anima
317 259 523 296 sanctificari,
541 262 577 289 ut
600 258 681 289 Deus
702 258 736 289 in
757 268 793 289 ea
817 259 955 298 habitet,

186 314 222 342 ut
236 311 269 342 in
284 311 400 351 templo
417 323 423 342 :
441 314 471 342 et
490 312 549 342 hoc
564 312 672 342 dicunt
687 312 819 342 sensisse
836 313 956 353 Diony-

187 365 270 395 sium
290 365 323 396 in
345 365 426 396 libro
450 366 491 396 De
512 365 734 397 Ecclesiastico
754 366 954 404 Hierarclzz'a,

187 418 241 448 nbi
254 418 326 449 dicit
338 420 346 436 ¹
366 429 373 448 :
392 429 406 446 (ι
421 418 586 449 Character
601 421 647 448 est
667 419 796 457 signnm
813 422 957 450 sanctum

187 471 396 510 cognitionis,
419 471 468 501 vel
494 471 790 501 communicatu-nis
814 472 904 510 fidei,
928 475 958 503 et

187 533 283 554 sacrae
298 523 504 554 ordinationis
515 548 522 562 ‚
539 524 649 554 datum
663 525 819 555 accedenti
836 525 874 555 ad
888 525 955 556 hie-

186 576 355 607 rarchiam.
368 587 381 603 »
402 576 462 606 Sed
476 576 554 607 illud
568 585 632 606 non
647 579 747 616 potest
765 579 847 607 stare
858 601 865 615 ,
882 578 957 617 quia

188 629 349 660 character
376 629 451 660 dicit
478 629 618 669 aliquam
642 630 901 661 assimilationem
928 634 958 662 et

186 682 472 722 configurationem
480 683 516 714 ad
527 683 697 721 Christum,
709 684 786 713 sicut
796 684 958 714 character

186 736 293 766 bestiae
307 736 345 766 ad
358 735 532 773 diabolum,
549 735 586 766 de
600 745 663 775 quo
677 736 709 766 in
725 736 919 776 Apocalypsi
934 741 955 768 ².

186 787 245 819 Sed
264 787 447 818 assimilatio
461 788 612 818 fundatur
631 790 954 829 supe1·qualitate(a):

186 848 265 879 ergo
285 840 311 870 si
332 840 370 871 de
391 849 475 871 novo
495 841 530 870 fit
551 840 663 871 similis
687 841 765 878 DeO,
785 844 815 872 et
837 852 901 873 non
922 844 958 874 fit

186 893 319 924 mutatio
331 902 370 924 ex
387 896 474 933 parte
489 894 619 924 alterius
632 895 765 925 extremi
780 896 956 926 secundum

186 946 389 986 qualitatem,
413 947 538 977 videtur
562 948 647 987 quod
671 956 797 978 necesse
821 949 861 979 sit
883 949 957 979 dare

151 1018 170 1036 ρ,
186 1000 302 1031 animae
313 1000 406 1030 aliam
418 1000 613 1039 qualitatem.
629 1000 796 1040 Propterea
808 1001 958 1032 dixerunt

186 1053 300 1093 aliqui,
318 1054 401 1093 quod
417 1054 475 1083 etsi
491 1054 651 1083 character
665 1053 746 1083 dicat
759 1053 955 1093 relationem,

186 1106 260 1136 dicit
274 1105 482 1136 nihilominus
497 1105 681 1145 qualitatem
698 1106 838 1146 aliquam
862 1116 958 1146 snper

186 1168 282 1198 quam
306 1159 478 1189 fundatur:
503 1160 533 1188 et
556 1159 610 1188 illa
633 1158 770 1198 qualitas
792 1161 854 1197 est,
877 1159 958 1191 sicut

186 1212 346 1251 dispositio
361 1211 399 1242 ad
416 1211 632 1251 recipiendum
651 1211 759 1242 lumen
775 1213 805 1242 et
820 1212 956 1243 calorem

188 1267 318 1306 gratiae,
341 1267 421 1297 sicut
441 1267 564 1297 siccitas
579 1267 612 1296 in
632 1267 723 1305 ligno
743 1267 781 1297 acl
798 1267 955 1306 calorem,

187 1324 217 1351 et
234 1321 389 1360 pervietas
404 1321 436 1350 in
450 1321 532 1351 vitro
547 1321 586 1351 ad
601 1321 709 1351 lumen
728 1331 734 1351 z
752 1323 782 1351 et
805 1321 875 1351 ideo
900 1331 955 1361 po-

188 1376 321 1405 suerunt
335 1374 548 1404 characterem
564 1374 596 1404 in
612 1373 749 1404 secunda
764 1375 866 1413 specie
881 1384 958 1414 qua-

187 1427 292 1458 litatis.
312 1418 371 1457 s'ed
393 1427 469 1457 illud
485 1436 549 1457 non
571 1429 671 1466 potest
686 1429 769 1457 stare
781 1451 788 1465 ,
807 1428 881 1467 quia
898 1428 958 1458 ista

189 1482 235 1511 est
248 1480 402 1511 naturalis
418 1481 557 1520 potentia
569 1504 577 1518 ,
594 1481 644 1510 vel
665 1481 866 1520 impotentia,
884 1491 956 1522 quae

188 1534 391 1573 consequitur
410 1536 569 1564 naturam.
596 1533 768 1572 Praeterea,
791 1535 913 1565 siccitas
928 1538 957 1566 et

188 1588 345 1626 pervictas
361 1589 435 1617 sunt
456 1587 651 1626 impotentias
673 1587 838 1618 resistendi
854 1598 860 1618 :
877 1597 957 1627 ergo

188 1640 349 1671 character
376 1643 456 1670 esset
486 1641 685 1680 impotentta,
713 1641 798 1680 qnod
825 1641 957 1672 stultum

188 1696 234 1724 est
263 1694 376 1724 dicere.
405 1694 573 1733 Propterea
602 1695 654 1724 alii
683 1694 853 1733 dixerunt,
872 1695 957 1734 quod

188 1748 350 1778 character
367 1757 431 1778 non
452 1750 577 1779 tantum
592 1750 638 1778 est
651 1748 689 1778 ad
704 1748 955 1787 disponendum,

187 1802 240 1832 sed
264 1802 359 1832 etiam
382 1802 420 1831 ad
443 1801 730 1840 distinguendum;
753 1804 783 1832 et
806 1804 852 1831 est
876 1801 956 1832 sicut

188 1854 333 1894 quaedam
349 1854 482 1893 qualitas
497 1854 637 1883 animam
661 1853 784 1883 fidelem
808 1853 958 1884 decorans

188 1909 217 1936 ct
232 1915 360 1943 ornans,
373 1915 429 1946 per
443 1915 540 1945 quam
551 1906 590 1936 ab
606 1905 723 1935 infideli
739 1906 955 1945 distinguitur,

190 1959 272 1990 unde
288 1960 381 1989 int'ert
394 1959 500 1989 sensui
516 1959 674 1998 spirituali
686 1959 863 1999 passionem
878 1961 957 1992 mul-

188 2013 312 2043 cebrem
328 2023 334 2042 z
352 2014 382 2043 et
397 2012 467 2043 ideo
482 2014 527 2042 est
539 2012 695 2052 passibilis
709 2012 860 2051 qualitas,
880 2016 910 2044 et
926 2015 959 2045 in

189 2066 280 2096 tertia
294 2065 396 2105 specie
411 2065 583 2105 qualitatis.
600 2064 660 2095 Sed
676 2065 752 2095 illud
768 2074 833 2095 non
856 2069 960 2105 potest

188 2122 285 2156 stare,
302 2119 378 2159 quia
392 2128 457 2149 non
481 2119 595 2149 dicitur
620 2119 778 2159 passibilis
800 2120 936 2158 qualitas
948 2146 955 2159 ,

190 2181 262 2212 qnae
284 2172 376 2203 infert
399 2173 576 2212 passionem
599 2172 706 2202 sensui
725 2171 885 2211 interiori,
908 2174 959 2205 vel

191 2226 370 2256 intellectui.
386 2226 463 2256 Cum
477 2226 561 2256 enim
581 2226 684 2256 omnis
699 2226 816 2256 veritas
838 2226 878 2257 sit
901 2228 959 2258 ob-

186 2281 307 2318 J'ectum
334 2279 526 2315 intellectus,
555 2281 631 2309 tunc
657 2279 766 2309 omnia
794 2282 899 2310 essent
926 2281 959 2311 in

191 2332 281 2363 tertia
296 2332 398 2372 specie
413 2332 589 2371 qualitatis;
606 2332 691 2371 quod
705 2332 839 2362 stultum
856 2334 902 2363 est
917 2333 960 2363 di-

190 2395 260 2416 cere
273 2396 278 2415 :
293 2394 370 2424 ergo
381 2385 525 2415 similiter
535 2385 573 2415 de
585 2384 774 2415 charactere.
789 2384 960 2425 Propterea

190 2439 247 2470 alii
268 2439 419 2469 dixerunt
440 2438 523 2477 quod
545 2439 722 2475 character,
740 2441 897 2478 quantum
914 2441 961 2469 est

189 2493 228 2523 de
245 2501 303 2523 suo
318 2491 446 2522 nomine
458 2515 466 2529 ‚
483 2491 631 2531 importat
650 2492 936 2530 configurationem
951 2503 957 2523 :

190 2545 333 2577 undeubi
344 2544 590 2576 noshabemus³z
599 2544 961 2584 fiqurasubtantz'ae,alia

222 2627 227 2640 ¹
244 2625 330 2656 Dion,
343 2625 372 2649 de
383 2624 467 2649 eccles.
483 2625 562 2654 Hier„
578 2632 600 2648 c.
618 2630 646 2655 11,
662 2632 688 2655 p.
705 2625 728 2649 3.
742 2638 771 2642 —
784 2625 794 2641 ²
808 2626 893 2656 Apoc.,
906 2631 960 2656 xlv,

191 2662 253 2685 9.-
265 2660 276 2678 ⁸
286 2661 372 2690 Hebru,
386 2666 404 2690 1,
420 2661 481 2685 3.—
494 2660 505 2676 ⁴
519 2660 606 2689 Arist..
620 2660 775 2691 Proedz'cam„
793 2667 815 2684 c.
831 2661 860 2685 de
871 2661 959 2691 Quali-

1724 199 1782 228 373

1011 260 1171 291 translatio
1182 260 1273 297 dicit,
1286 262 1450 294 character
1464 264 1635 296 subtantioe
1645 273 1656 295 .·
1671 265 1701 294 et
1711 264 1782 295 ideo

1011 314 1173 344 character
1196 317 1241 345 est
1272 315 1306 345 in
1329 319 1442 355 quarta
1468 318 1570 357 specie
1601 318 1779 357 qualitatis,

1011 375 1085 406 qnae
1111 369 1156 397 est
1180 367 1283 398 forma
1300 392 1308 405 ,
1331 371 1361 398 et
1385 369 1467 399 circa
1491 369 1610 408 aliquid
1638 371 1784 400 constans

1012 420 1130 457 figura.
1156 419 1194 450 Et
1220 420 1245 450 si
1270 421 1415 460 objicias,
1445 422 1528 461 qnod
1552 424 1660 460 figura
1678 424 1724 452 est
1751 422 1785 452 in

1011 472 1201 511 quantitate,
1228 478 1256 503 et
1273 475 1432 513 quantitas
1448 474 1482 504 in
1503 483 1633 514 corpore
1645 497 1652 510 ,
1676 474 1785 504 dicunt

1011 524 1095 563 qnod
1111 525 1191 555 sicut
1205 525 1322 565 duplex
1337 529 1383 557 est
1397 527 1557 566 quantitas
1569 550 1576 563 ,
1595 526 1711 557 scilicet
1723 527 1784 566 spi-

1012 577 1151 615 ritualis,
1164 581 1193 608 et
1209 580 1379 619 corporalis
1390 603 1397 616 ,
1414 580 1482 611 sive
1496 580 1626 611 moralis
1637 604 1646 618 ,
1662 580 1707 610 sic
1721 580 1782 610 du-

1012 630 1085 670 plex
1101 634 1145 662 est
1158 633 1276 671 figura.
1295 633 1356 664 Sed
1371 634 1456 665 istud
1472 643 1536 664 non
1551 634 1678 665 videtur
1693 642 1784 673 posse

1011 685 1109 721 stare,
1127 685 1202 724 quia
1222 686 1329 724 figura
1352 688 1398 717 est
1418 687 1537 717 clausio
1552 687 1781 724 terminorum,

1012 737 1187 768 secundum
1204 739 1285 777 quod
1309 741 1356 769 est
1376 739 1409 769 in
1428 742 1541 779 quarta
1559 740 1661 780 specie
1677 739 1783 779 quali-

1012 790 1093 820 tatis.
1111 790 1170 821 Sed
1189 791 1220 821 in
1244 791 1461 831 spiritualibus
1484 793 1695 832 configuratio
1718 801 1782 824 non

1012 844 1058 872 est
1084 843 1196 873 similis
1219 845 1428 875 terminorum
1452 845 1606 876 clausioni
1627 870 1635 884 ,
1661 846 1716 877 sed
1738 848 1784 877 est

1011 896 1229 926 similitudinis
1244 897 1428 937 impressio,
1445 899 1512 928 sive
1525 898 1722 929 assimilatio.

1053 947 1144 986 Item,
1164 949 1190 979 si
1211 950 1318 988 figura
1340 953 1477 990 ponatur
1492 951 1525 981 in
1548 952 1783 991 spiritualibus,

1012 1009 1076 1031 non
1092 1003 1137 1031 est
1159 1002 1219 1033 nisi
1243 1003 1444 1035 translative:
1462 1005 1542 1036 sicut
1562 1014 1641 1044 ergo
1656 1005 1784 1045 quanti-

1011 1055 1059 1083 tas
1074 1054 1203 1085 virtutis
1218 1064 1283 1085 non
1296 1056 1426 1095 ponitur
1440 1056 1472 1086 in
1489 1066 1606 1096 genere
1621 1057 1785 1097 quantita-

1012 1106 1051 1136 tis
1064 1116 1154 1146 vere,
1171 1108 1214 1138 sic
1230 1118 1293 1139 non
1310 1110 1416 1148 figura
1430 1110 1463 1140 in
1485 1111 1586 1150 specie
1602 1111 1728 1150 figurae.
1746 1110 1784 1142 Et

1012 1160 1129 1191 iterum
1154 1186 1162 1199 ‚
1193 1163 1351 1201 quomodo
1390 1164 1565 1194 secundum
1601 1164 1784 1204 qualitatem

1012 1213 1137 1243 virtutis
1154 1216 1225 1244 actu
1240 1215 1353 1245 dicitur
1364 1216 1482 1246 clausio
1496 1217 1730 1247 terminorum?
1747 1217 1784 1248 Et

1013 1266 1146 1304 iterum,
1160 1276 1254 1306 super
1269 1267 1346 1307 quid
1360 1267 1513 1299 fundatur
1526 1269 1562 1308 (b)
1581 1269 1633 1299 illa
1648 1269 1785 1301 clausio?

1014 1318 1047 1349 Si
1062 1328 1157 1359 super
1169 1320 1321 1350 virtutem
1337 1320 1513 1358 datan1,vel
1529 1321 1682 1360 innatam,
1695 1332 1786 1362 opor-

1013 1374 1056 1402 tet
1071 1373 1107 1403 asl
1127 1373 1223 1403 aliam
1246 1373 1382 1412 speciem
1404 1383 1568 1405 recurrere
1584 1387 1591 1404 ι
1609 1384 1690 1415 ergo
1711 1385 1785 1407 cum

1013 1425 1119 1464 figura
1131 1427 1302 1465 spiritualis
1317 1436 1382 1457 non
1398 1427 1513 1458 habeat
1528 1429 1785 1460 convenientiam

1013 1488 1087 1509 cum
1103 1479 1172 1517 illa,
1191 1479 1314 1510 videtur
1333 1480 1418 1519 quod
1441 1480 1602 1512 character
1617 1491 1680 1512 non
1703 1483 1786 1514 dicat

1014 1532 1174 1570 figuram,
1196 1532 1263 1562 sive
1290 1533 1598 1572 configurationem,
1614 1534 1646 1565 in
1672 1537 1786 1575 quarta

1014 1585 1126 1624 specie.
1145 1584 1314 1624 Propterea
1329 1585 1381 1616 alii
1396 1595 1429 1616 se
1440 1587 1643 1618 extendentes
1656 1588 1764 1620 dicunt
1775 1613 1783 1627 ‚

1014 1638 1098 1676 quod
1120 1647 1184 1668 non
1209 1641 1254 1668 est
1279 1639 1311 1668 in
1333 1639 1440 1679 aliqua
1465 1640 1567 1679 specie
1591 1641 1786 1680 qualitatisa

1014 1690 1206 1731 philosopho
1221 1693 1401 1731 assignata,
1421 1693 1496 1732 quia
1516 1694 1583 1733 ipse
1597 1704 1663 1725 non
1684 1696 1786 1735 assig-

1013 1746 1067 1774 nat
1080 1744 1139 1774 nisi
1156 1745 1260 1775 solum
1276 1746 1393 1784 species
1408 1746 1569 1786 qualitatis
1585 1747 1719 1786 innatae,
1736 1749 1787 1779 vel

1014 1797 1197 1836 acquisitae,
1220 1807 1285 1828 non
1307 1798 1442 1829 infusre:
1466 1801 1495 1829 et
1516 1799 1576 1830 hoc
1599 1800 1696 1830 etiam
1721 1800 1787 1840 ipse

1015 1849 1226 1890 Philosophus
1248 1851 1352 1882 innuit
1367 1861 1441 1882 cum
1462 1852 1535 1883 dicit
1548 1853 1580 1883 ⁴:
1602 1853 1787 1885 «Fortassis

1015 1904 1111 1934 etalii
1134 1905 1332 1944 apparebunt
1353 1906 1512 1945 qualitatis
1537 1907 1663 1938 modi.»
1685 1907 1722 1938 Et
1737 1907 1787 1939 di-

1015 1959 1092 1988 cunt
1118 1958 1333 1990 characterem
1363 1960 1422 1990 sub
1456 1960 1517 1991 alia
1555 1961 1657 2000 specie
1687 1962 1788 1992 conti-

1015 2011 1100 2047 neri,
1123 2013 1158 2041 ut
1187 2011 1305 2042 scilicet
1328 2022 1393 2042 una
1419 2013 1537 2052 species
1565 2013 1726 2052 qualitatis
1750 2014 1789 2045 sit

1016 2063 1151 2103 qualitas
1174 2063 1288 2094 infusa.
1312 2063 1373 2095 Sed
1397 2065 1474 2095 illud
1494 2065 1621 2096 videtur
1645 2075 1789 2106 quaerere

1015 2116 1126 2155 fugam
1146 2141 1153 2154 ,
1179 2117 1254 2156 quia
1281 2126 1338 2147 nos
1362 2117 1498 2148 virtutes
1527 2118 1742 2158 theologicas,
1758 2121 1789 2151 et

1015 2170 1091 2200 alias
1112 2170 1246 2200 virtutes
1269 2180 1341 2210 quae
1368 2173 1442 2201 sunt
1466 2171 1579 2202 infusae
1593 2195 1601 2209 ,
1626 2172 1660 2202 in
1684 2172 1787 2211 prima

1016 2223 1117 2263 specie
1146 2223 1306 2262 qualitatis
1330 2224 1521 2255 collocamus
1547 2234 1554 2255 :
1579 2234 1678 2265 quare
1706 2235 1786 2265 ergo

1016 2286 1081 2307 non
1102 2276 1246 2306 simiIIter
1271 2277 1507 2308 characterem?
1528 2278 1565 2309 Et
1589 2278 1658 2309 ideo
1683 2279 1786 2309 dicen-

1016 2329 1092 2360 dum
1114 2330 1197 2369 quod
1213 2330 1387 2369 character,
1411 2341 1485 2361 cnm
1506 2331 1545 2362 sit
1562 2332 1592 2362 in
1616 2332 1740 2371 anima,
1758 2335 1788 2364 et

1017 2384 1057 2413 sit
1070 2383 1204 2423 qualitas
1218 2384 1398 2424 spiritualis,
1415 2385 1499 2424 quod
1510 2386 1557 2415 est
1569 2385 1708 2424 habitus,
1723 2395 1788 2416 non

1017 2437 1120 2478 passio
1132 2461 1139 2475 ,
1157 2447 1214 2467 nec
1229 2438 1368 2477 potentia
1381 2439 1401 2468 ⁶.
1421 2437 1482 2468 Sed
1506 2439 1680 2468 notandum
1702 2439 1788 2479 quod

1017 2491 1143 2521 habitus
1156 2491 1308 2530 accipitur
1324 2491 1509 2531 dupliciter:
1527 2500 1593 2521 uno
1609 2491 1701 2522 modo
1718 2500 1788 2531 pro-

1018 2576 1076 2604 late,
1092 2575 1159 2599 circa
1173 2575 1272 2599 mezl.—
1284 2576 1292 2590 ³
1303 2577 1327 2599 5.
1339 2576 1429 2598 Thom.
1439 2582 1444 2597 :
1455 2575 1624 2599 «Absolutum
1638 2576 1790 2600 characteris

1018 2613 1057 2634 est
1065 2610 1178 2641 potentia
1189 2611 1306 2641 quaedam
1318 2610 1453 2641 spiritualis
1462 2610 1570 2641 passiva.
1584 2619 1596 2632 »

1051 2660 1084 2690 (α)
1098 2659 1158 2684 Coet.
1170 2659 1241 2685 edit„
1252 2660 1406 2690 qualitatem.
1415 2658 1487 2688 -(b)
1501 2658 1561 2683 Caet.
1570 2658 1643 2688 edit.‚
1659 2659 1787 2684 fundetur.

1808 800 1891 826 Impro-

1798 831 1862 851 balio.

1802 1594 1879 1622 Opinio
1894 1605 1905 1615 ,‚

1803 2288 1909 2309 nerei-mi-

1801 2319 1867 2340 natio.
