<?xml version="1.0" encoding="UTF-8"?>
<!DOCTYPE html PUBLIC "-//W3C//DTD XHTML 1.0 Transitional//EN"
    "http://www.w3.org/TR/xhtml1/DTD/xhtml1-transitional.dtd">
<html xmlns="http://www.w3.org/1999/xhtml" xml:lang="en" lang="en">
 <head>
  <title>
</title>
<meta http-equiv="Content-Type" content="text/html;charset=utf-8" />
  <meta name='ocr-system' content='tesseract 3.04.00' />
  <meta name='ocr-capabilities' content='ocr_page ocr_carea ocr_par ocr_line ocrx_word'/>
</head>
<body>
  <div class='ocr_page' id='page_1' title='image "./operaomniasixtiv05bonauoft/operaomniasixtiv05bonauoft_0353.png"; bbox 0 0 2017 2948; ppageno 0'>
   <div class='ocr_carea' id='block_1_1' title="bbox 93 2482 196 2503">
    <p class='ocr_par' dir='ltr' id='par_1_1' title="bbox 93 2482 196 2503">
     <span class='ocr_line' id='line_1_1' title="bbox 93 2482 196 2503; baseline -0.01 0"><span class='ocrx_word' id='word_1_1' title='bbox 93 2482 196 2503; x_wconf 68' lang='lat' dir='ltr'>Fundam.</span> 
     </span>
    </p>
   </div>
   <div class='ocr_carea' id='block_1_2' title="bbox 616 162 1396 199">
    <p class='ocr_par' dir='ltr' id='par_1_2' title="bbox 616 162 1396 199">
     <span class='ocr_line' id='line_1_2' title="bbox 616 162 1396 199; baseline -0.001 -4"><span class='ocrx_word' id='word_1_2' title='bbox 616 164 711 196; x_wconf 79' lang='lat' dir='ltr'>DIST.</span> <span class='ocrx_word' id='word_1_3' title='bbox 736 163 785 194; x_wconf 78' lang='lat' dir='ltr'>lv.</span> <span class='ocrx_word' id='word_1_4' title='bbox 811 163 925 194; x_wconf 64' lang='lat' dir='ltr'>PART.</span> <span class='ocrx_word' id='word_1_5' title='bbox 951 163 973 194; x_wconf 88' lang='lat'>1.</span> <span class='ocrx_word' id='word_1_6' title='bbox 998 162 1086 193; x_wconf 86' lang='lat' dir='ltr'>ART.</span> <span class='ocrx_word' id='word_1_7' title='bbox 1112 162 1149 192; x_wconf 86' lang='grc' dir='ltr'>ΙΙ.</span> <span class='ocrx_word' id='word_1_8' title='bbox 1173 162 1321 199; x_wconf 79' lang='lat' dir='ltr'>QUAEST.</span> <span class='ocrx_word' id='word_1_9' title='bbox 1346 164 1396 194; x_wconf 89' lang='grc' dir='ltr'><strong>ΙΙΙ.</strong></span> 
     </span>
    </p>
   </div>
   <div class='ocr_carea' id='block_1_3' title="bbox 205 230 977 1759">
    <p class='ocr_par' dir='ltr' id='par_1_3' title="bbox 205 230 973 424">
     <span class='ocr_line' id='line_1_3' title="bbox 205 230 972 270; baseline -0.005 -6"><span class='ocrx_word' id='word_1_10' title='bbox 205 234 322 265; x_wconf 88' lang='lat' dir='ltr'>fectum</span> <span class='ocrx_word' id='word_1_11' title='bbox 335 234 577 269; x_wconf 87' lang='lat' dir='ltr'>sacramentum,</span> <span class='ocrx_word' id='word_1_12' title='bbox 592 231 668 270; x_wconf 86' lang='lat' dir='ltr'>quia</span> <span class='ocrx_word' id='word_1_13' title='bbox 682 231 763 261; x_wconf 88' lang='lat' dir='ltr'>Deus</span> <span class='ocrx_word' id='word_1_14' title='bbox 776 230 856 260; x_wconf 87' lang='lat' dir='ltr'>nulli</span> <span class='ocrx_word' id='word_1_15' title='bbox 872 230 972 261; x_wconf 87' lang='lat' dir='ltr'>invito</span> 
     </span>
     <span class='ocr_line' id='line_1_4' title="bbox 207 283 971 326; baseline -0.007 -9"><span class='ocrx_word' id='word_1_16' title='bbox 207 288 259 318; x_wconf 66' lang='lat' dir='ltr'>slat</span> <span class='ocrx_word' id='word_1_17' title='bbox 284 286 457 326; x_wconf 78' lang='lat' dir='ltr'>justitiam,</span> <span class='ocrx_word' id='word_1_18' title='bbox 485 294 542 316; x_wconf 90' lang='lat' dir='ltr'>nec</span> <span class='ocrx_word' id='word_1_19' title='bbox 564 284 716 323; x_wconf 76' lang='lat' dir='ltr'>gratiam3</span> <span class='ocrx_word' id='word_1_20' title='bbox 745 283 884 322; x_wconf 82' lang='lat' dir='ltr'>alioquin</span> <span class='ocrx_word' id='word_1_21' title='bbox 909 293 971 313; x_wconf 88' lang='lat' dir='ltr'>non</span> 
     </span>
     <span class='ocr_line' id='line_1_5' title="bbox 206 335 973 378; baseline -0.007 -8"><span class='ocrx_word' id='word_1_22' title='bbox 206 341 286 370; x_wconf 78' lang='lat' dir='ltr'>csset</span> <span class='ocrx_word' id='word_1_23' title='bbox 302 339 444 378; x_wconf 80' lang='lat' dir='ltr'>justitia:</span> <span class='ocrx_word' id='word_1_24' title='bbox 468 340 497 368; x_wconf 84' lang='lat' dir='ltr'>et</span> <span class='ocrx_word' id='word_1_25' title='bbox 512 346 567 377; x_wconf 83' lang='lat' dir='ltr'>per</span> <span class='ocrx_word' id='word_1_26' title='bbox 580 337 641 367; x_wconf 89' lang='lat' dir='ltr'>hoc</span> <span class='ocrx_word' id='word_1_27' title='bbox 660 338 745 376; x_wconf 85' lang='lat' dir='ltr'>patet</span> <span class='ocrx_word' id='word_1_28' title='bbox 764 336 845 375; x_wconf 84' lang='lat' dir='ltr'>quod</span> <span class='ocrx_word' id='word_1_29' title='bbox 867 335 973 375; x_wconf 84' lang='lat' dir='ltr'>objicit</span> 
     </span>
     <span class='ocr_line' id='line_1_6' title="bbox 206 394 362 424; baseline -0.013 0"><span class='ocrx_word' id='word_1_30' title='bbox 206 394 244 424; x_wconf 87' lang='lat' dir='ltr'>de</span> <span class='ocrx_word' id='word_1_31' title='bbox 259 402 362 424; x_wconf 84' lang='lat' dir='ltr'>causa.</span> 
     </span>
    </p>

    <p class='ocr_par' dir='ltr' id='par_1_4' title="bbox 206 440 974 692">
     <span class='ocr_line' id='line_1_7' title="bbox 251 440 972 480; baseline -0.007 -6"><span class='ocrx_word' id='word_1_32' title='bbox 251 448 274 474; x_wconf 88' lang='lat'>1.</span> <span class='ocrx_word' id='word_1_33' title='bbox 292 444 336 473; x_wconf 87' lang='lat' dir='ltr'>Ad</span> <span class='ocrx_word' id='word_1_34' title='bbox 353 442 436 473; x_wconf 84' lang='lat' dir='ltr'>aliud</span> <span class='ocrx_word' id='word_1_35' title='bbox 452 441 620 472; x_wconf 79' lang='lat' dir='ltr'>dicendum</span> <span class='ocrx_word' id='word_1_36' title='bbox 640 440 724 480; x_wconf 87' lang='lat' dir='ltr'>quod</span> <span class='ocrx_word' id='word_1_37' title='bbox 740 442 972 470; x_wconf 86' lang='lat' dir='ltr'>sacramentum</span> 
     </span>
     <span class='ocr_line' id='line_1_8' title="bbox 207 493 973 536; baseline -0.007 -9"><span class='ocrx_word' id='word_1_38' title='bbox 207 497 363 536; x_wconf 83' lang='lat' dir='ltr'>significat</span> <span class='ocrx_word' id='word_1_39' title='bbox 387 505 418 526; x_wconf 89' lang='lat' dir='ltr'>se</span> <span class='ocrx_word' id='word_1_40' title='bbox 441 495 542 525; x_wconf 83' lang='lat' dir='ltr'>facere</span> <span class='ocrx_word' id='word_1_41' title='bbox 564 495 597 524; x_wconf 87' lang='lat' dir='ltr'>in</span> <span class='ocrx_word' id='word_1_42' title='bbox 618 494 788 533; x_wconf 78' lang='lat' dir='ltr'>recipiente</span> <span class='ocrx_word' id='word_1_43' title='bbox 811 493 973 523; x_wconf 86' lang='lat' dir='ltr'>remissio-</span> 
     </span>
     <span class='ocr_line' id='line_1_9' title="bbox 206 546 972 589; baseline -0.005 -9"><span class='ocrx_word' id='word_1_44' title='bbox 206 559 292 586; x_wconf 87' lang='lat' dir='ltr'>nem,</span> <span class='ocrx_word' id='word_1_45' title='bbox 305 552 334 580; x_wconf 91' lang='lat' dir='ltr'>et</span> <span class='ocrx_word' id='word_1_46' title='bbox 348 551 502 589; x_wconf 85' lang='lat' dir='ltr'>quantum</span> <span class='ocrx_word' id='word_1_47' title='bbox 515 551 561 578; x_wconf 87' lang='lat' dir='ltr'>est</span> <span class='ocrx_word' id='word_1_48' title='bbox 571 548 609 578; x_wconf 85' lang='lat' dir='ltr'>de</span> <span class='ocrx_word' id='word_1_49' title='bbox 624 557 668 584; x_wconf 82' lang='lat' dir='ltr'>se,</span> <span class='ocrx_word' id='word_1_50' title='bbox 681 556 804 586; x_wconf 89' lang='lat' dir='ltr'>semper</span> <span class='ocrx_word' id='word_1_51' title='bbox 819 547 891 576; x_wconf 83' lang='lat' dir='ltr'>facit</span> <span class='ocrx_word' id='word_1_52' title='bbox 903 558 909 583; x_wconf 87' lang='lat'>;</span> <span class='ocrx_word' id='word_1_53' title='bbox 920 546 972 576; x_wconf 83' lang='lat' dir='ltr'>sed</span> 
     </span>
     <span class='ocr_line' id='line_1_10' title="bbox 207 600 974 643; baseline -0.007 -9"><span class='ocrx_word' id='word_1_54' title='bbox 207 604 290 643; x_wconf 87' lang='lat' dir='ltr'>quod</span> <span class='ocrx_word' id='word_1_55' title='bbox 306 613 367 634; x_wconf 84' lang='lat' dir='ltr'>non</span> <span class='ocrx_word' id='word_1_56' title='bbox 384 603 450 639; x_wconf 76' lang='lat' dir='ltr'>fiat,</span> <span class='ocrx_word' id='word_1_57' title='bbox 470 602 586 633; x_wconf 87' lang='lat' dir='ltr'>vitium</span> <span class='ocrx_word' id='word_1_58' title='bbox 602 604 649 631; x_wconf 88' lang='lat' dir='ltr'>est</span> <span class='ocrx_word' id='word_1_59' title='bbox 659 601 873 640; x_wconf 86' lang='lat' dir='ltr'>suscipientis:</span> <span class='ocrx_word' id='word_1_60' title='bbox 887 602 917 630; x_wconf 88' lang='lat' dir='ltr'>et</span> <span class='ocrx_word' id='word_1_61' title='bbox 932 600 974 629; x_wconf 83' lang='lat' dir='ltr'>ita</span> 
     </span>
     <span class='ocr_line' id='line_1_11' title="bbox 208 653 971 692; baseline -0.007 -5"><span class='ocrx_word' id='word_1_62' title='bbox 208 657 323 687; x_wconf 86' lang='lat' dir='ltr'>veritas</span> <span class='ocrx_word' id='word_1_63' title='bbox 331 659 377 687; x_wconf 86' lang='lat' dir='ltr'>est</span> <span class='ocrx_word' id='word_1_64' title='bbox 388 657 420 686; x_wconf 93' lang='lat' dir='ltr'>in</span> <span class='ocrx_word' id='word_1_65' title='bbox 432 657 639 692; x_wconf 82' lang='lat' dir='ltr'>sacramento,</span> <span class='ocrx_word' id='word_1_66' title='bbox 652 655 706 685; x_wconf 87' lang='lat' dir='ltr'>sed</span> <span class='ocrx_word' id='word_1_67' title='bbox 716 654 832 684; x_wconf 79' lang='lat' dir='ltr'>falsitas</span> <span class='ocrx_word' id='word_1_68' title='bbox 846 654 877 683; x_wconf 90' lang='lat' dir='ltr'>in</span> <span class='ocrx_word' id='word_1_69' title='bbox 889 653 971 683; x_wconf 88' lang='lat' dir='ltr'>ficto.</span> 
     </span>
    </p>

    <p class='ocr_par' dir='ltr' id='par_1_5' title="bbox 206 707 975 1545">
     <span class='ocr_line' id='line_1_12' title="bbox 247 707 973 748; baseline -0.006 -8"><span class='ocrx_word' id='word_1_70' title='bbox 247 712 276 740; x_wconf 70' lang='lat'>9..</span> <span class='ocrx_word' id='word_1_71' title='bbox 294 709 340 740; x_wconf 86' lang='lat' dir='ltr'>Ad</span> <span class='ocrx_word' id='word_1_72' title='bbox 355 709 439 740; x_wconf 86' lang='lat' dir='ltr'>aliud</span> <span class='ocrx_word' id='word_1_73' title='bbox 455 709 622 739; x_wconf 75' lang='lat' dir='ltr'>dicendum</span> <span class='ocrx_word' id='word_1_74' title='bbox 637 708 722 748; x_wconf 87' lang='lat' dir='ltr'>quod</span> <span class='ocrx_word' id='word_1_75' title='bbox 741 707 844 746; x_wconf 86' lang='lat' dir='ltr'>gratia</span> <span class='ocrx_word' id='word_1_76' title='bbox 864 707 973 746; x_wconf 82' lang='lat' dir='ltr'>expel-</span> 
     </span>
     <span class='ocr_line' id='line_1_13' title="bbox 206 761 975 802; baseline -0.005 -9"><span class='ocrx_word' id='word_1_77' title='bbox 206 763 283 794; x_wconf 88' lang='lat' dir='ltr'>litur</span> <span class='ocrx_word' id='word_1_78' title='bbox 294 766 324 793; x_wconf 91' lang='lat' dir='ltr'>et</span> <span class='ocrx_word' id='word_1_79' title='bbox 338 763 486 802; x_wconf 71' lang='lat' dir='ltr'>recipitur</span> <span class='ocrx_word' id='word_1_80' title='bbox 499 763 531 792; x_wconf 91' lang='lat' dir='ltr'>in</span> <span class='ocrx_word' id='word_1_81' title='bbox 544 763 651 792; x_wconf 86' lang='lat' dir='ltr'>anima</span> <span class='ocrx_word' id='word_1_82' title='bbox 667 761 843 792; x_wconf 85' lang='lat' dir='ltr'>secuudum</span> <span class='ocrx_word' id='word_1_83' title='bbox 856 761 975 791; x_wconf 74' lang='lat' dir='ltr'>confor-</span> 
     </span>
     <span class='ocr_line' id='line_1_14' title="bbox 207 813 974 852; baseline -0.004 -7"><span class='ocrx_word' id='word_1_84' title='bbox 207 816 349 846; x_wconf 80' lang='lat' dir='ltr'>mitatem</span> <span class='ocrx_word' id='word_1_85' title='bbox 364 815 537 845; x_wconf 76' lang='lat' dir='ltr'>voluntatis</span> <span class='ocrx_word' id='word_1_86' title='bbox 548 826 555 852; x_wconf 72' lang='lat'>3</span> <span class='ocrx_word' id='word_1_87' title='bbox 568 814 751 844; x_wconf 86' lang='lat' dir='ltr'>similiteret</span> <span class='ocrx_word' id='word_1_88' title='bbox 766 814 867 852; x_wconf 83' lang='lat' dir='ltr'>culpa.</span> <span class='ocrx_word' id='word_1_89' title='bbox 887 813 974 843; x_wconf 87' lang='lat' dir='ltr'>Unde</span> 
     </span>
     <span class='ocr_line' id='line_1_15' title="bbox 207 866 972 909; baseline -0.005 -9"><span class='ocrx_word' id='word_1_90' title='bbox 207 869 300 909; x_wconf 87' lang='lat' dir='ltr'>culpa</span> <span class='ocrx_word' id='word_1_91' title='bbox 315 879 377 900; x_wconf 85' lang='lat' dir='ltr'>non</span> <span class='ocrx_word' id='word_1_92' title='bbox 392 869 515 899; x_wconf 82' lang='lat' dir='ltr'>obsistit</span> <span class='ocrx_word' id='word_1_93' title='bbox 531 869 657 907; x_wconf 82' lang='lat' dir='ltr'>gratiae,</span> <span class='ocrx_word' id='word_1_94' title='bbox 679 869 739 898; x_wconf 91' lang='lat' dir='ltr'>nisi</span> <span class='ocrx_word' id='word_1_95' title='bbox 755 866 896 907; x_wconf 79' lang='lat' dir='ltr'>qnandiu</span> <span class='ocrx_word' id='word_1_96' title='bbox 917 876 972 897; x_wconf 90' lang='lat' dir='ltr'>vo-</span> 
     </span>
     <span class='ocr_line' id='line_1_16' title="bbox 206 921 975 961; baseline -0.007 -7"><span class='ocrx_word' id='word_1_97' title='bbox 206 923 311 954; x_wconf 82' lang='lat' dir='ltr'>luntas</span> <span class='ocrx_word' id='word_1_98' title='bbox 332 925 379 954; x_wconf 90' lang='lat' dir='ltr'>est</span> <span class='ocrx_word' id='word_1_99' title='bbox 406 923 449 953; x_wconf 91' lang='lat' dir='ltr'>illi</span> <span class='ocrx_word' id='word_1_100' title='bbox 471 923 688 959; x_wconf 86' lang='lat' dir='ltr'>consentiens;</span> <span class='ocrx_word' id='word_1_101' title='bbox 717 921 843 961; x_wconf 88' lang='lat' dir='ltr'>quando</span> <span class='ocrx_word' id='word_1_102' title='bbox 868 922 975 951; x_wconf 85' lang='lat' dir='ltr'>autem</span> 
     </span>
     <span class='ocr_line' id='line_1_17' title="bbox 207 974 975 1014; baseline -0.005 -7"><span class='ocrx_word' id='word_1_103' title='bbox 207 976 300 1014; x_wconf 80' lang='lat' dir='ltr'>dolet,</span> <span class='ocrx_word' id='word_1_104' title='bbox 316 979 392 1006; x_wconf 87' lang='lat' dir='ltr'>tunc</span> <span class='ocrx_word' id='word_1_105' title='bbox 415 985 552 1006; x_wconf 81' lang='lat' dir='ltr'>consona</span> <span class='ocrx_word' id='word_1_106' title='bbox 574 977 629 1006; x_wconf 85' lang='lat' dir='ltr'>est.</span> <span class='ocrx_word' id='word_1_107' title='bbox 657 975 735 1006; x_wconf 90' lang='lat' dir='ltr'>Cum</span> <span class='ocrx_word' id='word_1_108' title='bbox 760 983 838 1013; x_wconf 87' lang='lat' dir='ltr'>ergo</span> <span class='ocrx_word' id='word_1_109' title='bbox 861 974 975 1004; x_wconf 84' lang='lat' dir='ltr'>dicitur</span> 
     </span>
     <span class='ocr_line' id='line_1_18' title="bbox 207 1028 975 1069; baseline -0.005 -9"><span class='ocrx_word' id='word_1_110' title='bbox 207 1030 292 1069; x_wconf 88' lang='lat' dir='ltr'>quod</span> <span class='ocrx_word' id='word_1_111' title='bbox 314 1029 394 1060; x_wconf 88' lang='lat' dir='ltr'>nihil</span> <span class='ocrx_word' id='word_1_112' title='bbox 416 1030 520 1068; x_wconf 82' lang='lat' dir='ltr'>magis</span> <span class='ocrx_word' id='word_1_113' title='bbox 543 1031 703 1068; x_wconf 77' lang='lat' dir='ltr'>repugnat</span> <span class='ocrx_word' id='word_1_114' title='bbox 726 1028 858 1067; x_wconf 68' lang='lat' dir='ltr'>gratiae,</span> <span class='ocrx_word' id='word_1_115' title='bbox 877 1035 975 1066; x_wconf 87' lang='lat' dir='ltr'>quam</span> 
     </span>
     <span class='ocr_line' id='line_1_19' title="bbox 207 1080 974 1122; baseline -0.003 -10"><span class='ocrx_word' id='word_1_116' title='bbox 207 1082 320 1122; x_wconf 81' lang='lat' dir='ltr'>culpa,</span> <span class='ocrx_word' id='word_1_117' title='bbox 342 1082 583 1121; x_wconf 72' lang='lat' dir='ltr'>intelligendum</span> <span class='ocrx_word' id='word_1_118' title='bbox 606 1084 671 1119; x_wconf 83' lang='lat' dir='ltr'>est,</span> <span class='ocrx_word' id='word_1_119' title='bbox 696 1080 779 1120; x_wconf 85' lang='lat' dir='ltr'>quod</span> <span class='ocrx_word' id='word_1_120' title='bbox 798 1088 974 1120; x_wconf 71' lang='lat' dir='ltr'>repuynare</span> 
     </span>
     <span class='ocr_line' id='line_1_20' title="bbox 206 1133 974 1175; baseline -0.004 -10"><span class='ocrx_word' id='word_1_121' title='bbox 206 1137 307 1175; x_wconf 89' lang='lat' dir='ltr'>potest</span> <span class='ocrx_word' id='word_1_122' title='bbox 341 1144 408 1166; x_wconf 87' lang='lat' dir='ltr'>esse</span> <span class='ocrx_word' id='word_1_123' title='bbox 439 1135 606 1175; x_wconf 80' lang='lat' dir='ltr'>dupliciter</span> <span class='ocrx_word' id='word_1_124' title='bbox 633 1146 639 1164; x_wconf 90' lang='lat'>:</span> <span class='ocrx_word' id='word_1_125' title='bbox 669 1134 720 1165; x_wconf 87' lang='lat' dir='ltr'>vel</span> <span class='ocrx_word' id='word_1_126' title='bbox 746 1137 900 1173; x_wconf 82' lang='lat' dir='ltr'>quantum</span> <span class='ocrx_word' id='word_1_127' title='bbox 935 1133 974 1163; x_wconf 85' lang='lat' dir='ltr'>ad</span> 
     </span>
     <span class='ocr_line' id='line_1_21' title="bbox 207 1187 973 1228; baseline -0.003 -10"><span class='ocrx_word' id='word_1_128' title='bbox 207 1188 414 1218; x_wconf 74' lang='lat' dir='ltr'>resistentiam</span> <span class='ocrx_word' id='word_1_129' title='bbox 427 1212 434 1225; x_wconf 83' lang='lat'>,</span> <span class='ocrx_word' id='word_1_130' title='bbox 466 1188 516 1218; x_wconf 91' lang='lat' dir='ltr'>vel</span> <span class='ocrx_word' id='word_1_131' title='bbox 550 1190 704 1228; x_wconf 73' lang='lat' dir='ltr'>quantuni</span> <span class='ocrx_word' id='word_1_132' title='bbox 734 1187 771 1217; x_wconf 85' lang='lat' dir='ltr'>ad</span> <span class='ocrx_word' id='word_1_133' title='bbox 804 1187 973 1226; x_wconf 86' lang='lat' dir='ltr'>oppositio-</span> 
     </span>
     <span class='ocr_line' id='line_1_22' title="bbox 206 1239 975 1279; baseline -0.003 -8"><span class='ocrx_word' id='word_1_134' title='bbox 206 1250 279 1271; x_wconf 87' lang='lat' dir='ltr'>nem</span> <span class='ocrx_word' id='word_1_135' title='bbox 301 1241 474 1271; x_wconf 87' lang='lat' dir='ltr'>secundum</span> <span class='ocrx_word' id='word_1_136' title='bbox 498 1242 644 1271; x_wconf 81' lang='lat' dir='ltr'>formam.</span> <span class='ocrx_word' id='word_1_137' title='bbox 670 1239 860 1279; x_wconf 75' lang='lat' dir='ltr'>Exemplum</span> <span class='ocrx_word' id='word_1_138' title='bbox 876 1242 921 1269; x_wconf 81' lang='lat' dir='ltr'>est</span> <span class='ocrx_word' id='word_1_139' title='bbox 938 1240 975 1269; x_wconf 91' lang='lat' dir='ltr'>de</span> 
     </span>
     <span class='ocr_line' id='line_1_23' title="bbox 207 1293 975 1332; baseline -0.004 -8"><span class='ocrx_word' id='word_1_140' title='bbox 207 1294 344 1324; x_wconf 87' lang='lat' dir='ltr'>tenebris</span> <span class='ocrx_word' id='word_1_141' title='bbox 373 1295 404 1324; x_wconf 91' lang='lat' dir='ltr'>in</span> <span class='ocrx_word' id='word_1_142' title='bbox 431 1304 521 1331; x_wconf 72' lang='lat' dir='ltr'>aere,</span> <span class='ocrx_word' id='word_1_143' title='bbox 542 1297 571 1324; x_wconf 90' lang='lat' dir='ltr'>et</span> <span class='ocrx_word' id='word_1_144' title='bbox 596 1294 633 1324; x_wconf 89' lang='lat' dir='ltr'>de</span> <span class='ocrx_word' id='word_1_145' title='bbox 663 1293 814 1332; x_wconf 73' lang='lat' dir='ltr'>opacitate</span> <span class='ocrx_word' id='word_1_146' title='bbox 830 1294 975 1331; x_wconf 81' lang='lat' dir='ltr'>respectu</span> 
     </span>
     <span class='ocr_line' id='line_1_24' title="bbox 207 1348 315 1378; baseline 0.009 -1"><span class='ocrx_word' id='word_1_147' title='bbox 207 1348 285 1378; x_wconf 76' lang='lat' dir='ltr'>luciS</span> <span class='ocrx_word' id='word_1_148' title='bbox 309 1359 315 1378; x_wconf 80' lang='lat' dir='ltr'><em>z</em></span> 
     </span>
     <span class='ocr_line' id='line_1_25' title="bbox 208 1401 974 1440; baseline -0.004 -9"><span class='ocrx_word' id='word_1_149' title='bbox 208 1401 299 1440; x_wconf 85' lang='lat' dir='ltr'>culpa</span> <span class='ocrx_word' id='word_1_150' title='bbox 315 1404 345 1436; x_wconf 82' lang='lat' dir='ltr'>et</span> <span class='ocrx_word' id='word_1_151' title='bbox 359 1402 461 1440; x_wconf 81' lang='lat' dir='ltr'>gratia</span> <span class='ocrx_word' id='word_1_152' title='bbox 484 1403 664 1440; x_wconf 75' lang='lat' dir='ltr'>repugnant</span> <span class='ocrx_word' id='word_1_153' title='bbox 679 1401 854 1431; x_wconf 79' lang='lat' dir='ltr'>secundnm</span> <span class='ocrx_word' id='word_1_154' title='bbox 875 1408 974 1438; x_wconf 86' lang='lat' dir='ltr'>oppo-</span> 
     </span>
     <span class='ocr_line' id='line_1_26' title="bbox 208 1453 973 1491; baseline -0.004 -7"><span class='ocrx_word' id='word_1_155' title='bbox 208 1455 353 1484; x_wconf 87' lang='lat' dir='ltr'>sitionem</span> <span class='ocrx_word' id='word_1_156' title='bbox 371 1455 496 1491; x_wconf 75' lang='lat' dir='ltr'>formae3</span> <span class='ocrx_word' id='word_1_157' title='bbox 514 1454 567 1484; x_wconf 75' lang='lat' dir='ltr'>sed</span> <span class='ocrx_word' id='word_1_158' title='bbox 588 1454 670 1483; x_wconf 79' lang='lat' dir='ltr'>fictio</span> <span class='ocrx_word' id='word_1_159' title='bbox 685 1453 860 1483; x_wconf 80' lang='lat' dir='ltr'>secundum</span> <span class='ocrx_word' id='word_1_160' title='bbox 876 1461 973 1491; x_wconf 89' lang='lat' dir='ltr'>oppo-</span> 
     </span>
     <span class='ocr_line' id='line_1_27' title="bbox 208 1507 973 1545; baseline -0.007 -7"><span class='ocrx_word' id='word_1_161' title='bbox 208 1508 354 1538; x_wconf 84' lang='lat' dir='ltr'>sitionem</span> <span class='ocrx_word' id='word_1_162' title='bbox 369 1508 569 1544; x_wconf 76' lang='lat' dir='ltr'>resistentiae3</span> <span class='ocrx_word' id='word_1_163' title='bbox 584 1507 668 1537; x_wconf 86' lang='lat' dir='ltr'>unde</span> <span class='ocrx_word' id='word_1_164' title='bbox 680 1507 791 1536; x_wconf 78' lang='lat' dir='ltr'>fortius</span> <span class='ocrx_word' id='word_1_165' title='bbox 801 1508 973 1545; x_wconf 73' lang='lat' dir='ltr'>repugnat.</span> 
     </span>
    </p>

    <p class='ocr_par' dir='ltr' id='par_1_6' title="bbox 208 1558 977 1759">
     <span class='ocr_line' id='line_1_28' title="bbox 249 1558 974 1600; baseline -0.006 -9"><span class='ocrx_word' id='word_1_166' title='bbox 249 1564 277 1591; x_wconf 88' lang='lat'>3.</span> <span class='ocrx_word' id='word_1_167' title='bbox 295 1561 341 1591; x_wconf 86' lang='lat' dir='ltr'>Ad</span> <span class='ocrx_word' id='word_1_168' title='bbox 359 1561 434 1591; x_wconf 85' lang='lat' dir='ltr'>illud</span> <span class='ocrx_word' id='word_1_169' title='bbox 448 1561 531 1600; x_wconf 83' lang='lat' dir='ltr'>quod</span> <span class='ocrx_word' id='word_1_170' title='bbox 547 1560 693 1599; x_wconf 80' lang='lat' dir='ltr'>objicitur</span> <span class='ocrx_word' id='word_1_171' title='bbox 706 1560 743 1589; x_wconf 92' lang='lat' dir='ltr'>de</span> <span class='ocrx_word' id='word_1_172' title='bbox 759 1560 880 1589; x_wconf 77' lang='lat' dir='ltr'>defectu</span> <span class='ocrx_word' id='word_1_173' title='bbox 893 1558 974 1594; x_wconf 66' lang='lat' dir='ltr'>fidei,</span> 
     </span>
     <span class='ocr_line' id='line_1_29' title="bbox 208 1613 977 1653; baseline -0.005 -9"><span class='ocrx_word' id='word_1_174' title='bbox 208 1614 375 1645; x_wconf 86' lang='lat' dir='ltr'>dicendum</span> <span class='ocrx_word' id='word_1_175' title='bbox 402 1614 484 1653; x_wconf 72' lang='lat' dir='ltr'>quod</span> <span class='ocrx_word' id='word_1_176' title='bbox 508 1622 632 1643; x_wconf 64' lang='lat' dir='ltr'>neccsse</span> <span class='ocrx_word' id='word_1_177' title='bbox 657 1615 702 1643; x_wconf 80' lang='lat' dir='ltr'>est</span> <span class='ocrx_word' id='word_1_178' title='bbox 724 1613 878 1642; x_wconf 80' lang='lat' dir='ltr'>rationem</span> <span class='ocrx_word' id='word_1_179' title='bbox 907 1621 977 1641; x_wconf 79' lang='lat' dir='ltr'>con-</span> 
     </span>
     <span class='ocr_line' id='line_1_30' title="bbox 208 1664 976 1703; baseline -0.005 -6"><span class='ocrx_word' id='word_1_180' title='bbox 208 1667 336 1697; x_wconf 79' lang='lat' dir='ltr'>cordare</span> <span class='ocrx_word' id='word_1_181' title='bbox 352 1668 560 1703; x_wconf 74' lang='lat' dir='ltr'>sacramento,</span> <span class='ocrx_word' id='word_1_182' title='bbox 578 1668 607 1695; x_wconf 83' lang='lat' dir='ltr'>et</span> <span class='ocrx_word' id='word_1_183' title='bbox 623 1665 830 1702; x_wconf 75' lang='lat' dir='ltr'>voluntatem,</span> <span class='ocrx_word' id='word_1_184' title='bbox 848 1664 976 1695; x_wconf 81' lang='lat' dir='ltr'>sednon</span> 
     </span>
     <span class='ocr_line' id='line_1_31' title="bbox 208 1719 977 1759; baseline -0.004 -9"><span class='ocrx_word' id='word_1_185' title='bbox 208 1722 328 1759; x_wconf 83' lang='lat' dir='ltr'>oportet</span> <span class='ocrx_word' id='word_1_186' title='bbox 338 1720 420 1759; x_wconf 85' lang='lat' dir='ltr'>quod</span> <span class='ocrx_word' id='word_1_187' title='bbox 437 1720 573 1759; x_wconf 87' lang='lat' dir='ltr'>perfecta</span> <span class='ocrx_word' id='word_1_188' title='bbox 588 1719 764 1756; x_wconf 80' lang='lat' dir='ltr'>concordia,</span> <span class='ocrx_word' id='word_1_189' title='bbox 776 1727 848 1758; x_wconf 77' lang='lat' dir='ltr'>quae</span> <span class='ocrx_word' id='word_1_190' title='bbox 862 1720 909 1748; x_wconf 71' lang='lat' dir='ltr'>est</span> <span class='ocrx_word' id='word_1_191' title='bbox 922 1726 977 1757; x_wconf 87' lang='lat' dir='ltr'>per</span> 
     </span>
    </p>
   </div>
   <div class='ocr_carea' id='block_1_4' title="bbox 339 1345 975 1386">
    <p class='ocr_par' dir='ltr' id='par_1_7' title="bbox 339 1345 975 1386">
     <span class='ocr_line' id='line_1_32' title="bbox 339 1345 975 1386; baseline -0.005 -8"><span class='ocrx_word' id='word_1_192' title='bbox 339 1348 382 1379; x_wconf 87' lang='lat' dir='ltr'>sic</span> <span class='ocrx_word' id='word_1_193' title='bbox 411 1348 577 1378; x_wconf 83' lang='lat' dir='ltr'>dicendum</span> <span class='ocrx_word' id='word_1_194' title='bbox 616 1348 648 1376; x_wconf 92' lang='lat' dir='ltr'>in</span> <span class='ocrx_word' id='word_1_195' title='bbox 686 1347 863 1386; x_wconf 72' lang='lat' dir='ltr'>proposito,</span> <span class='ocrx_word' id='word_1_196' title='bbox 892 1345 975 1385; x_wconf 80' lang='lat' dir='ltr'>quod</span> 
     </span>
    </p>
   </div>
   <div class='ocr_carea' id='block_1_5' title="bbox 196 1771 977 1812">
    <p class='ocr_par' dir='ltr' id='par_1_8' title="bbox 196 1771 977 1812">
     <span class='ocr_line' id='line_1_33' title="bbox 196 1771 977 1812; baseline -0.004 -10"><span class='ocrx_word' id='word_1_197' title='bbox 196 1773 345 1811; x_wconf 79' lang='lat' dir='ltr'>gratiam</span> <span class='ocrx_word' id='word_1_198' title='bbox 362 1775 491 1812; x_wconf 84' lang='lat' dir='ltr'>gratum</span> <span class='ocrx_word' id='word_1_199' title='bbox 506 1772 688 1809; x_wconf 81' lang='lat' dir='ltr'>facientem;</span> <span class='ocrx_word' id='word_1_200' title='bbox 704 1771 758 1802; x_wconf 82' lang='lat' dir='ltr'>sed</span> <span class='ocrx_word' id='word_1_201' title='bbox 773 1780 809 1801; x_wconf 84' lang='lat' dir='ltr'>ea</span> <span class='ocrx_word' id='word_1_202' title='bbox 819 1794 826 1807; x_wconf 88' lang='lat'>,</span> <span class='ocrx_word' id='word_1_203' title='bbox 843 1779 916 1810; x_wconf 72' lang='lat' dir='ltr'>quae</span> <span class='ocrx_word' id='word_1_204' title='bbox 931 1772 977 1800; x_wconf 86' lang='lat' dir='ltr'>est</span> 
     </span>
    </p>
   </div>
   <div class='ocr_carea' id='block_1_6' title="bbox 208 1824 979 2182">
    <p class='ocr_par' dir='ltr' id='par_1_9' title="bbox 208 1824 979 2182">
     <span class='ocr_line' id='line_1_34' title="bbox 208 1824 977 1865; baseline -0.004 -9"><span class='ocrx_word' id='word_1_205' title='bbox 208 1835 264 1865; x_wconf 87' lang='lat' dir='ltr'>per</span> <span class='ocrx_word' id='word_1_206' title='bbox 288 1826 425 1865; x_wconf 79' lang='lat' dir='ltr'>gratiam</span> <span class='ocrx_word' id='word_1_207' title='bbox 451 1826 551 1865; x_wconf 79' lang='lat' dir='ltr'>gratis</span> <span class='ocrx_word' id='word_1_208' title='bbox 580 1825 696 1855; x_wconf 77' lang='lat' dir='ltr'>datam.</span> <span class='ocrx_word' id='word_1_209' title='bbox 727 1824 786 1855; x_wconf 87' lang='lat' dir='ltr'>Sed</span> <span class='ocrx_word' id='word_1_210' title='bbox 809 1824 889 1854; x_wconf 83' lang='lat' dir='ltr'>ratio</span> <span class='ocrx_word' id='word_1_211' title='bbox 913 1833 977 1854; x_wconf 89' lang='lat' dir='ltr'>non</span> 
     </span>
     <span class='ocr_line' id='line_1_35' title="bbox 209 1876 976 1916; baseline -0.001 -9"><span class='ocrx_word' id='word_1_212' title='bbox 209 1878 343 1908; x_wconf 85' lang='lat' dir='ltr'>efficitur</span> <span class='ocrx_word' id='word_1_213' title='bbox 358 1887 498 1916; x_wconf 76' lang='grc'><strong>00110015,</strong></span> <span class='ocrx_word' id='word_1_214' title='bbox 515 1878 576 1907; x_wconf 82' lang='lat' dir='ltr'>nisi</span> <span class='ocrx_word' id='word_1_215' title='bbox 594 1877 697 1916; x_wconf 84' lang='lat' dir='ltr'>gratia</span> <span class='ocrx_word' id='word_1_216' title='bbox 713 1877 786 1907; x_wconf 88' lang='lat' dir='ltr'>fidei</span> <span class='ocrx_word' id='word_1_217' title='bbox 802 1876 912 1906; x_wconf 85' lang='lat' dir='ltr'>saltem</span> <span class='ocrx_word' id='word_1_218' title='bbox 928 1877 976 1906; x_wconf 89' lang='lat' dir='ltr'>in-</span> 
     </span>
     <span class='ocr_line' id='line_1_36' title="bbox 209 1929 978 1970; baseline -0.003 -9"><span class='ocrx_word' id='word_1_219' title='bbox 209 1931 318 1961; x_wconf 76' lang='lat' dir='ltr'>formis</span> <span class='ocrx_word' id='word_1_220' title='bbox 331 1941 341 1960; x_wconf 91' lang='lat'>.·</span> <span class='ocrx_word' id='word_1_221' title='bbox 357 1930 607 1970; x_wconf 72' lang='lat' dir='ltr'>concupiscibilis</span> <span class='ocrx_word' id='word_1_222' title='bbox 626 1933 735 1960; x_wconf 87' lang='lat' dir='ltr'>autem</span> <span class='ocrx_word' id='word_1_223' title='bbox 756 1929 890 1960; x_wconf 85' lang='lat' dir='ltr'>efficitur</span> <span class='ocrx_word' id='word_1_224' title='bbox 905 1938 978 1959; x_wconf 88' lang='lat' dir='ltr'>cou-</span> 
     </span>
     <span class='ocr_line' id='line_1_37' title="bbox 210 1982 977 2022; baseline -0.004 -7"><span class='ocrx_word' id='word_1_225' title='bbox 210 1993 279 2015; x_wconf 85' lang='lat' dir='ltr'>cors</span> <span class='ocrx_word' id='word_1_226' title='bbox 292 1985 450 2015; x_wconf 83' lang='lat' dir='ltr'>attritione</span> <span class='ocrx_word' id='word_1_227' title='bbox 468 1995 474 2014; x_wconf 90' lang='lat'><strong>:</strong></span> <span class='ocrx_word' id='word_1_228' title='bbox 492 1984 636 2014; x_wconf 87' lang='lat' dir='ltr'>similiter</span> <span class='ocrx_word' id='word_1_229' title='bbox 656 1983 821 2013; x_wconf 79' lang='lat' dir='ltr'>irascibilis</span> <span class='ocrx_word' id='word_1_230' title='bbox 840 1982 977 2022; x_wconf 86' lang='lat' dir='ltr'>quadam</span> 
     </span>
     <span class='ocr_line' id='line_1_38' title="bbox 209 2036 979 2076; baseline -0.005 -8"><span class='ocrx_word' id='word_1_231' title='bbox 209 2038 404 2075; x_wconf 84' lang='lat' dir='ltr'>humilitate,</span> <span class='ocrx_word' id='word_1_232' title='bbox 428 2038 494 2068; x_wconf 91' lang='lat' dir='ltr'>sive</span> <span class='ocrx_word' id='word_1_233' title='bbox 518 2037 712 2076; x_wconf 66' lang='lat' dir='ltr'>subiectione</span> <span class='ocrx_word' id='word_1_234' title='bbox 731 2047 737 2066; x_wconf 88' lang='grc'>;</span> <span class='ocrx_word' id='word_1_235' title='bbox 755 2036 825 2066; x_wconf 88' lang='lat' dir='ltr'>ideo</span> <span class='ocrx_word' id='word_1_236' title='bbox 847 2044 912 2066; x_wconf 89' lang='lat' dir='ltr'>non</span> <span class='ocrx_word' id='word_1_237' title='bbox 933 2036 979 2064; x_wconf 89' lang='lat' dir='ltr'>est</span> 
     </span>
     <span class='ocr_line' id='line_1_39' title="bbox 208 2089 976 2129; baseline -0.003 -8"><span class='ocrx_word' id='word_1_238' title='bbox 208 2090 311 2121; x_wconf 85' lang='lat' dir='ltr'>simile</span> <span class='ocrx_word' id='word_1_239' title='bbox 323 2090 361 2120; x_wconf 89' lang='lat' dir='ltr'>de</span> <span class='ocrx_word' id='word_1_240' title='bbox 374 2090 412 2129; x_wconf 77' lang='lat' dir='ltr'>(a)</span> <span class='ocrx_word' id='word_1_241' title='bbox 430 2090 591 2120; x_wconf 81' lang='lat' dir='ltr'>charitate.</span> <span class='ocrx_word' id='word_1_242' title='bbox 613 2089 696 2120; x_wconf 86' lang='lat' dir='ltr'>Bene</span> <span class='ocrx_word' id='word_1_243' title='bbox 715 2092 822 2119; x_wconf 87' lang='lat' dir='ltr'>autem</span> <span class='ocrx_word' id='word_1_244' title='bbox 837 2097 976 2128; x_wconf 89' lang='lat' dir='ltr'>oppone-</span> 
     </span>
     <span class='ocr_line' id='line_1_40' title="bbox 210 2142 884 2182; baseline 0 -10"><span class='ocrx_word' id='word_1_245' title='bbox 210 2145 268 2180; x_wconf 85' lang='lat' dir='ltr'>ret,</span> <span class='ocrx_word' id='word_1_246' title='bbox 285 2142 311 2172; x_wconf 87' lang='lat' dir='ltr'>si</span> <span class='ocrx_word' id='word_1_247' title='bbox 330 2142 520 2182; x_wconf 84' lang='lat' dir='ltr'>intelligeret</span> <span class='ocrx_word' id='word_1_248' title='bbox 532 2143 570 2173; x_wconf 90' lang='lat' dir='ltr'>de</span> <span class='ocrx_word' id='word_1_249' title='bbox 583 2143 644 2173; x_wconf 89' lang='lat' dir='ltr'>fide</span> <span class='ocrx_word' id='word_1_250' title='bbox 662 2143 806 2179; x_wconf 84' lang='lat' dir='ltr'>formata,</span> <span class='ocrx_word' id='word_1_251' title='bbox 825 2144 884 2172; x_wconf 87' lang='lat' dir='ltr'>etc.</span> 
     </span>
    </p>
   </div>
   <div class='ocr_carea' id='block_1_7' title="bbox 467 2258 720 2295">
    <p class='ocr_par' dir='ltr' id='par_1_10' title="bbox 467 2258 720 2295">
     <span class='ocr_line' id='line_1_41' title="bbox 467 2258 720 2295; baseline -0.004 -6"><span class='ocrx_word' id='word_1_252' title='bbox 467 2258 644 2295; x_wconf 82' lang='lat' dir='ltr'>QUAESTlo</span> <span class='ocrx_word' id='word_1_253' title='bbox 666 2258 720 2288; x_wconf 83' lang='lat'>111.</span> 
     </span>
    </p>
   </div>
   <div class='ocr_carea' id='block_1_8' title="bbox 234 2337 952 2416">
    <p class='ocr_par' dir='ltr' id='par_1_11' title="bbox 234 2337 952 2416">
     <span class='ocr_line' id='line_1_42' title="bbox 234 2337 952 2372; baseline 0 -8"><span class='ocrx_word' id='word_1_254' title='bbox 234 2338 280 2364; x_wconf 81' lang='lat' dir='ltr'>An</span> <span class='ocrx_word' id='word_1_255' title='bbox 303 2337 450 2372; x_wconf 82' lang='lat' dir='ltr'>baptismus</span> <span class='ocrx_word' id='word_1_256' title='bbox 475 2339 613 2372; x_wconf 76' lang='lat' dir='ltr'>imprimat</span> <span class='ocrx_word' id='word_1_257' title='bbox 637 2339 814 2365; x_wconf 79' lang='lat' dir='ltr'>characterem</span> <span class='ocrx_word' id='word_1_258' title='bbox 838 2339 867 2364; x_wconf 85' lang='lat' dir='ltr'>in</span> <span class='ocrx_word' id='word_1_259' title='bbox 892 2339 952 2371; x_wconf 77' lang='lat' dir='ltr'>ficte</span> 
     </span>
     <span class='ocr_line' id='line_1_43' title="bbox 369 2381 816 2416; baseline 0.002 -8"><span class='ocrx_word' id='word_1_260' title='bbox 369 2381 518 2416; x_wconf 74' lang='lat' dir='ltr'>accedente,</span> <span class='ocrx_word' id='word_1_261' title='bbox 535 2382 666 2409; x_wconf 81' lang='lat' dir='ltr'>recedente</span> <span class='ocrx_word' id='word_1_262' title='bbox 681 2383 787 2416; x_wconf 74' lang='lat' dir='ltr'>fictione</span> <span class='ocrx_word' id='word_1_263' title='bbox 800 2383 816 2408; x_wconf 80' lang='lat'>¹.</span> 
     </span>
    </p>
   </div>
   <div class='ocr_carea' id='block_1_9' title="bbox 213 2462 980 2705">
    <p class='ocr_par' dir='ltr' id='par_1_12' title="bbox 213 2462 979 2608">
     <span class='ocr_line' id='line_1_44' title="bbox 252 2462 979 2503; baseline -0.001 -10"><span class='ocrx_word' id='word_1_264' title='bbox 252 2462 364 2493; x_wconf 90' lang='lat' dir='ltr'>Utrum</span> <span class='ocrx_word' id='word_1_265' title='bbox 379 2462 470 2492; x_wconf 87' lang='lat' dir='ltr'>fictus</span> <span class='ocrx_word' id='word_1_266' title='bbox 488 2462 615 2501; x_wconf 85' lang='lat' dir='ltr'>recipiat</span> <span class='ocrx_word' id='word_1_267' title='bbox 630 2472 697 2493; x_wconf 86' lang='lat' dir='ltr'>rem</span> <span class='ocrx_word' id='word_1_268' title='bbox 717 2466 787 2503; x_wconf 75' lang='lat' dir='ltr'>post</span> <span class='ocrx_word' id='word_1_269' title='bbox 805 2472 979 2493; x_wconf 70' lang='lat' dir='ltr'>sacramen-</span> 
     </span>
     <span class='ocr_line' id='line_1_45' title="bbox 214 2514 975 2555; baseline 0.001 -10"><span class='ocrx_word' id='word_1_270' title='bbox 214 2516 294 2552; x_wconf 86' lang='lat' dir='ltr'>tum,</span> <span class='ocrx_word' id='word_1_271' title='bbox 305 2514 467 2545; x_wconf 83' lang='lat' dir='ltr'>recedente</span> <span class='ocrx_word' id='word_1_272' title='bbox 482 2514 605 2545; x_wconf 83' lang='lat' dir='ltr'>fictione</span> <span class='ocrx_word' id='word_1_273' title='bbox 617 2526 623 2552; x_wconf 77' lang='lat'><em>3</em></span> <span class='ocrx_word' id='word_1_274' title='bbox 637 2517 667 2545; x_wconf 80' lang='lat' dir='ltr'>et</span> <span class='ocrx_word' id='word_1_275' title='bbox 677 2516 760 2555; x_wconf 86' lang='lat' dir='ltr'>quod</span> <span class='ocrx_word' id='word_1_276' title='bbox 770 2517 823 2554; x_wconf 76' lang='lat' dir='ltr'>sic,</span> <span class='ocrx_word' id='word_1_277' title='bbox 839 2517 975 2552; x_wconf 80' lang='lat' dir='ltr'>videtur,</span> 
     </span>
     <span class='ocr_line' id='line_1_46' title="bbox 213 2567 978 2608; baseline 0 -9"><span class='ocrx_word' id='word_1_278' title='bbox 213 2568 365 2608; x_wconf 87' lang='lat' dir='ltr'>quoniam</span> <span class='ocrx_word' id='word_1_279' title='bbox 393 2567 596 2606; x_wconf 84' lang='lat' dir='ltr'>Augustinus</span> <span class='ocrx_word' id='word_1_280' title='bbox 627 2567 718 2606; x_wconf 87' lang='lat' dir='ltr'>dicit,</span> <span class='ocrx_word' id='word_1_281' title='bbox 736 2571 767 2597; x_wconf 82' lang='lat' dir='ltr'>et</span> <span class='ocrx_word' id='word_1_282' title='bbox 791 2569 926 2599; x_wconf 79' lang='lat' dir='ltr'>habetur</span> <span class='ocrx_word' id='word_1_283' title='bbox 947 2569 978 2599; x_wconf 91' lang='lat' dir='ltr'>in</span> 
     </span>
    </p>

    <p class='ocr_par' dir='ltr' id='par_1_13' title="bbox 247 2630 980 2662">
     <span class='ocr_line' id='line_1_47' title="bbox 247 2630 980 2662; baseline 0.003 -9"><span class='ocrx_word' id='word_1_284' title='bbox 247 2631 306 2660; x_wconf 77' lang='lat' dir='ltr'>¹Cf.</span> <span class='ocrx_word' id='word_1_285' title='bbox 324 2630 396 2654; x_wconf 74' lang='lat' dir='ltr'>Alex.</span> <span class='ocrx_word' id='word_1_286' title='bbox 409 2630 504 2658; x_wconf 58' lang='lat' dir='ltr'>Aluus„</span> <span class='ocrx_word' id='word_1_287' title='bbox 524 2637 548 2660; x_wconf 78' lang='lat' dir='ltr'>p.</span> <span class='ocrx_word' id='word_1_288' title='bbox 567 2630 608 2658; x_wconf 76' lang='grc' dir='ltr'>Ν,</span> <span class='ocrx_word' id='word_1_289' title='bbox 625 2636 648 2660; x_wconf 87' lang='lat' dir='ltr'>q.</span> <span class='ocrx_word' id='word_1_290' title='bbox 666 2636 721 2660; x_wconf 78' lang='lat' dir='ltr'>vni,</span> <span class='ocrx_word' id='word_1_291' title='bbox 737 2631 833 2654; x_wconf 84' lang='lat' dir='ltr'>memb.</span> <span class='ocrx_word' id='word_1_292' title='bbox 852 2632 876 2660; x_wconf 81' lang='lat'>7,</span> <span class='ocrx_word' id='word_1_293' title='bbox 893 2633 938 2655; x_wconf 78' lang='lat' dir='ltr'>art.</span> <span class='ocrx_word' id='word_1_294' title='bbox 957 2635 980 2662; x_wconf 73' lang='lat'>2,</span> 
     </span>
    </p>

    <p class='ocr_par' dir='ltr' id='par_1_14' title="bbox 312 2682 444 2705">
     <span class='ocr_line' id='line_1_48' title="bbox 312 2682 444 2705; baseline 0.008 -1"><span class='ocrx_word' id='word_1_295' title='bbox 312 2682 386 2705; x_wconf 72' lang='lat' dir='ltr'>&#39;rou-</span> <span class='ocrx_word' id='word_1_296' title='bbox 409 2682 444 2705; x_wconf 80' lang='lat' dir='ltr'>v.</span> 
     </span>
    </p>
   </div>
   <div class='ocr_carea' id='block_1_10' title="bbox 1027 168 1801 1499">
    <p class='ocr_par' dir='ltr' id='par_1_15' title="bbox 1027 168 1796 367">
     <span class='ocr_line' id='line_1_49' title="bbox 1737 168 1793 199; baseline 0 -1"><span class='ocrx_word' id='word_1_297' title='bbox 1737 168 1793 199; x_wconf 79' lang='lat'>337</span> 
     </span>
     <span class='ocr_line' id='line_1_50' title="bbox 1027 229 1795 273; baseline 0.01 -14"><span class='ocrx_word' id='word_1_298' title='bbox 1027 229 1130 259; x_wconf 88' lang='lat' dir='ltr'>littera</span> <span class='ocrx_word' id='word_1_299' title='bbox 1147 240 1154 259; x_wconf 71' lang='grc' dir='ltr'>ι</span> <span class='ocrx_word' id='word_1_300' title='bbox 1175 241 1188 257; x_wconf 78' lang='grc' dir='ltr'>α</span> <span class='ocrx_word' id='word_1_301' title='bbox 1203 229 1290 260; x_wconf 86' lang='lat' dir='ltr'>Tunc</span> <span class='ocrx_word' id='word_1_302' title='bbox 1306 231 1415 270; x_wconf 86' lang='lat' dir='ltr'>incipit</span> <span class='ocrx_word' id='word_1_303' title='bbox 1439 232 1543 263; x_wconf 83' lang='lat' dir='ltr'>valere</span> <span class='ocrx_word' id='word_1_304' title='bbox 1567 233 1741 273; x_wconf 77' lang='lat' dir='ltr'>baptismus</span> <span class='ocrx_word' id='word_1_305' title='bbox 1755 236 1795 267; x_wconf 84' lang='lat' dir='ltr'>ad</span> 
     </span>
     <span class='ocr_line' id='line_1_51' title="bbox 1027 283 1796 322; baseline 0.01 -10"><span class='ocrx_word' id='word_1_306' title='bbox 1027 283 1173 319; x_wconf 81' lang='lat' dir='ltr'>salutem,</span> <span class='ocrx_word' id='word_1_307' title='bbox 1184 283 1310 322; x_wconf 83' lang='lat' dir='ltr'>quando</span> <span class='ocrx_word' id='word_1_308' title='bbox 1324 283 1377 314; x_wconf 85' lang='lat' dir='ltr'>illa</span> <span class='ocrx_word' id='word_1_309' title='bbox 1390 285 1475 315; x_wconf 86' lang='lat' dir='ltr'>fictio</span> <span class='ocrx_word' id='word_1_310' title='bbox 1487 286 1589 317; x_wconf 80' lang='lat' dir='ltr'>veraci</span> <span class='ocrx_word' id='word_1_311' title='bbox 1604 289 1796 320; x_wconf 85' lang='lat' dir='ltr'>confessione</span> 
     </span>
     <span class='ocr_line' id='line_1_52' title="bbox 1028 336 1390 367; baseline 0 -2"><span class='ocrx_word' id='word_1_312' title='bbox 1028 336 1066 365; x_wconf 86' lang='lat' dir='ltr'>de</span> <span class='ocrx_word' id='word_1_313' title='bbox 1080 336 1172 366; x_wconf 84' lang='lat' dir='ltr'>corde</span> <span class='ocrx_word' id='word_1_314' title='bbox 1188 336 1360 367; x_wconf 81' lang='lat' dir='ltr'>recesserit.</span> <span class='ocrx_word' id='word_1_315' title='bbox 1376 348 1390 365; x_wconf 83' lang='lat'>»</span> 
     </span>
    </p>

    <p class='ocr_par' dir='ltr' id='par_1_16' title="bbox 1027 388 1796 533">
     <span class='ocr_line' id='line_1_53' title="bbox 1070 388 1796 432; baseline 0.011 -14"><span class='ocrx_word' id='word_1_316' title='bbox 1070 388 1165 427; x_wconf 88' lang='lat' dir='ltr'>Item,</span> <span class='ocrx_word' id='word_1_317' title='bbox 1186 389 1269 420; x_wconf 87' lang='lat' dir='ltr'>fictio</span> <span class='ocrx_word' id='word_1_318' title='bbox 1284 392 1351 420; x_wconf 83' lang='lat' dir='ltr'>erat</span> <span class='ocrx_word' id='word_1_319' title='bbox 1365 389 1431 420; x_wconf 77' lang='lat' dir='ltr'>sola</span> <span class='ocrx_word' id='word_1_320' title='bbox 1452 399 1562 429; x_wconf 82' lang='lat' dir='ltr'>causa,</span> <span class='ocrx_word' id='word_1_321' title='bbox 1578 401 1676 432; x_wconf 76' lang='lat' dir='ltr'>quare</span> <span class='ocrx_word' id='word_1_322' title='bbox 1697 403 1796 425; x_wconf 83' lang='lat' dir='ltr'>sacra-</span> 
     </span>
     <span class='ocr_line' id='line_1_54' title="bbox 1028 444 1796 487; baseline 0.009 -14"><span class='ocrx_word' id='word_1_323' title='bbox 1028 446 1171 474; x_wconf 88' lang='lat' dir='ltr'>mentum</span> <span class='ocrx_word' id='word_1_324' title='bbox 1186 453 1249 475; x_wconf 90' lang='lat' dir='ltr'>nou</span> <span class='ocrx_word' id='word_1_325' title='bbox 1273 444 1409 476; x_wconf 84' lang='lat' dir='ltr'>habebat</span> <span class='ocrx_word' id='word_1_326' title='bbox 1428 446 1597 478; x_wconf 83' lang='lat' dir='ltr'>efficaciam</span> <span class='ocrx_word' id='word_1_327' title='bbox 1614 458 1620 478; x_wconf 79' lang='grc' dir='ltr'>ε</span> <span class='ocrx_word' id='word_1_328' title='bbox 1637 457 1727 487; x_wconf 80' lang='lat' dir='ltr'>ergo,</span> <span class='ocrx_word' id='word_1_329' title='bbox 1745 450 1796 480; x_wconf 70' lang='lat' dir='ltr'>illu</span> 
     </span>
     <span class='ocr_line' id='line_1_55' title="bbox 1027 496 1442 533; baseline 0.01 -8"><span class='ocrx_word' id='word_1_330' title='bbox 1027 499 1159 533; x_wconf 82' lang='lat' dir='ltr'>remota,</span> <span class='ocrx_word' id='word_1_331' title='bbox 1176 496 1271 527; x_wconf 82' lang='lat' dir='ltr'>habet</span> <span class='ocrx_word' id='word_1_332' title='bbox 1285 497 1442 529; x_wconf 82' lang='lat' dir='ltr'>effectum.</span> 
     </span>
    </p>

    <p class='ocr_par' dir='ltr' id='par_1_17' title="bbox 1030 549 1798 740">
     <span class='ocr_line' id='line_1_56' title="bbox 1070 549 1797 590; baseline 0.01 -11"><span class='ocrx_word' id='word_1_333' title='bbox 1070 549 1167 588; x_wconf 81' lang='lat' dir='ltr'>Item,</span> <span class='ocrx_word' id='word_1_334' title='bbox 1184 551 1210 580; x_wconf 81' lang='lat' dir='ltr'>si</span> <span class='ocrx_word' id='word_1_335' title='bbox 1236 559 1299 581; x_wconf 88' lang='lat' dir='ltr'>non</span> <span class='ocrx_word' id='word_1_336' title='bbox 1322 550 1452 582; x_wconf 84' lang='lat' dir='ltr'>haberet</span> <span class='ocrx_word' id='word_1_337' title='bbox 1474 552 1638 590; x_wconf 82' lang='lat' dir='ltr'>effectum,</span> <span class='ocrx_word' id='word_1_338' title='bbox 1656 563 1729 585; x_wconf 86' lang='lat' dir='ltr'>cum</span> <span class='ocrx_word' id='word_1_339' title='bbox 1750 564 1797 586; x_wconf 83' lang='lat' dir='ltr'>sa-</span> 
     </span>
     <span class='ocr_line' id='line_1_57' title="bbox 1031 605 1797 643; baseline 0.01 -12"><span class='ocrx_word' id='word_1_340' title='bbox 1031 605 1229 633; x_wconf 83' lang='lat' dir='ltr'>cramentum</span> <span class='ocrx_word' id='word_1_341' title='bbox 1245 612 1309 634; x_wconf 90' lang='lat' dir='ltr'>non</span> <span class='ocrx_word' id='word_1_342' title='bbox 1323 605 1421 643; x_wconf 85' lang='lat' dir='ltr'>possit</span> <span class='ocrx_word' id='word_1_343' title='bbox 1434 605 1552 643; x_wconf 86' lang='lat' dir='ltr'>iterari,</span> <span class='ocrx_word' id='word_1_344' title='bbox 1566 608 1596 636; x_wconf 88' lang='lat' dir='ltr'>et</span> <span class='ocrx_word' id='word_1_345' title='bbox 1610 607 1719 638; x_wconf 89' lang='lat' dir='ltr'>nullus</span> <span class='ocrx_word' id='word_1_346' title='bbox 1730 608 1797 639; x_wconf 86' lang='lat' dir='ltr'>sine</span> 
     </span>
     <span class='ocr_line' id='line_1_58' title="bbox 1031 655 1798 700; baseline 0.01 -16"><span class='ocrx_word' id='word_1_347' title='bbox 1031 655 1167 685; x_wconf 84' lang='lat' dir='ltr'>efficacia</span> <span class='ocrx_word' id='word_1_348' title='bbox 1181 656 1328 695; x_wconf 83' lang='lat' dir='ltr'>baptismi</span> <span class='ocrx_word' id='word_1_349' title='bbox 1342 657 1438 696; x_wconf 88' lang='lat' dir='ltr'>possit</span> <span class='ocrx_word' id='word_1_350' title='bbox 1453 657 1579 696; x_wconf 82' lang='lat' dir='ltr'>salvari,</span> <span class='ocrx_word' id='word_1_351' title='bbox 1598 668 1663 690; x_wconf 92' lang='lat' dir='ltr'>non</span> <span class='ocrx_word' id='word_1_352' title='bbox 1678 662 1798 700; x_wconf 83' lang='lat' dir='ltr'>pateret</span> 
     </span>
     <span class='ocr_line' id='line_1_59' title="bbox 1030 707 1305 740; baseline 0.007 -3"><span class='ocrx_word' id='word_1_353' title='bbox 1030 707 1105 738; x_wconf 91' lang='lat' dir='ltr'>huic</span> <span class='ocrx_word' id='word_1_354' title='bbox 1120 709 1171 739; x_wconf 81' lang='lat' dir='ltr'>via</span> <span class='ocrx_word' id='word_1_355' title='bbox 1184 709 1305 740; x_wconf 73' lang='lat' dir='ltr'>salutis.</span> 
     </span>
    </p>

    <p class='ocr_par' dir='ltr' id='par_1_18' title="bbox 1028 761 1799 907">
     <span class='ocr_line' id='line_1_60' title="bbox 1069 761 1799 802; baseline 0.012 -12"><span class='ocrx_word' id='word_1_356' title='bbox 1069 761 1182 791; x_wconf 81' lang='lat' dir='ltr'>Contra</span> <span class='ocrx_word' id='word_1_357' title='bbox 1199 771 1206 791; x_wconf 88' lang='grc'>;</span> <span class='ocrx_word' id='word_1_358' title='bbox 1227 765 1253 792; x_wconf 86' lang='grc'>1.</span> <span class='ocrx_word' id='word_1_359' title='bbox 1278 762 1379 802; x_wconf 84' lang='lat' dir='ltr'>Opera</span> <span class='ocrx_word' id='word_1_360' title='bbox 1404 767 1530 795; x_wconf 86' lang='lat' dir='ltr'>mortua</span> <span class='ocrx_word' id='word_1_361' title='bbox 1552 775 1617 796; x_wconf 89' lang='lat' dir='ltr'>non</span> <span class='ocrx_word' id='word_1_362' title='bbox 1637 767 1799 799; x_wconf 85' lang='lat' dir='ltr'>vivifican-</span> 
     </span>
     <span class='ocr_line' id='line_1_61' title="bbox 1029 815 1796 856; baseline 0.01 -13"><span class='ocrx_word' id='word_1_363' title='bbox 1029 816 1080 844; x_wconf 88' lang='lat' dir='ltr'>tur</span> <span class='ocrx_word' id='word_1_364' title='bbox 1096 825 1101 843; x_wconf 91' lang='lat'>:</span> <span class='ocrx_word' id='word_1_365' title='bbox 1117 815 1170 844; x_wconf 86' lang='lat' dir='ltr'>sed</span> <span class='ocrx_word' id='word_1_366' title='bbox 1186 815 1242 844; x_wconf 84' lang='lat' dir='ltr'>iste</span> <span class='ocrx_word' id='word_1_367' title='bbox 1263 815 1373 854; x_wconf 85' lang='lat' dir='ltr'>recipit</span> <span class='ocrx_word' id='word_1_368' title='bbox 1394 816 1588 856; x_wconf 82' lang='lat' dir='ltr'>baptismum</span> <span class='ocrx_word' id='word_1_369' title='bbox 1610 820 1699 850; x_wconf 84' lang='lat' dir='ltr'>extra</span> <span class='ocrx_word' id='word_1_370' title='bbox 1722 821 1796 853; x_wconf 86' lang='lat' dir='ltr'>cha-</span> 
     </span>
     <span class='ocr_line' id='line_1_62' title="bbox 1028 867 1616 907; baseline 0.01 -11"><span class='ocrx_word' id='word_1_371' title='bbox 1028 867 1166 903; x_wconf 80' lang='lat' dir='ltr'>ritatem,</span> <span class='ocrx_word' id='word_1_372' title='bbox 1184 870 1214 897; x_wconf 87' lang='lat' dir='ltr'>et</span> <span class='ocrx_word' id='word_1_373' title='bbox 1229 868 1271 898; x_wconf 84' lang='lat' dir='ltr'>ita</span> <span class='ocrx_word' id='word_1_374' title='bbox 1287 871 1331 897; x_wconf 82' lang='lat' dir='ltr'>est</span> <span class='ocrx_word' id='word_1_375' title='bbox 1347 877 1426 907; x_wconf 85' lang='lat' dir='ltr'>opus</span> <span class='ocrx_word' id='word_1_376' title='bbox 1441 872 1616 902; x_wconf 85' lang='lat' dir='ltr'>mortuum.</span> 
     </span>
    </p>

    <p class='ocr_par' dir='ltr' id='par_1_19' title="bbox 1029 920 1801 1121">
     <span class='ocr_line' id='line_1_63' title="bbox 1069 920 1800 965; baseline 0.011 -16"><span class='ocrx_word' id='word_1_377' title='bbox 1069 923 1099 950; x_wconf 63' lang='lat'>02.</span> <span class='ocrx_word' id='word_1_378' title='bbox 1117 920 1127 950; x_wconf 93' lang='grc' dir='ltr'>Ι</span> <span class='ocrx_word' id='word_1_379' title='bbox 1133 923 1206 958; x_wconf 86' lang='lat' dir='ltr'>tem,</span> <span class='ocrx_word' id='word_1_380' title='bbox 1223 930 1348 952; x_wconf 78' lang='lat' dir='ltr'>necesse</span> <span class='ocrx_word' id='word_1_381' title='bbox 1363 924 1411 952; x_wconf 89' lang='lat' dir='ltr'>est</span> <span class='ocrx_word' id='word_1_382' title='bbox 1427 931 1555 954; x_wconf 87' lang='lat' dir='ltr'>causam</span> <span class='ocrx_word' id='word_1_383' title='bbox 1569 933 1636 956; x_wconf 88' lang='lat' dir='ltr'>esse</span> <span class='ocrx_word' id='word_1_384' title='bbox 1650 927 1800 965; x_wconf 62' lang='grc'><strong>0011311110-</strong></span> 
     </span>
     <span class='ocr_line' id='line_1_64' title="bbox 1029 975 1801 1019; baseline 0.009 -15"><span class='ocrx_word' id='word_1_385' title='bbox 1029 977 1094 1005; x_wconf 87' lang='lat' dir='ltr'>tam</span> <span class='ocrx_word' id='word_1_386' title='bbox 1109 975 1234 1006; x_wconf 83' lang='lat' dir='ltr'>effectui</span> <span class='ocrx_word' id='word_1_387' title='bbox 1247 988 1254 1014; x_wconf 86' lang='lat'>;</span> <span class='ocrx_word' id='word_1_388' title='bbox 1272 977 1428 1017; x_wconf 87' lang='lat' dir='ltr'>alioquin,</span> <span class='ocrx_word' id='word_1_389' title='bbox 1446 979 1471 1008; x_wconf 89' lang='lat' dir='ltr'>si</span> <span class='ocrx_word' id='word_1_390' title='bbox 1487 988 1581 1010; x_wconf 83' lang='lat' dir='ltr'>causa</span> <span class='ocrx_word' id='word_1_391' title='bbox 1603 981 1753 1019; x_wconf 70' lang='lat' dir='ltr'>praeterit,</span> <span class='ocrx_word' id='word_1_392' title='bbox 1770 983 1801 1011; x_wconf 85' lang='lat' dir='ltr'>et</span> 
     </span>
     <span class='ocr_line' id='line_1_65' title="bbox 1030 1031 1798 1069; baseline 0.008 -10"><span class='ocrx_word' id='word_1_393' title='bbox 1030 1039 1095 1059; x_wconf 88' lang='lat' dir='ltr'>nou</span> <span class='ocrx_word' id='word_1_394' title='bbox 1108 1032 1164 1067; x_wconf 84' lang='lat' dir='ltr'>est,</span> <span class='ocrx_word' id='word_1_395' title='bbox 1181 1039 1258 1069; x_wconf 84' lang='lat' dir='ltr'>ergo</span> <span class='ocrx_word' id='word_1_396' title='bbox 1276 1031 1358 1061; x_wconf 89' lang='lat' dir='ltr'>nihil</span> <span class='ocrx_word' id='word_1_397' title='bbox 1372 1031 1464 1062; x_wconf 85' lang='lat' dir='ltr'>facit:</span> <span class='ocrx_word' id='word_1_398' title='bbox 1482 1032 1536 1063; x_wconf 86' lang='lat' dir='ltr'>sed</span> <span class='ocrx_word' id='word_1_399' title='bbox 1550 1033 1593 1063; x_wconf 82' lang='lat' dir='ltr'>ita</span> <span class='ocrx_word' id='word_1_400' title='bbox 1608 1036 1653 1064; x_wconf 87' lang='lat' dir='ltr'>est</span> <span class='ocrx_word' id='word_1_401' title='bbox 1669 1034 1703 1064; x_wconf 91' lang='lat' dir='ltr'>in</span> <span class='ocrx_word' id='word_1_402' title='bbox 1716 1033 1775 1065; x_wconf 89' lang='lat' dir='ltr'>hoc</span> <span class='ocrx_word' id='word_1_403' title='bbox 1791 1043 1798 1064; x_wconf 92' lang='lat'>:</span> 
     </span>
     <span class='ocr_line' id='line_1_66' title="bbox 1029 1086 1195 1121; baseline 0 -7"><span class='ocrx_word' id='word_1_404' title='bbox 1029 1092 1120 1121; x_wconf 81' lang='lat' dir='ltr'>ergo,</span> <span class='ocrx_word' id='word_1_405' title='bbox 1137 1086 1195 1114; x_wconf 85' lang='lat' dir='ltr'>etc.</span> 
     </span>
    </p>

    <p class='ocr_par' dir='ltr' id='par_1_20' title="bbox 1030 1137 1800 1284">
     <span class='ocr_line' id='line_1_67' title="bbox 1071 1137 1799 1182; baseline 0.008 -15"><span class='ocrx_word' id='word_1_406' title='bbox 1071 1140 1099 1168; x_wconf 84' lang='grc'>3.</span> <span class='ocrx_word' id='word_1_407' title='bbox 1117 1137 1211 1175; x_wconf 78' lang='lat' dir='ltr'>item,</span> <span class='ocrx_word' id='word_1_408' title='bbox 1231 1138 1257 1168; x_wconf 90' lang='lat' dir='ltr'>si</span> <span class='ocrx_word' id='word_1_409' title='bbox 1278 1138 1394 1178; x_wconf 83' lang='lat' dir='ltr'>aliquis</span> <span class='ocrx_word' id='word_1_410' title='bbox 1415 1139 1547 1179; x_wconf 88' lang='lat' dir='ltr'>indigne</span> <span class='ocrx_word' id='word_1_411' title='bbox 1563 1141 1672 1181; x_wconf 87' lang='lat' dir='ltr'>recipit</span> <span class='ocrx_word' id='word_1_412' title='bbox 1686 1151 1799 1182; x_wconf 87' lang='lat' dir='ltr'>corpus</span> 
     </span>
     <span class='ocr_line' id='line_1_68' title="bbox 1032 1190 1800 1235; baseline 0.009 -15"><span class='ocrx_word' id='word_1_413' title='bbox 1032 1190 1166 1228; x_wconf 82' lang='lat' dir='ltr'>Domini,</span> <span class='ocrx_word' id='word_1_414' title='bbox 1184 1191 1347 1221; x_wconf 80' lang='lat' dir='ltr'>recedente</span> <span class='ocrx_word' id='word_1_415' title='bbox 1368 1192 1556 1231; x_wconf 88' lang='lat' dir='ltr'>indignitate</span> <span class='ocrx_word' id='word_1_416' title='bbox 1584 1203 1650 1225; x_wconf 89' lang='lat' dir='ltr'>non</span> <span class='ocrx_word' id='word_1_417' title='bbox 1672 1198 1800 1235; x_wconf 88' lang='lat' dir='ltr'>propter</span> 
     </span>
     <span class='ocr_line' id='line_1_69' title="bbox 1030 1243 1538 1284; baseline 0.006 -11"><span class='ocrx_word' id='word_1_418' title='bbox 1030 1244 1090 1273; x_wconf 83' lang='lat' dir='ltr'>hoc</span> <span class='ocrx_word' id='word_1_419' title='bbox 1106 1243 1224 1282; x_wconf 79' lang='lat' dir='ltr'>aliquid</span> <span class='ocrx_word' id='word_1_420' title='bbox 1239 1244 1333 1274; x_wconf 79' lang='lat' dir='ltr'>efficit</span> <span class='ocrx_word' id='word_1_421' title='bbox 1350 1255 1356 1275; x_wconf 91' lang='lat'>:</span> <span class='ocrx_word' id='word_1_422' title='bbox 1373 1254 1464 1284; x_wconf 88' lang='lat' dir='ltr'>ergo,</span> <span class='ocrx_word' id='word_1_423' title='bbox 1481 1248 1538 1276; x_wconf 87' lang='lat' dir='ltr'>etc.</span> 
     </span>
    </p>

    <p class='ocr_par' dir='ltr' id='par_1_21' title="bbox 1031 1296 1801 1499">
     <span class='ocr_line' id='line_1_70' title="bbox 1073 1296 1800 1342; baseline 0.011 -17"><span class='ocrx_word' id='word_1_424' title='bbox 1073 1299 1102 1326; x_wconf 77' lang='lat'>4.</span> <span class='ocrx_word' id='word_1_425' title='bbox 1120 1296 1194 1326; x_wconf 82' lang='lat' dir='ltr'>Item</span> <span class='ocrx_word' id='word_1_426' title='bbox 1208 1297 1284 1336; x_wconf 84' lang='lat' dir='ltr'>quid</span> <span class='ocrx_word' id='word_1_427' title='bbox 1299 1298 1357 1327; x_wconf 85' lang='lat' dir='ltr'>erit</span> <span class='ocrx_word' id='word_1_428' title='bbox 1371 1298 1408 1328; x_wconf 86' lang='lat' dir='ltr'>de</span> <span class='ocrx_word' id='word_1_429' title='bbox 1419 1308 1466 1335; x_wconf 90' lang='lat' dir='ltr'>eo,</span> <span class='ocrx_word' id='word_1_430' title='bbox 1479 1299 1533 1338; x_wconf 84' lang='lat' dir='ltr'>qui</span> <span class='ocrx_word' id='word_1_431' title='bbox 1547 1300 1650 1332; x_wconf 87' lang='lat' dir='ltr'>medio</span> <span class='ocrx_word' id='word_1_432' title='bbox 1660 1303 1800 1342; x_wconf 88' lang='lat' dir='ltr'>tempore</span> 
     </span>
     <span class='ocr_line' id='line_1_71' title="bbox 1032 1350 1799 1391; baseline 0.009 -12"><span class='ocrx_word' id='word_1_433' title='bbox 1032 1350 1195 1388; x_wconf 75' lang='lat' dir='ltr'>peccavit?</span> <span class='ocrx_word' id='word_1_434' title='bbox 1205 1350 1229 1380; x_wconf 88' lang='lat' dir='ltr'>si</span> <span class='ocrx_word' id='word_1_435' title='bbox 1243 1350 1328 1380; x_wconf 84' lang='lat' dir='ltr'>enim</span> <span class='ocrx_word' id='word_1_436' title='bbox 1340 1351 1434 1382; x_wconf 88' lang='lat' dir='ltr'>habet</span> <span class='ocrx_word' id='word_1_437' title='bbox 1444 1352 1625 1391; x_wconf 84' lang='lat' dir='ltr'>efficaciam,</span> <span class='ocrx_word' id='word_1_438' title='bbox 1638 1357 1712 1385; x_wconf 88' lang='lat' dir='ltr'>tunc</span> <span class='ocrx_word' id='word_1_439' title='bbox 1727 1364 1799 1386; x_wconf 88' lang='lat' dir='ltr'>cum</span> 
     </span>
     <span class='ocr_line' id='line_1_72' title="bbox 1031 1402 1798 1446; baseline 0.01 -15"><span class='ocrx_word' id='word_1_440' title='bbox 1031 1402 1170 1431; x_wconf 79' lang='lat' dir='ltr'>remittat</span> <span class='ocrx_word' id='word_1_441' title='bbox 1188 1412 1315 1433; x_wconf 82' lang='lat' dir='ltr'>omnem</span> <span class='ocrx_word' id='word_1_442' title='bbox 1336 1404 1461 1444; x_wconf 87' lang='lat' dir='ltr'>culpam</span> <span class='ocrx_word' id='word_1_443' title='bbox 1474 1429 1481 1443; x_wconf 84' lang='lat'>‚</span> <span class='ocrx_word' id='word_1_444' title='bbox 1504 1406 1676 1437; x_wconf 82' lang='lat' dir='ltr'>remittitur</span> <span class='ocrx_word' id='word_1_445' title='bbox 1696 1408 1798 1446; x_wconf 86' lang='lat' dir='ltr'>fictio,</span> 
     </span>
     <span class='ocr_line' id='line_1_73' title="bbox 1031 1455 1801 1499; baseline 0.012 -16"><span class='ocrx_word' id='word_1_446' title='bbox 1031 1457 1061 1484; x_wconf 76' lang='lat' dir='ltr'>ct</span> <span class='ocrx_word' id='word_1_447' title='bbox 1076 1455 1136 1484; x_wconf 74' lang='lat' dir='ltr'>alia</span> <span class='ocrx_word' id='word_1_448' title='bbox 1151 1458 1276 1494; x_wconf 75' lang='lat' dir='ltr'>peccata</span> <span class='ocrx_word' id='word_1_449' title='bbox 1293 1466 1299 1486; x_wconf 90' lang='lat'><strong>:</strong></span> <span class='ocrx_word' id='word_1_450' title='bbox 1319 1457 1371 1487; x_wconf 81' lang='lat' dir='ltr'>sed</span> <span class='ocrx_word' id='word_1_451' title='bbox 1386 1457 1455 1489; x_wconf 75' lang='lat' dir='ltr'>haec</span> <span class='ocrx_word' id='word_1_452' title='bbox 1470 1468 1536 1490; x_wconf 90' lang='lat' dir='ltr'>non</span> <span class='ocrx_word' id='word_1_453' title='bbox 1555 1460 1668 1490; x_wconf 87' lang='lat' dir='ltr'>fierent</span> <span class='ocrx_word' id='word_1_454' title='bbox 1681 1461 1725 1499; x_wconf 89' lang='lat' dir='ltr'>ei,</span> <span class='ocrx_word' id='word_1_455' title='bbox 1741 1463 1801 1493; x_wconf 82' lang='lat' dir='ltr'>nisi</span> 
     </span>
    </p>
   </div>
   <div class='ocr_carea' id='block_1_11' title="bbox 1032 1508 1801 1591">
    <p class='ocr_par' dir='ltr' id='par_1_22' title="bbox 1032 1508 1801 1591">
     <span class='ocr_line' id='line_1_74' title="bbox 1033 1508 1801 1550; baseline 0.01 -13"><span class='ocrx_word' id='word_1_456' title='bbox 1033 1508 1141 1538; x_wconf 60' lang='lat' dir='ltr'>suisset</span> <span class='ocrx_word' id='word_1_457' title='bbox 1156 1509 1247 1539; x_wconf 79' lang='lat' dir='ltr'>fictus</span> <span class='ocrx_word' id='word_1_458' title='bbox 1265 1519 1272 1539; x_wconf 90' lang='lat'>:</span> <span class='ocrx_word' id='word_1_459' title='bbox 1291 1520 1368 1548; x_wconf 79' lang='lat' dir='ltr'>ergo</span> <span class='ocrx_word' id='word_1_460' title='bbox 1383 1514 1522 1550; x_wconf 82' lang='lat' dir='ltr'>reportat</span> <span class='ocrx_word' id='word_1_461' title='bbox 1540 1514 1745 1544; x_wconf 86' lang='lat' dir='ltr'>commodum</span> <span class='ocrx_word' id='word_1_462' title='bbox 1764 1515 1801 1545; x_wconf 89' lang='lat' dir='ltr'>de</span> 
     </span>
     <span class='ocr_line' id='line_1_75' title="bbox 1032 1561 1161 1591; baseline 0.008 -1"><span class='ocrx_word' id='word_1_463' title='bbox 1032 1561 1161 1591; x_wconf 76' lang='lat' dir='ltr'>malitia.</span> 
     </span>
    </p>
   </div>
   <div class='ocr_carea' id='block_1_12' title="bbox 1305 1634 1528 1667">
    <p class='ocr_par' dir='ltr' id='par_1_23' title="bbox 1305 1634 1528 1667">
     <span class='ocr_line' id='line_1_76' title="bbox 1305 1634 1528 1667; baseline 0.013 -3"><span class='ocrx_word' id='word_1_464' title='bbox 1305 1634 1528 1667; x_wconf 80' lang='lat' dir='ltr'>CONCLUSIO.</span> 
     </span>
    </p>
   </div>
   <div class='ocr_carea' id='block_1_13' title="bbox 1033 1713 1804 1834">
    <p class='ocr_par' dir='ltr' id='par_1_24' title="bbox 1033 1713 1804 1834">
     <span class='ocr_line' id='line_1_77' title="bbox 1033 1713 1804 1753; baseline 0.014 -16"><span class='ocrx_word' id='word_1_465' title='bbox 1033 1713 1186 1746; x_wconf 72' lang='lat' dir='ltr'>Baptismus</span> <span class='ocrx_word' id='word_1_466' title='bbox 1201 1721 1258 1740; x_wconf 87' lang='lat' dir='ltr'>cum</span> <span class='ocrx_word' id='word_1_467' title='bbox 1273 1715 1412 1748; x_wconf 72' lang='lat' dir='ltr'>imprimat</span> <span class='ocrx_word' id='word_1_468' title='bbox 1427 1716 1604 1744; x_wconf 77' lang='lat' dir='ltr'>characterem</span> <span class='ocrx_word' id='word_1_469' title='bbox 1619 1720 1647 1745; x_wconf 78' lang='lat' dir='ltr'>z‘n</span> <span class='ocrx_word' id='word_1_470' title='bbox 1658 1721 1719 1753; x_wconf 80' lang='lat' dir='ltr'>ficte</span> <span class='ocrx_word' id='word_1_471' title='bbox 1733 1728 1804 1748; x_wconf 87' lang='lat' dir='ltr'>acce·</span> 
     </span>
     <span class='ocr_line' id='line_1_78' title="bbox 1069 1755 1803 1798; baseline 0.015 -17"><span class='ocrx_word' id='word_1_472' title='bbox 1069 1755 1145 1782; x_wconf 82' lang='lat' dir='ltr'>dente</span> <span class='ocrx_word' id='word_1_473' title='bbox 1156 1777 1162 1786; x_wconf 90' lang='lat'><em>‚</em></span> <span class='ocrx_word' id='word_1_474' title='bbox 1191 1758 1326 1787; x_wconf 77' lang='lat' dir='ltr'>recedente</span> <span class='ocrx_word' id='word_1_475' title='bbox 1351 1760 1455 1792; x_wconf 72' lang='lat' dir='ltr'>fictione</span> <span class='ocrx_word' id='word_1_476' title='bbox 1488 1764 1653 1796; x_wconf 72' lang='lat' dir='ltr'>consequitur</span> <span class='ocrx_word' id='word_1_477' title='bbox 1683 1765 1803 1798; x_wconf 77' lang='lat' dir='ltr'>effectum</span> 
     </span>
     <span class='ocr_line' id='line_1_79' title="bbox 1072 1803 1699 1834; baseline 0.013 -8"><span class='ocrx_word' id='word_1_478' title='bbox 1072 1807 1157 1834; x_wconf 79' lang='lat' dir='ltr'>suum,</span> <span class='ocrx_word' id='word_1_479' title='bbox 1174 1808 1232 1827; x_wconf 81' lang='lat' dir='ltr'>cum</span> <span class='ocrx_word' id='word_1_480' title='bbox 1246 1809 1298 1828; x_wconf 79' lang='lat' dir='ltr'>noa</span> <span class='ocrx_word' id='word_1_481' title='bbox 1312 1803 1346 1828; x_wconf 73' lang='lat' dir='ltr'>sic</span> <span class='ocrx_word' id='word_1_482' title='bbox 1361 1803 1485 1830; x_wconf 70' lang='lat' dir='ltr'>iter-abile</span> <span class='ocrx_word' id='word_1_483' title='bbox 1498 1808 1699 1834; x_wconf 81' lang='lat' dir='ltr'>sacramentum.</span> 
     </span>
    </p>
   </div>
   <div class='ocr_carea' id='block_1_14' title="bbox 1033 1878 1805 2553">
    <p class='ocr_par' dir='ltr' id='par_1_25' title="bbox 1033 1878 1805 2553">
     <span class='ocr_line' id='line_1_80' title="bbox 1076 1878 1802 1926; baseline 0.014 -18"><span class='ocrx_word' id='word_1_484' title='bbox 1076 1878 1166 1919; x_wconf 83' lang='lat' dir='ltr'>Resp.</span> <span class='ocrx_word' id='word_1_485' title='bbox 1191 1880 1231 1910; x_wconf 83' lang='lat' dir='ltr'>ad</span> <span class='ocrx_word' id='word_1_486' title='bbox 1252 1889 1321 1918; x_wconf 83' lang='lat' dir='ltr'>arg,</span> <span class='ocrx_word' id='word_1_487' title='bbox 1347 1881 1517 1913; x_wconf 88' lang='lat' dir='ltr'>Dicendum</span> <span class='ocrx_word' id='word_1_488' title='bbox 1543 1884 1700 1924; x_wconf 83' lang='lat' dir='ltr'>breviter,</span> <span class='ocrx_word' id='word_1_489' title='bbox 1716 1887 1802 1926; x_wconf 87' lang='lat' dir='ltr'>quod</span> 
     </span>
     <span class='ocr_line' id='line_1_81' title="bbox 1038 1933 1803 1973; baseline 0.013 -12"><span class='ocrx_word' id='word_1_490' title='bbox 1038 1935 1273 1963; x_wconf 84' lang='lat' dir='ltr'>sacramentum</span> <span class='ocrx_word' id='word_1_491' title='bbox 1295 1933 1466 1973; x_wconf 85' lang='lat' dir='ltr'>baptismi,</span> <span class='ocrx_word' id='word_1_492' title='bbox 1484 1945 1556 1967; x_wconf 89' lang='lat' dir='ltr'>cum</span> <span class='ocrx_word' id='word_1_493' title='bbox 1575 1946 1638 1968; x_wconf 90' lang='lat' dir='ltr'>non</span> <span class='ocrx_word' id='word_1_494' title='bbox 1653 1939 1691 1969; x_wconf 91' lang='lat' dir='ltr'>sit</span> <span class='ocrx_word' id='word_1_495' title='bbox 1713 1939 1803 1971; x_wconf 86' lang='lat' dir='ltr'>itera-</span> 
     </span>
     <span class='ocr_line' id='line_1_82' title="bbox 1034 1985 1801 2027; baseline 0.014 -13"><span class='ocrx_word' id='word_1_496' title='bbox 1034 1985 1105 2023; x_wconf 82' lang='lat' dir='ltr'>bile,</span> <span class='ocrx_word' id='word_1_497' title='bbox 1121 1985 1274 2025; x_wconf 86' lang='lat' dir='ltr'>imprimit</span> <span class='ocrx_word' id='word_1_498' title='bbox 1288 1989 1492 2027; x_wconf 86' lang='lat' dir='ltr'>caracterem,</span> <span class='ocrx_word' id='word_1_499' title='bbox 1508 1992 1539 2020; x_wconf 90' lang='lat' dir='ltr'>et</span> <span class='ocrx_word' id='word_1_500' title='bbox 1551 1990 1603 2021; x_wconf 82' lang='lat' dir='ltr'>ille</span> <span class='ocrx_word' id='word_1_501' title='bbox 1617 1992 1712 2023; x_wconf 84' lang='lat' dir='ltr'>habet</span> <span class='ocrx_word' id='word_1_502' title='bbox 1733 2002 1801 2024; x_wconf 92' lang='lat' dir='ltr'>om-</span> 
     </span>
     <span class='ocr_line' id='line_1_83' title="bbox 1033 2038 1804 2084; baseline 0.014 -17"><span class='ocrx_word' id='word_1_503' title='bbox 1033 2047 1108 2069; x_wconf 89' lang='lat' dir='ltr'>nem</span> <span class='ocrx_word' id='word_1_504' title='bbox 1118 2038 1299 2077; x_wconf 80' lang='lat' dir='ltr'>efficaciam,</span> <span class='ocrx_word' id='word_1_505' title='bbox 1312 2041 1477 2072; x_wconf 88' lang='lat' dir='ltr'>recedente</span> <span class='ocrx_word' id='word_1_506' title='bbox 1492 2042 1628 2081; x_wconf 84' lang='lat' dir='ltr'>fictione,</span> <span class='ocrx_word' id='word_1_507' title='bbox 1637 2054 1735 2084; x_wconf 84' lang='lat' dir='ltr'>quam</span> <span class='ocrx_word' id='word_1_508' title='bbox 1747 2047 1804 2077; x_wconf 83' lang='lat' dir='ltr'>ha-</span> 
     </span>
     <span class='ocr_line' id='line_1_84' title="bbox 1034 2091 1802 2140; baseline 0.013 -19"><span class='ocrx_word' id='word_1_509' title='bbox 1034 2091 1152 2122; x_wconf 89' lang='lat' dir='ltr'>buisset</span> <span class='ocrx_word' id='word_1_510' title='bbox 1161 2095 1248 2123; x_wconf 87' lang='lat' dir='ltr'>ante:</span> <span class='ocrx_word' id='word_1_511' title='bbox 1260 2093 1343 2123; x_wconf 86' lang='lat' dir='ltr'>unde</span> <span class='ocrx_word' id='word_1_512' title='bbox 1354 2096 1479 2133; x_wconf 82' lang='lat' dir='ltr'>peccata</span> <span class='ocrx_word' id='word_1_513' title='bbox 1493 2095 1547 2126; x_wconf 89' lang='lat' dir='ltr'>illa</span> <span class='ocrx_word' id='word_1_514' title='bbox 1559 2098 1692 2128; x_wconf 89' lang='lat' dir='ltr'>remittit</span> <span class='ocrx_word' id='word_1_515' title='bbox 1704 2109 1802 2140; x_wconf 84' lang='lat' dir='ltr'>quan-</span> 
     </span>
     <span class='ocr_line' id='line_1_85' title="bbox 1034 2146 1804 2190; baseline 0.012 -15"><span class='ocrx_word' id='word_1_516' title='bbox 1034 2147 1103 2175; x_wconf 90' lang='lat' dir='ltr'>tum</span> <span class='ocrx_word' id='word_1_517' title='bbox 1125 2146 1163 2176; x_wconf 84' lang='lat' dir='ltr'>ad</span> <span class='ocrx_word' id='word_1_518' title='bbox 1187 2154 1316 2184; x_wconf 80' lang='lat' dir='ltr'>poenam</span> <span class='ocrx_word' id='word_1_519' title='bbox 1335 2148 1365 2176; x_wconf 91' lang='lat' dir='ltr'>et</span> <span class='ocrx_word' id='word_1_520' title='bbox 1384 2146 1529 2186; x_wconf 79' lang='lat' dir='ltr'>culpam,</span> <span class='ocrx_word' id='word_1_521' title='bbox 1542 2158 1614 2189; x_wconf 82' lang='lat' dir='ltr'>quae</span> <span class='ocrx_word' id='word_1_522' title='bbox 1629 2159 1804 2190; x_wconf 70' lang='lat' dir='ltr'>praecesse-</span> 
     </span>
     <span class='ocr_line' id='line_1_86' title="bbox 1035 2200 1804 2246; baseline 0.013 -18"><span class='ocrx_word' id='word_1_523' title='bbox 1035 2201 1112 2228; x_wconf 84' lang='lat' dir='ltr'>runt</span> <span class='ocrx_word' id='word_1_524' title='bbox 1123 2209 1130 2235; x_wconf 89' lang='lat'>;</span> <span class='ocrx_word' id='word_1_525' title='bbox 1149 2208 1221 2238; x_wconf 85' lang='lat' dir='ltr'>quae</span> <span class='ocrx_word' id='word_1_526' title='bbox 1234 2200 1341 2229; x_wconf 86' lang='lat' dir='ltr'>autem</span> <span class='ocrx_word' id='word_1_527' title='bbox 1355 2202 1425 2239; x_wconf 89' lang='lat' dir='ltr'>post</span> <span class='ocrx_word' id='word_1_528' title='bbox 1437 2202 1605 2240; x_wconf 88' lang='lat' dir='ltr'>commisit,</span> <span class='ocrx_word' id='word_1_529' title='bbox 1617 2204 1733 2236; x_wconf 88' lang='lat' dir='ltr'>virtute</span> <span class='ocrx_word' id='word_1_530' title='bbox 1743 2215 1804 2246; x_wconf 81' lang='lat' dir='ltr'>poe-</span> 
     </span>
     <span class='ocr_line' id='line_1_87' title="bbox 1035 2251 1802 2297; baseline 0.012 -17"><span class='ocrx_word' id='word_1_531' title='bbox 1035 2251 1175 2281; x_wconf 85' lang='lat' dir='ltr'>nitentiae</span> <span class='ocrx_word' id='word_1_532' title='bbox 1196 2251 1422 2290; x_wconf 86' lang='lat' dir='ltr'>remittuntur,</span> <span class='ocrx_word' id='word_1_533' title='bbox 1435 2255 1465 2283; x_wconf 90' lang='lat' dir='ltr'>et</span> <span class='ocrx_word' id='word_1_534' title='bbox 1478 2262 1536 2292; x_wconf 91' lang='lat' dir='ltr'>pro</span> <span class='ocrx_word' id='word_1_535' title='bbox 1552 2254 1613 2285; x_wconf 89' lang='lat' dir='ltr'>illis</span> <span class='ocrx_word' id='word_1_536' title='bbox 1633 2259 1680 2286; x_wconf 89' lang='lat' dir='ltr'>est</span> <span class='ocrx_word' id='word_1_537' title='bbox 1701 2259 1802 2297; x_wconf 85' lang='lat' dir='ltr'>poeni-</span> 
     </span>
     <span class='ocr_line' id='line_1_88' title="bbox 1035 2304 1724 2351; baseline 0.01 -17"><span class='ocrx_word' id='word_1_538' title='bbox 1035 2304 1131 2334; x_wconf 87' lang='lat' dir='ltr'>tentia</span> <span class='ocrx_word' id='word_1_539' title='bbox 1145 2304 1345 2351; x_wconf 81' lang='lat' dir='ltr'>imponenda.</span> <span class='ocrx_word' id='word_1_540' title='bbox 1364 2305 1410 2336; x_wconf 80' lang='lat' dir='ltr'>Ex</span> <span class='ocrx_word' id='word_1_541' title='bbox 1426 2305 1475 2336; x_wconf 89' lang='lat' dir='ltr'>his</span> <span class='ocrx_word' id='word_1_542' title='bbox 1485 2309 1592 2346; x_wconf 81' lang='lat' dir='ltr'>patent</span> <span class='ocrx_word' id='word_1_543' title='bbox 1606 2310 1724 2341; x_wconf 84' lang='lat' dir='ltr'>omnia.</span> 
     </span>
     <span class='ocr_line' id='line_1_89' title="bbox 1036 2376 1805 2412; baseline 0.01 -13"><span class='ocrx_word' id='word_1_544' title='bbox 1036 2382 1139 2405; x_wconf 72' lang='lat' dir='ltr'>conseq.</span> <span class='ocrx_word' id='word_1_545' title='bbox 1162 2377 1192 2405; x_wconf 77' lang='lat'>73</span> <span class='ocrx_word' id='word_1_546' title='bbox 1213 2376 1239 2399; x_wconf 61' lang='lat' dir='ltr'>S,</span> <span class='ocrx_word' id='word_1_547' title='bbox 1258 2376 1359 2406; x_wconf 86' lang='lat' dir='ltr'>&#39;lhom.,</span> <span class='ocrx_word' id='word_1_548' title='bbox 1380 2378 1444 2407; x_wconf 85' lang='lat' dir='ltr'>part.</span> <span class='ocrx_word' id='word_1_549' title='bbox 1468 2378 1509 2408; x_wconf 74' lang='lat' dir='ltr'>ni,</span> <span class='ocrx_word' id='word_1_550' title='bbox 1526 2385 1550 2408; x_wconf 85' lang='lat' dir='ltr'>q.</span> <span class='ocrx_word' id='word_1_551' title='bbox 1568 2384 1639 2408; x_wconf 76' lang='lat' dir='ltr'>Lxxx,</span> <span class='ocrx_word' id='word_1_552' title='bbox 1654 2382 1701 2405; x_wconf 81' lang='lat' dir='ltr'>art.</span> <span class='ocrx_word' id='word_1_553' title='bbox 1723 2383 1765 2412; x_wconf 76' lang='lat'>¹⁰3</span> <span class='ocrx_word' id='word_1_554' title='bbox 1780 2386 1805 2407; x_wconf 84' lang='lat' dir='ltr'>et</span> 
     </span>
     <span class='ocr_line' id='line_1_90' title="bbox 1038 2411 1804 2451; baseline 0.012 -18"><span class='ocrx_word' id='word_1_555' title='bbox 1038 2411 1068 2434; x_wconf 81' lang='lat' dir='ltr'>lv</span> <span class='ocrx_word' id='word_1_556' title='bbox 1099 2412 1176 2441; x_wconf 59' lang='lat' dir='ltr'>Sem„</span> <span class='ocrx_word' id='word_1_557' title='bbox 1206 2411 1263 2449; x_wconf 70' lang='lat' dir='ltr'>dist.</span> <span class='ocrx_word' id='word_1_558' title='bbox 1290 2417 1326 2440; x_wconf 75' lang='lat' dir='ltr'>iv,</span> <span class='ocrx_word' id='word_1_559' title='bbox 1349 2419 1374 2442; x_wconf 87' lang='lat' dir='ltr'>q.</span> <span class='ocrx_word' id='word_1_560' title='bbox 1404 2418 1447 2451; x_wconf 81' lang='lat'>¹¹.¹&#39;</span> <span class='ocrx_word' id='word_1_561' title='bbox 1471 2415 1518 2436; x_wconf 81' lang='lat' dir='ltr'>art.</span> <span class='ocrx_word' id='word_1_562' title='bbox 1547 2416 1570 2442; x_wconf 81' lang='lat'>2,</span> <span class='ocrx_word' id='word_1_563' title='bbox 1598 2422 1622 2445; x_wconf 86' lang='lat' dir='ltr'>q.</span> <span class='ocrx_word' id='word_1_564' title='bbox 1652 2421 1698 2446; x_wconf 81' lang='lat'><em>¹113</em></span> <span class='ocrx_word' id='word_1_565' title='bbox 1724 2418 1804 2450; x_wconf 70' lang='lat' dir='ltr'>Scot,</span> 
     </span>
     <span class='ocr_line' id='line_1_91' title="bbox 1038 2446 1804 2482; baseline 0.012 -14"><span class='ocrx_word' id='word_1_566' title='bbox 1038 2446 1069 2470; x_wconf 88' lang='lat' dir='ltr'>lV</span> <span class='ocrx_word' id='word_1_567' title='bbox 1085 2447 1163 2477; x_wconf 55' lang='lat' dir='ltr'>Seni„</span> <span class='ocrx_word' id='word_1_568' title='bbox 1193 2447 1250 2470; x_wconf 73' lang='lat' dir='ltr'>dist.</span> <span class='ocrx_word' id='word_1_569' title='bbox 1266 2452 1301 2476; x_wconf 85' lang='lat' dir='ltr'>lv,</span> <span class='ocrx_word' id='word_1_570' title='bbox 1315 2454 1339 2477; x_wconf 75' lang='lat' dir='ltr'>q.</span> <span class='ocrx_word' id='word_1_571' title='bbox 1356 2453 1383 2476; x_wconf 87' lang='lat' dir='ltr'>v;</span> <span class='ocrx_word' id='word_1_572' title='bbox 1402 2448 1530 2478; x_wconf 61' lang='lat' dir='ltr'>Richard„</span> <span class='ocrx_word' id='word_1_573' title='bbox 1547 2449 1577 2471; x_wconf 84' lang='lat' dir='ltr'>IV</span> <span class='ocrx_word' id='word_1_574' title='bbox 1593 2450 1672 2477; x_wconf 79' lang='lat' dir='ltr'>Sent..</span> <span class='ocrx_word' id='word_1_575' title='bbox 1690 2451 1747 2476; x_wconf 73' lang='lat' dir='ltr'>dist.</span> <span class='ocrx_word' id='word_1_576' title='bbox 1768 2459 1804 2482; x_wconf 77' lang='lat' dir='ltr'>lv,</span> 
     </span>
     <span class='ocr_line' id='line_1_92' title="bbox 1037 2482 1805 2515; baseline 0.014 -13"><span class='ocrx_word' id='word_1_577' title='bbox 1037 2488 1060 2511; x_wconf 76' lang='lat' dir='ltr'>q.</span> <span class='ocrx_word' id='word_1_578' title='bbox 1082 2488 1114 2511; x_wconf 79' lang='lat'>¹¹3</span> <span class='ocrx_word' id='word_1_579' title='bbox 1132 2482 1252 2510; x_wconf 70' lang='lat' dir='ltr'>Duraud„</span> <span class='ocrx_word' id='word_1_580' title='bbox 1284 2483 1313 2505; x_wconf 70' lang='grc' dir='ltr'>ΙΥ</span> <span class='ocrx_word' id='word_1_581' title='bbox 1331 2483 1409 2512; x_wconf 69' lang='lat' dir='ltr'>Serz!.,</span> <span class='ocrx_word' id='word_1_582' title='bbox 1429 2484 1485 2506; x_wconf 70' lang='lat' dir='ltr'>dist.</span> <span class='ocrx_word' id='word_1_583' title='bbox 1504 2490 1537 2513; x_wconf 75' lang='lat' dir='ltr'>tv,</span> <span class='ocrx_word' id='word_1_584' title='bbox 1557 2491 1582 2515; x_wconf 89' lang='lat' dir='ltr'>q.</span> <span class='ocrx_word' id='word_1_585' title='bbox 1602 2491 1640 2515; x_wconf 81' lang='lat' dir='ltr'>1v;</span> <span class='ocrx_word' id='word_1_586' title='bbox 1657 2486 1805 2513; x_wconf 78' lang='lat' dir='ltr'>Franciscus</span> 
     </span>
     <span class='ocr_line' id='line_1_93' title="bbox 1037 2517 1805 2553; baseline 0.012 -14"><span class='ocrx_word' id='word_1_587' title='bbox 1037 2517 1067 2539; x_wconf 77' lang='lat' dir='ltr'>«le</span> <span class='ocrx_word' id='word_1_588' title='bbox 1081 2518 1171 2548; x_wconf 62' lang='lat' dir='ltr'>Mayr„</span> <span class='ocrx_word' id='word_1_589' title='bbox 1185 2518 1214 2541; x_wconf 77' lang='lat' dir='ltr'>tv</span> <span class='ocrx_word' id='word_1_590' title='bbox 1226 2518 1304 2547; x_wconf 59' lang='lat' dir='ltr'>seut„</span> <span class='ocrx_word' id='word_1_591' title='bbox 1320 2518 1378 2541; x_wconf 71' lang='lat' dir='ltr'>dist.</span> <span class='ocrx_word' id='word_1_592' title='bbox 1395 2524 1418 2541; x_wconf 78' lang='lat' dir='ltr'>iv</span> <span class='ocrx_word' id='word_1_593' title='bbox 1433 2521 1456 2541; x_wconf 73' lang='lat' dir='ltr'>ct</span> <span class='ocrx_word' id='word_1_594' title='bbox 1466 2525 1489 2548; x_wconf 76' lang='lat' dir='ltr'>v,</span> <span class='ocrx_word' id='word_1_595' title='bbox 1501 2526 1525 2549; x_wconf 87' lang='lat' dir='ltr'>q.</span> <span class='ocrx_word' id='word_1_596' title='bbox 1541 2525 1582 2549; x_wconf 84' lang='lat'>111;</span> <span class='ocrx_word' id='word_1_597' title='bbox 1596 2522 1682 2551; x_wconf 80' lang='lat' dir='ltr'>Steph.</span> <span class='ocrx_word' id='word_1_598' title='bbox 1699 2523 1805 2553; x_wconf 71' lang='lat' dir='ltr'>Brfflef„</span> 
     </span>
    </p>
   </div>
   <div class='ocr_carea' id='block_1_15' title="bbox 1037 2553 1803 2618">
    <p class='ocr_par' dir='ltr' id='par_1_26' title="bbox 1037 2553 1803 2618">
     <span class='ocr_line' id='line_1_94' title="bbox 1037 2553 1803 2611; baseline 0.01 -36"><span class='ocrx_word' id='word_1_599' title='bbox 1037 2553 1160 2611; x_wconf 57' lang='lat' dir='ltr'>llYtSent.,</span> <span class='ocrx_word' id='word_1_600' title='bbox 1176 2553 1234 2576; x_wconf 65' lang='lat' dir='ltr'>dist.</span> <span class='ocrx_word' id='word_1_601' title='bbox 1248 2558 1281 2583; x_wconf 77' lang='lat' dir='ltr'>w,</span> <span class='ocrx_word' id='word_1_602' title='bbox 1296 2560 1320 2583; x_wconf 86' lang='lat' dir='ltr'>q.</span> <span class='ocrx_word' id='word_1_603' title='bbox 1337 2560 1386 2583; x_wconf 83' lang='lat' dir='ltr'>vu;</span> <span class='ocrx_word' id='word_1_604' title='bbox 1403 2554 1491 2578; x_wconf 85' lang='lat' dir='ltr'>Petrus</span> <span class='ocrx_word' id='word_1_605' title='bbox 1505 2554 1535 2578; x_wconf 86' lang='lat' dir='ltr'>de</span> <span class='ocrx_word' id='word_1_606' title='bbox 1548 2555 1660 2588; x_wconf 62' lang='lat' dir='ltr'>Terent„</span> <span class='ocrx_word' id='word_1_607' title='bbox 1677 2558 1708 2583; x_wconf 77' lang='lat' dir='ltr'>tv</span> <span class='ocrx_word' id='word_1_608' title='bbox 1722 2559 1803 2590; x_wconf 82' lang='lat' dir='ltr'>Sent.,</span> 
     </span>
     <span class='ocr_line' id='line_1_95' title="bbox 1037 2594 1235 2618; baseline 0 -7"><span class='ocrx_word' id='word_1_609' title='bbox 1037 2595 1074 2611; x_wconf 73' lang='lat' dir='ltr'>ris</span> <span class='ocrx_word' id='word_1_610' title='bbox 1090 2606 1093 2609; x_wconf 92' lang='lat'>.</span> <span class='ocrx_word' id='word_1_611' title='bbox 1112 2594 1146 2618; x_wconf 67' lang='lat' dir='ltr'>1v,</span> <span class='ocrx_word' id='word_1_612' title='bbox 1161 2596 1185 2618; x_wconf 83' lang='lat' dir='ltr'>q.</span> <span class='ocrx_word' id='word_1_613' title='bbox 1203 2594 1235 2611; x_wconf 76' lang='lat' dir='ltr'>iv.</span> 
     </span>
    </p>
   </div>
   <div class='ocr_carea' id='block_1_16' title="bbox 1070 2631 1707 2714">
    <p class='ocr_par' dir='ltr' id='par_1_27' title="bbox 1070 2631 1707 2714">
     <span class='ocr_line' id='line_1_96' title="bbox 1070 2631 1387 2662; baseline 0 -7"><span class='ocrx_word' id='word_1_614' title='bbox 1070 2631 1104 2662; x_wconf 77' lang='lat' dir='ltr'>(a)</span> <span class='ocrx_word' id='word_1_615' title='bbox 1116 2631 1184 2655; x_wconf 58' lang='lat' dir='ltr'>Edit.</span> <span class='ocrx_word' id='word_1_616' title='bbox 1200 2633 1256 2656; x_wconf 83' lang='lat' dir='ltr'>Ven.</span> <span class='ocrx_word' id='word_1_617' title='bbox 1269 2632 1334 2655; x_wconf 58' lang='lat' dir='ltr'>deest</span> <span class='ocrx_word' id='word_1_618' title='bbox 1345 2633 1387 2655; x_wconf 84' lang='lat' dir='ltr'>de.</span> 
     </span>
     <span class='ocr_line' id='line_1_97' title="bbox 1668 2685 1707 2714; baseline 0.026 -1"><span class='ocrx_word' id='word_1_619' title='bbox 1668 2685 1707 2714; x_wconf 75' lang='lat'>22</span> 
     </span>
    </p>
   </div>
   <div class='ocr_carea' id='block_1_17' title="bbox 1816 778 1920 808">
    <p class='ocr_par' dir='ltr' id='par_1_28' title="bbox 1816 778 1920 808">
     <span class='ocr_line' id='line_1_98' title="bbox 1816 778 1920 808; baseline 0.01 -9"><span class='ocrx_word' id='word_1_620' title='bbox 1816 778 1848 799; x_wconf 74' lang='lat' dir='ltr'>Ad</span> <span class='ocrx_word' id='word_1_621' title='bbox 1868 787 1920 808; x_wconf 68' lang='lat' dir='ltr'>opp.</span> 
     </span>
    </p>
   </div>
  </div>
 </body>
</html>
