2017 2948
209 139 267 167 572

207 212 410 244 quocumque
424 204 515 243 fietu,
531 205 584 236 sed
599 205 837 245 hypocritarum
848 229 856 242 ,
874 205 929 244 qui
946 205 978 234 in

208 256 356 296 lacrymis
374 259 513 289 exterius
537 260 736 299 praetendunt
761 259 975 295 sanctitatem,

208 309 282 340 etin
297 310 389 341 corde
405 314 530 351 portant
544 312 741 352 iniquitatem
760 323 765 341 z
791 314 820 341 et
842 311 889 341 isti
907 321 976 350 pec-

208 366 279 393 cant
301 364 485 403 dupliciter;
509 368 537 395 et
555 368 709 405 quantuni
727 365 764 394 ad
789 365 865 394 tales
879 364 978 403 loqui-

208 418 261 446 tur
288 416 472 456 Gregorius.
496 419 594 449 Aliter
616 421 715 459 potest
735 418 794 448 «lici
808 442 816 455 ,
833 418 916 457 quod
933 417 978 447 lo-

209 470 318 509 quitur
334 471 371 501 (le
393 480 429 501 eo
453 472 507 511 qui
530 472 581 501 flet
602 471 746 501 ordinate
760 495 768 509 ,
784 476 814 501 et
834 472 867 501 in
884 472 980 501 (letes-

208 523 360 553 talionem
391 524 512 563 culpae,
535 524 617 563 quod
643 534 744 564 piena}
777 525 919 563 graviori
947 532 980 554 se

209 576 333 615 subjicit
357 588 363 607 :
385 586 446 607 non
470 580 596 616 propter
621 578 748 615 ssetnni,
771 578 823 607 sed
854 580 980 617 propter

209 632 435 669 contemptum.
456 630 558 661 Fletus
575 631 659 661 enim
687 631 736 661 ille
758 633 803 660 est
819 630 858 660 ab
873 631 980 670 aliquo

209 683 291 713 dono
312 683 362 713 Dei
378 692 384 713 :
402 686 433 713 et
455 685 509 723 qui
530 685 621 714 iterat
642 687 823 724 peccatum,
845 686 981 714 contem-

211 736 252 765 ni·
271 736 391 767 donum
408 737 470 767 Dei.
490 737 647 767 Praeterea
664 738 695 767 in
711 738 778 777 ipso
792 738 868 767 fletu
883 737 982 767 consi-

210 789 338 819 deratur
352 791 468 829 peccati
490 791 662 821 enormitas
683 802 688 821 :
714 791 782 821 ideo
797 800 871 820 cum
888 791 978 820 itera-

210 844 279 878 tur,
296 845 434 881 augetur
450 844 569 874 offensa
586 847 713 883 propter
728 843 884 874 actualem
905 853 979 874 con-

211 895 442 927 siderationem.
468 896 555 927 Utttle
584 898 664 928 sicut
687 897 815 927 habitus
843 897 981 927 scientia}

211 952 388 988 aggravat,
406 953 436 979 et
457 953 563 981 tamen
581 951 700 981 bonum
716 953 761 980 est
777 950 857 980 scire
873 959 980 989 pecca-

211 1004 280 1032 tum
305 1004 333 1032 et
350 1012 560 1041 cognoscere3
578 1004 619 1033 ita
635 1003 832 1033 considerare
848 1006 875 1032 et
892 1003 982 1042 plan-

212 1064 288 1094 gere
313 1057 428 1095 peccati
447 1057 668 1087 enormitatem
692 1059 739 1087 est
760 1057 897 1091 bonum,
913 1057 982 1086 etsi

211 1109 282 1148 quis
304 1112 374 1147 post
390 1109 448 1140 hoc
464 1113 569 1149 peccat
581 1134 588 1148 ,
606 1113 806 1149 aggravatur
821 1110 913 1149 culpa
930 1118 983 1149 per

211 1162 364 1192 accidens.

531 1249 600 1270 DUB.
618 1248 662 1269 lv.

261 1311 410 1336 Poenitentia
425 1314 462 1335 est
476 1312 569 1341 virtus,
585 1319 634 1342 qua
650 1311 785 1335 commissa
800 1312 874 1340 mala,
890 1314 937 1335 ete.

254 1377 383 1408 Videtur
405 1378 464 1409 ista
488 1379 635 1410 diffinitio
657 1380 798 1419 Magistri
827 1389 890 1410 uon
919 1388 986 1410 esse

214 1431 406 1461 conveniens
420 1443 425 1462 :
437 1432 665 1471 quiadiffinitio
677 1435 777 1463 totum
793 1442 861 1463 esse
876 1433 920 1463 rei
936 1433 987 1463 de-

215 1483 267 1513 het
283 1484 430 1521 indicare,
451 1488 481 1515 et
498 1488 599 1525 partes
616 1486 808 1525 poeuitentiae
828 1488 902 1516 sunt
917 1496 988 1516 con-

215 1537 316 1575 fessio,
330 1540 359 1567 et
370 1539 525 1577 contritio7
536 1542 564 1569 et
574 1540 757 1570 satisfactio:
773 1540 856 1569 unde
863 1540 988 1570 videtur

215 1591 300 1630 quod
316 1600 379 1620 non
395 1591 497 1621 solum
514 1602 568 1632 per
586 1594 690 1622 actum
708 1593 916 1629 contritionis,
933 1593 987 1632 qui

217 1646 263 1674 est
286 1644 437 1683 plangere
461 1648 489 1675 et
509 1645 596 1675 odire
616 1647 798 1685 peecatum,
816 1645 868 1674 sed
894 1645 987 1674 etiam

217 1701 376 1738 peractus
396 1700 473 1729 alios
493 1699 614 1729 deberet
634 1700 776 1729 diffiniri.
795 1699 871 1729 Item
888 1699 988 1738 poeni-

220 1752 316 1782 tentia
345 1755 389 1782 est
415 1756 557 1792 respectu
592 1753 824 1792 praeteritorum
836 1776 844 1789 ,
868 1756 897 1782 et
926 1762 990 1782 non

222 1809 364 1846 respectu
387 1808 567 1837 futurorum
592 1818 597 1837 :
625 1816 703 1846 ergo
727 1807 809 1836 male
835 1806 990 1836 diffinitur

222 1862 365 1899 respectu
386 1860 500 1896 futuri,
519 1870 591 1890 runi
613 1861 687 1890 (licit
705 1869 711 1890 :
731 1872 745 1887 (ι
760 1859 796 1890 Et
812 1859 991 1899 plangenda

223 1914 338 1944 iterum
353 1924 415 1943 non
431 1914 637 1944 committere.
652 1926 666 1941 »

264 1965 356 2006 Resp.
384 1967 555 1997 Dicendum
584 1968 667 2007 quod
696 1969 784 1997 actus
812 1966 992 2006 principalis

222 2020 417 2059 pcenitentiae
443 2023 487 2050 est
509 2024 598 2051 actus
620 2020 739 2057 cordis,
757 2023 787 2050 et
804 2022 891 2050 actus
910 2020 992 2049 inte-

221 2073 287 2104 rior
306 2084 312 2110 3
336 2076 362 2103 et
396 2073 465 2103 ideo
488 2083 543 2113 per
567 2074 657 2103 illum
678 2074 784 2112 magis
803 2074 936 2110 diffinit,
962 2075 993 2102 et

221 2125 290 2156 ideo
304 2126 393 2156 illum
405 2127 505 2165 tangit
517 2126 765 2166 explicite.Unde
776 2126 992 2166 planctusnon

219 2180 392 2210 attenditur
409 2180 460 2210 hic
477 2182 633 2219 quantum
649 2180 687 2210 att
701 2180 993 2219 effusionemlacry-

219 2242 346 2264 marum
354 2242 390 2263 ex
397 2233 559 2269 termium,
569 2233 620 2263 sed
632 2233 831 2269 interiorum,
839 2233 915 2272 quia
922 2233 991 2262 istae

221 2287 393 2317 extortores
403 2295 468 2316 non
479 2289 552 2315 sunt
566 2286 604 2315 de
614 2295 692 2323 esse,
705 2286 756 2316 sed
768 2286 806 2316 de
816 2286 895 2316 hene
904 2294 970 2315 esse
983 2296 989 2314 ε

223 2337 433 2367 nihilominus
447 2337 525 2367 alios
544 2339 632 2367 actus
648 2336 796 2374 includit,
813 2346 887 2366 cum
901 2336 991 2374 dicit,

228 2402 242 2418 «
257 2399 330 2420 cum
341 2390 570 2420 emendationis
583 2389 754 2429 proposito,
766 2401 780 2416 »
800 2389 875 2429 quia
889 2398 995 2419 emen-

224 2441 263 2471 da
275 2442 311 2471 fit
325 2450 380 2481 per
393 2441 621 2471 confessionem
637 2443 668 2470 et
682 2440 923 2470 satisfactionem
940 2449 947 2470 :
965 2442 995 2470 et

225 2495 375 2534 qnoniam
390 2494 586 2535 poenitentia,
603 2493 778 2525 secundum
793 2494 877 2533 quod
895 2493 995 2524 virtus

258 2577 265 2591 ¹
280 2574 357 2598 Ezech
372 2593 380 2602 ‚
397 2581 469 2604 mut,
483 2578 522 2598 2223.
537 2588 567 2591 —
587 2576 595 2589 -’
614 2574 695 2597 [labae
709 2593 715 2603 ,
732 2579 756 2600 ιι,
774 2573 898 2603 '25H13l1r.‚
916 2580 940 2603 x,
957 2575 996 2597 38.

226 2623 256 2627 —
268 2610 278 2627 ⁸
292 2611 369 2641 nug„
381 2610 424 2634 lib.
441 2611 472 2640 lt,
486 2617 511 2641 p.
526 2610 592 2639 ΧΗΙ,
605 2617 626 2633 c.
641 2615 675 2633 vi.

770 135 1048 170 SENTENTIARU
1052 137 1080 167 M
1103 137 1178 169 LlB.
1202 138 1252 169 lv.

1035 207 1096 242 est,
1115 205 1239 244 respicit
1265 206 1447 239 emendam.
1465 208 1495 236 et
1512 205 1646 236 emenda
1664 213 1729 236 non
1743 208 1803 237 stat

1035 266 1107 286 cum
1125 257 1288 288 iteratione
1308 258 1427 298 culpav,
1454 258 1522 288 ideo
1543 267 1583 288 ex
1599 258 1803 297 consequenti

1035 310 1160 349 respicit
1174 310 1299 350 culpam
1316 321 1378 341 non
1400 311 1586 342 iterandam.
1608 310 1645 341 Et
1660 310 1729 341 ideo
1744 310 1804 341 Ma-

1035 362 1132 399 gister
1157 364 1271 394 diffinit
1291 374 1345 404 per
1369 366 1514 394 futurum
1533 375 1539 395 :
1561 364 1634 404 quia
1657 363 1805 403 quamvis

1036 416 1234 455 poenitentia,
1253 420 1287 447 ut
1301 420 1345 448 est
1358 418 1484 448 afflictio
1495 442 1503 455 ,
1521 418 1559 448 sit
1573 420 1717 456 respectu
1727 425 1806 456 prae-

1036 470 1116 499 teriti
1131 480 1138 507 ;
1155 472 1261 500 tamen
1285 472 1470 510 puniitentia
1492 471 1593 501 virtus
1612 470 1707 501 etiam
1722 470 1806 500 futu-

1036 532 1107 552 rum
1135 523 1270 562 respicit.
1287 523 1373 554 Unde
1393 525 1425 554 in
1445 524 1630 554 diffinitione
1651 524 1804 563 poeniten-

1037 576 1088 605 tiae
1111 576 1215 614 tangit
1236 575 1385 615 Magister
1410 576 1563 615 triplicem
1584 579 1701 606 actum.
1720 575 1807 607 Unus

1036 632 1079 660 est
1094 632 1181 660 actus
1208 630 1399 669 prenitentiae
1415 630 1590 660 secundum
1604 630 1687 670 quod
1703 631 1807 670 poeni-

1038 683 1134 712 tentia
1151 694 1156 713 :
1176 686 1205 713 et
1222 683 1272 713 llic
1286 686 1331 713 cst
1347 684 1451 713 dolere
1466 683 1504 713 de
1518 683 1609 722 culpa
1625 683 1806 714 commissa.

1038 735 1126 765 Alius
1147 738 1191 765 est
1212 738 1301 765 actus
1320 736 1493 766 secundum
1517 735 1601 775 quod
1624 735 1809 774 poenitentia

1037 791 1083 819 est
1097 789 1138 818 vit
1149 792 1198 819 tus
1216 800 1222 820 z
1242 792 1272 819 et
1288 789 1343 819 iste
1359 792 1446 819 actus
1461 792 1507 819 est
1521 789 1600 819 velle
1616 788 1784 819 emendare
1799 799 1806 818 :

1037 845 1067 872 et
1081 843 1166 872 hune
1191 843 1310 882 tangit,
1328 853 1402 873 enni
1417 843 1491 874 dicit
1508 854 1514 873 :
1536 854 1549 871 «
1567 842 1646 872 Cum
1661 841 1808 872 ernenda-

1038 897 1131 927 tionis
1147 898 1316 936 proposito,
1328 909 1342 925 »
1360 901 1417 927 etc.
1429 896 1466 928 Et
1479 896 1590 927 tertius
1606 899 1652 926 est
1666 904 1810 926 annexus

1039 950 1181 990 utrique,
1211 950 1326 981 seilicet
1354 950 1436 980 nolle
1453 950 1627 986 offendere,
1653 949 1703 979 vel
1723 957 1809 978 com-
1830 975 1838 979 .

1040 1003 1186 1033 [nium-0:
1213 1005 1243 1033 et
1270 1003 1326 1033 iste
1351 1003 1471 1042 perficit
1495 1004 1678 1041 utrumque.
1702 1000 1812 1032 Nullus

1039 1057 1123 1087 enim
1143 1066 1215 1086 vere
1234 1057 1363 1096 pcenitet
1379 1056 1417 1086 de
1433 1056 1608 1095 praeterito,
1625 1064 1682 1086 nec
1696 1063 1812 1095 propo-

1040 1110 1083 1140 nit
1100 1110 1266 1140 emendam
1285 1110 1398 1146 facere,
1409 1109 1468 1139 nisi
1486 1110 1640 1148 proponat
1655 1108 1812 1138 ultranon

1039 1163 1208 1193 offendere.

1366 1247 1432 1268 DUB.
1459 1246 1490 1267 V.

1161 1308 1211 1332 Sed
1230 1308 1276 1331 etsi
1294 1308 1325 1332 de
1343 1309 1448 1338 peccato
1467 1306 1628 1337 succedenti,
1646 1308 1695 1330 etc.

1082 1376 1210 1406 Videtur
1234 1374 1409 1405 secundum
1436 1374 1515 1410 hoc,
1536 1373 1621 1414 quod
1647 1373 1812 1404 vivificare

1043 1430 1082 1459 sit
1093 1432 1181 1459 actus
1194 1428 1396 1468 poenitentiae.
1409 1427 1467 1458 Sed
1478 1428 1587 1457 contra
1595 1426 1720 1457 videtur
1730 1426 1814 1466 quod

1045 1482 1301 1522 niagisjustitiae,
1314 1481 1389 1521 qnia
1401 1483 1563 1511 mortuum
1576 1480 1739 1511 vivificare
1751 1488 1816 1510 non

1044 1538 1089 1566 est
1113 1536 1197 1565 aliud
1220 1544 1318 1575 quam
1338 1534 1536 1574 justificare:
1554 1533 1607 1563 sed
1633 1532 1817 1572 justificatio

1044 1592 1089 1618 est
1104 1598 1157 1627 per
1172 1588 1352 1627 generalem
1369 1587 1529 1626 justitiam
1547 1598 1553 1617 ε
1570 1595 1649 1625 ergo
1664 1588 1695 1616 et
1710 1585 1816 1616 vivifi-

1044 1642 1134 1672 catio.
1159 1641 1194 1671 Et
1222 1642 1281 1671 hoc
1307 1641 1453 1670 νέιὶειιιπ1
1473 1640 1534 1670 :In
1555 1639 1705 1677 justitia,
1721 1647 1818 1678 quam

1045 1701 1192 1736 operatus
1203 1700 1259 1734 est,
1275 1697 1369 1732 υίυεῐ,
1387 1698 1416 1726 et
1428 1704 1492 1726 non
1503 1696 1665 1726 morietur.
1683 1695 1760 1725 item
1770 1695 1817 1725 vi-

1045 1750 1138 1780 detur
1153 1750 1236 1789 quod
1250 1750 1310 1779 hoc
1333 1749 1371 1778 sit
1390 1748 1484 1778 fidei²
1500 1760 1506 1777 :
1523 1748 1562 1779 Et
1581 1747 1692 1786 Justus
1719 1748 1757 1787 (a)
1776 1755 1818 1779 ex

1047 1803 1110 1842 fide
1129 1812 1188 1834 stat
1214 1803 1307 1834 vivit.
1336 1802 1415 1832 Item
1440 1801 1566 1832 videtur
1591 1801 1676 1840 quod
1697 1800 1758 1831 hoc
1779 1801 1819 1831 sit

1047 1857 1220 1894 charitatis,
1238 1857 1313 1896 quia
1328 1855 1466 1886 charitas
1480 1857 1526 1885 est
1543 1855 1608 1884 vita
1623 1854 1757 1891 animae,
1776 1855 1816 1884 si-

1048 1914 1098 1941 cut
1119 1910 1192 1940 dicit
1216 1910 1432 1949 Augustian
1449 1910 1479 1938 et
1494 1908 1647 1946 magister
1668 1907 1763 1947 Hugo
1781 1907 1819 1938 de

1048 1966 1155 1994 sancto
1172 1963 1295 1994 Victore
1308 1963 1327 1992 ³.
1347 1962 1423 1992 Item
1439 1961 1566 1991 videtur
1591 1961 1690 1992 multo
1716 1960 1819 1999 magis

1048 2026 1114 2047 esse
1130 2017 1255 2056 gratiae,
1265 2016 1339 2055 quia
1354 2015 1420 2045 vita
1434 2014 1585 2044 dividitur
1596 2013 1628 2043 in
1639 2014 1738 2044 vitam
1754 2022 1815 2043 na-

1050 2073 1140 2108 turae,
1157 2070 1280 2109 gratiae,
1297 2071 1326 2099 et
1344 2069 1469 2107 gloriae.

1090 2124 1180 2163 Resp.
1214 2123 1385 2153 Dicendum
1407 2133 1413 2152 ;
1431 2122 1511 2151 sicut.
1539 2121 1648 2151 vivere
1671 2120 1703 2150 in
1724 2122 1817 2150 natu-

1050 2178 1168 2207 ralibus
1183 2175 1353 2216 aliquando
1368 2175 1483 2205 dicitur
1502 2176 1590 2204 actus
1606 2173 1744 2212 primus,
1761 2172 1817 2202 ali-

1050 2230 1176 2269 quando
1192 2229 1307 2259 ‹lieltur
1321 2229 1453 2267 signum
1473 2227 1566 2264 vitae3
1588 2227 1632 2256 sic
1652 2226 1748 2256 etiam
1763 2225 1821 2256 ali-

1050 2283 1178 2322 quando
1198 2282 1381 2312 attribuitur
1403 2281 1467 2311 vita
1497 2280 1524 2310 ei
1553 2289 1571 2309 a
1596 2288 1659 2319 quo
1688 2281 1744 2316 est,
1763 2278 1822 2308 ali-

1050 2336 1178 2376 quando
1193 2336 1219 2365 ei
1243 2336 1275 2366 in
1300 2345 1364 2374 quo
1394 2334 1623 2364 manifestatur.
1647 2331 1820 2362 Dicendum

1051 2398 1138 2428 ergo,
1152 2389 1234 2428 quod
1246 2389 1324 2420 illud
1339 2388 1423 2428 quod
1438 2387 1588 2425 vivificat,
1606 2387 1732 2426 proprie
1745 2394 1820 2425 gra-

1052 2444 1095 2474 tia
1109 2445 1175 2480 est;
1195 2443 1270 2473 illud
1293 2445 1399 2472 autem
1421 2450 1476 2481 per
1490 2441 1574 2480 quod
1591 2441 1818 2475 manifestatur,

1053 2496 1154 2526 virtus
1175 2498 1231 2526 est.
1251 2494 1355 2526 Potest
1374 2495 1476 2534 igitur
1498 2493 1692 2524 manifestari
1706 2492 1771 2522 vita
1786 2492 1821 2522 ut

1054 2547 1087 2577 in
1098 2546 1178 2584 fieri,
1197 2547 1247 2577 vel
1262 2548 1298 2576 ut
1312 2546 1345 2576 in
1359 2546 1440 2576 facto
1454 2543 1576 2575 esse.Si
1586 2546 1622 2574 ut
1634 2543 1668 2574 in
1683 2542 1763 2580 fieri,
1777 2541 1822 2572 sic

1087 2608 1120 2639 (α)
1139 2609 1209 2639 Vulg.
1223 2608 1309 2631 Iustus
1318 2609 1401 2631 aulem
1413 2613 1489 2630 meus.
