2017 2948
567 139 662 170 DIST.
686 138 777 170 XVII.
801 139 916 170 PART.
941 139 978 170 ΙΙ.
1001 138 1090 171 ART.
1115 138 1136 169 Ι.
1162 139 1310 178 QUAEST.
1337 141 1372 171 Il.

179 209 276 238 finem
289 207 436 247 competit
450 207 514 245 legi
529 207 652 245 gratiae.
667 205 755 236 Alius
765 206 836 236 finis
848 207 894 237 est
906 206 944 237 ad

178 261 465 292 reconciliationem
474 260 646 290 faciendam
660 260 802 290 humano
814 259 944 290 arbitrio

178 314 352 344 mediante:
366 313 434 344 ideo
448 313 484 342 fit
496 312 628 350 homini,
643 312 784 342 1111101110
797 312 835 342 sit
842 312 943 351 Judex

177 368 208 397 et
221 366 339 397 arbiter
352 367 434 396 inter
444 366 543 396 Deum
553 368 583 396 et
595 367 800 405 peccatorem.
817 365 944 395 Arbiter

177 422 282 450 autem
305 419 375 450 talis
399 419 490 449 debet
509 428 590 455 6556,
617 418 671 457 qui
693 418 790 457 possit
810 427 943 449 manum

175 481 291 512 ponere
307 472 341 502 in
353 474 524 511 utrumque
539 483 545 502 ε
560 472 628 502 talis
641 474 748 501 autem
763 480 826 502 11011
840 472 944 511 potuit

174 534 256 562 esse,
281 534 445 564 quousque
468 525 549 555 Deus
573 525 672 555 factus
696 527 742 555 est
765 525 860 555 homo
883 536 889 554 ε
913 527 943 555 61

174 581 249 608 111116
263 578 359 608 1101110
372 578 536 608 deificatus
553 578 645 608 datus
662 580 707 608 est
722 578 812 608 nobis
826 577 942 607 media-

173 633 222 662 tor
240 633 271 662 et
283 631 400 661 arbiter
418 631 571 668 Christus,
595 631 651 670 qui
670 631 772 670 potuit
792 639 940 669 arguere,

173 686 203 715 et
217 693 350 715 manum
362 685 483 724 ³ponere
506 684 538 714 in
557 686 739 722 utrumque.
760 684 816 714 Hic
836 686 941 714 autem

172 738 300 777 reliquit
319 738 353 767 in
368 737 506 768 Ecclesia
521 746 730 774 successoreS,
748 746 827 776 quos
841 739 871 767 et
887 746 940 766 ar-

172 791 270 821 bitros
283 791 454 828 constituit,
467 792 497 820 et
511 792 645 820 rectores
655 790 809 827 Ecclesiae,
825 790 941 829 quibus

171 844 329 874 commisit
339 844 555 874 auctoritatem
568 843 799 874 reconciliandi.
817 843 853 873 Et
866 852 942 882 quo-

171 896 257 926 niam
278 896 346 927 haec
366 897 533 927 auctoritas
554 896 655 936 primo
676 896 736 926 fuit
757 896 790 926 in
806 896 938 932 Christo,

171 951 201 979 et
216 949 249 979 in
264 949 351 980 nullo
367 950 467 989 potuit
486 958 551 980 esse
566 951 735 988 antequam
751 949 872 979 veniret
889 949 941 979 ille

169 1002 350 1042 praecipuus
375 1003 537 1040 mediator,
561 1005 591 1032 et
614 1003 674 1033 1106
694 1002 797 1032 50111111
818 1002 850 1032 111
869 1002 940 1041 lege

169 1064 252 1086 nova
274 1056 344 1093 fuit,
368 1056 436 1086 ideo
456 1058 576 1086 tantum
596 1056 628 1085 in
648 1055 708 1085 hac
731 1055 803 1094 lege
819 1055 939 1085 institui

169 1108 320 1138 confessio
343 1108 461 1138 debuit.
485 1108 625 1138 Concedo
651 1116 728 1146 ergo
753 1108 836 1147 quod
863 1117 937 1138 6011η

168 1160 276 1198 fessio,
304 1163 399 1200 prout
424 1163 470 1191 est
492 1162 742 1197 sacramentum,
768 1161 936 1198 confessio,

168 1213 315 1252 inquam,
331 1213 463 1251 vocalis,
481 1213 578 1244 solius
593 1222 683 1244 novae
698 1213 777 1251 legis
791 1213 865 1251 fuit,
882 1223 939 1244 1166

168 1266 328 1304 praecessit
346 1266 380 1296 in
393 1266 465 1305 lege
482 1266 581 1297 veteri
596 1266 656 1296 nisi
670 1266 708 1304 ²in
726 1266 845 1304 figura,
864 1267 938 1306 quia

168 1318 213 1348 illi
228 1318 292 1358 legi
305 1328 370 1349 non
384 1319 590 1359 competebat.
609 1319 771 1350 Praecessit
785 1321 892 1349 autem
904 1320 937 1349 in

167 1371 237 1408 hoc,
257 1372 343 1412 quod
363 1373 576 1403 sacerdotibus
593 1372 664 1402 data
683 1374 750 1402 erat
769 1372 938 1402 auctoritas

166 1424 361 1455 discernendi
385 1426 470 1456 inter
495 1426 615 1465 lepram
646 1427 676 1455 et
703 1434 768 1455 11011
796 1425 935 1464 lepram,

166 1481 311 1509 sanctum
321 1480 351 1509 et
364 1479 542 1518 profanum.
556 1478 616 1508 Sed
626 1478 695 1508 haec
705 1478 832 1517 quidem
848 1481 938 1509 erant

165 1532 353 1571 corporalia,
370 1534 400 1562 et
414 1540 478 1561 non
493 1531 682 1570 spiritualia;
703 1533 734 1560 et
747 1530 833 1561 illam
849 1532 937 1570 figu-

166 1593 235 1615 ram
249 1584 385 1615 ostendit
398 1584 550 1615 Dominus
564 1583 725 1623 impletam
738 1592 804 1613 esse
818 1584 851 1613 in
864 1584 937 1622 lege

165 1647 259 1675 nova,
272 1647 346 1668 cum
357 1638 525 1668 mundatos
540 1637 578 1667 ad
591 1637 765 1667 sacerdotes
780 1637 934 1674 mittebat,

165 1694 200 1722 ut
215 1691 341 1728 dicitur,
359 1690 466 1722 Matth.
487 1691 563 1729 (vm,
576 1691 603 1729 4)
620 1701 626 1719 z
641 1689 695 1719 ubi
712 1690 824 1720 volunt
838 1690 935 1729 aliqui

165 1744 277 1780 dicere,
293 1744 377 1783 quod
392 1743 543 1774 confessio
555 1743 612 1773 fuit
626 1742 783 1779 instituta3
801 1743 853 1772 sed
867 1751 933 1772 ma-

166 1797 227 1835 gis,
244 1798 279 1827 ut
292 1796 482 1833 videbitur¹,
499 1795 556 1825 fuit
570 1795 612 1825 ibi
630 1795 800 1825 insinuata.

206 1853 233 1879 1.
259 1849 304 1879 Ad
328 1848 405 1879 illud
423 1848 506 1888 quod
527 1847 686 1887 objicitur,
709 1848 793 1887 quod
811 1848 870 1878 fuit
891 1850 934 1880 ibi

165 1903 327 1941 confessio,
347 1902 421 1942 quia
440 1901 584 1932 sacerdos
598 1901 815 1939 confitebatur,
832 1903 934 1934 dicen-

164 1956 240 1986 dum
264 1955 349 1995 quod
374 1955 443 1986 talis
467 1964 531 1985 non
554 1956 620 1984 erat
647 1954 799 1985 confessio
826 1964 932 1986 sacra—

163 2008 319 2046 mentalis,
331 2017 404 2048 quae
416 2008 452 2038 fit
462 2007 594 2045 homini,
609 2007 647 2037 de
657 2016 720 2046 qua
729 2016 814 2038 nunc
828 2008 932 2048 loqui-

161 2071 245 2099 mur,
269 2071 332 2101 qua
346 2061 459 2100 aliquis
478 2070 511 2091 se
525 2062 666 2097 accusat3
691 2060 744 2090 sed
764 2060 818 2090 illa
838 2062 932 2092 fiebat

160 2115 222 2146 Deo
238 2115 270 2145 in
289 2114 431 2153 generali
445 2114 482 2144 de
499 2113 632 2154 peccatis
647 2113 745 2152 ipsius
761 2114 932 2145 multitudi-

160 2169 219 2206 nis,
238 2177 303 2199 non
319 2169 452 2207 aliquus
467 2167 666 2207 particularis
681 2176 835 2206 personae.

200 2224 228 2252 Ξ.
246 2221 294 2251 Ad
308 2221 385 2251 illud
400 2221 486 2260 quod
499 2220 648 2260 objicitur
661 2220 698 2250 de
713 2220 928 2256 absconsione,

160 2274 328 2305 dicendum
339 2273 425 2313 quod
436 2273 583 2313 intelligit
592 2273 630 2304 de
642 2273 844 2304 absconsione
858 2283 929 2313 quae

163 2329 207 2357 est
223 2335 277 2366 per
292 2327 409 2366 peccati
423 2326 636 2357 defensionem
655 2328 685 2356 et
704 2326 928 2365 palliationem,

164 2380 244 2410 sicut
262 2380 380 2411 faciunt
398 2380 572 2420 hypocritae
595 2391 601 2410 :
625 2382 654 2409 et
675 2379 753 2409 illud
777 2381 822 2409 est
843 2380 927 2410 falsi-

163 2433 249 2471 tatis;
274 2435 305 2464 et
324 2434 394 2464 haec
415 2436 462 2464 est
485 2435 592 2463 contra
615 2432 719 2472 legem
742 2434 879 2470 naturae,
899 2436 930 2463 et

160 2489 302 2526 respectu
320 2486 375 2517 Dei
395 2488 426 2517 et
441 2487 584 2526 respectu
605 2485 754 2516 hominis.
778 2485 929 2522 Quamvis

158 2542 265 2571 autem
286 2540 326 2570 sit
347 2539 544 2580 prohibitum
568 2539 709 2578 mentiri,
734 2547 798 2569 non
822 2541 928 2571 tamen

191 2603 196 2616 ¹
210 2602 305 2631 Quaest.
320 2609 373 2633 seq.

1709 146 1763 174 681

998 211 1043 237 est
1071 209 1265 247 praeceptum
1294 208 1395 239 dicere
1427 217 1554 239 omnem
1587 209 1764 241 veritatem.

1038 262 1066 290 3.
1091 260 1138 291 Ad
1154 260 1231 290 illud
1251 261 1335 300 quod
1353 262 1500 301 objicitur
1513 262 1551 291 de
1574 262 1763 301 narratione,

998 314 1166 344 dicendum
1189 314 1274 353 quod
1302 315 1489 353 intelligitur
1516 315 1554 345 de
1584 317 1766 347 narratione

997 367 1170 397 secundum
1190 367 1337 406 linguam
1359 370 1388 397 et
1412 376 1446 397 os
1465 368 1576 398 cordis.
1593 368 1648 399 Vel
1668 369 1693 398 si
1714 369 1765 399 in-

997 419 1159 458 telligatur
1172 420 1345 450 secuudum
1364 429 1398 450 05
1416 421 1569 460 corporiS,
1592 422 1694 451 adhuc
1715 422 1763 451 in-

996 472 1150 511 telligitur
1173 473 1257 512 quod
1278 473 1332 503 fiat
1355 476 1497 513 respectu
1520 474 1589 510 Dei,
1612 475 1763 513 quemad-

997 525 1125 555 modum
1144 525 1178 554 fit
1192 525 1291 555 oratio
1306 525 1438 561 vocalis,
1462 534 1526 555 nou
1544 526 1581 555 ad
1602 526 1700 556 Deum
1716 526 1766 556 iu-

996 578 1195 615 struendum,
1205 578 1257 608 sed
1266 578 1466 608 excitandum
1476 579 1509 608 in
1517 579 1608 609 nobis
1617 579 1764 609 affectum

996 631 1134 671 pudoris,
1152 632 1201 662 vel
1217 632 1344 669 amoris,
1357 632 1407 662 vel
1422 632 1547 668 doloris,
1566 633 1615 663 vel
1629 633 1764 672 aliquus

995 685 1125 715 alterius
1144 685 1326 715 affectionis,

1036 740 1064 768 4.
1083 738 1129 767 Ad
1143 738 1222 768 illud
1237 738 1321 777 quod
1344 738 1499 777 objicitur,
1523 739 1607 778 quod
1627 738 1697 778 plus
1718 741 1765 769 651

996 790 1076 820 facto
1092 790 1243 829 profiteri,
1261 800 1358 830 quam
1371 791 1482 828 verbo;
1502 791 1667 821 dicendum
1680 792 1764 830 quod

994 843 1047 873 illa
1066 843 1182 873 oblatio
1198 852 1262 872 11011
1279 845 1344 872 erat
1366 843 1537 882 professiva
1558 844 1688 882 peccati,
1711 844 1764 874 sed

995 896 1105 926 hosiiae
1117 896 1282 926 oblationis
1291 905 1347 935 pro
1359 898 1497 935 peceato3
1511 905 1550 926 ex
1561 897 1763 935 consequenti

994 951 1101 979 autem
1119 949 1341 979 ostendebatur
1364 950 1516 988 peccator.
1540 948 1599 979 Sed
1620 949 1679 979 hoc
1699 958 1763 979 non

994 1005 1040 1031 est
1055 1002 1089 1031 in
1104 1002 1245 1040 speciali,
1269 1002 1321 1031 sed
1343 1002 1375 1031 111
1401 1001 1541 1039 generali
1560 1011 1567 1031 z
1585 1010 1640 1031 nec
1659 1002 1764 1040 magis

995 1055 1156 1091 sacerdoti,
1173 1063 1270 1094 quam
1284 1054 1337 1084 alii
1352 1065 1358 1083 :
1375 1056 1405 1084 61
1422 1054 1480 1084 hoc
1495 1054 1622 1093 quidem
1637 1054 1764 1084 decebat

993 1107 1098 1147 aliquo
1126 1108 1219 1138 modo
1248 1107 1334 1144 fieri,
1364 1107 1439 1146 quia
1464 1107 1531 1145 jam
1559 1106 1763 1137 ecclesiastica

995 1161 1098 1191 unitas
1120 1161 1152 1189 iu
1176 1160 1392 1190 conformitate
1419 1161 1705 1196 sacramentorum,
1733 1161 1764 1189 et

994 1213 1206 1244 uniformitate
1222 1213 1324 1243 cultus
1334 1212 1444 1249 divini,
1458 1214 1592 1251 coeperat
1607 1212 1758 1242 inchoari.

1033 1269 1062 1297 5.
1079 1266 1127 1296 Ad
1141 1266 1218 1296 illud
1234 1266 1317 1305 quod
1337 1265 1492 1304 objicitur.
1515 1265 1599 1304 quod
1619 1265 1763 1295 sacerdos

993 1321 1060 1349 erat
1075 1319 1238 1357 mediator,
1256 1319 1424 1350 dicendum
1439 1318 1522 1357 quod
1538 1318 1595 1348 etsi
1609 1318 1763 1348 mediator

993 1375 1071 1403 esset
1092 1373 1131 1403 ad
1153 1371 1351 1403 offerendum
1369 1372 1488 1402 hostias
1508 1371 1675 1409 figurales,
1698 1381 1763 1402 non

993 1429 1097 1457 tamen
1121 1429 1187 1457 erat
1210 1426 1362 1457 mediator
1382 1426 1414 1455 in
1439 1425 1629 1455 absolvendo
1647 1436 1653 1453 ε
1670 1427 1700 1454 61
1720 1425 1763 1455 ita

993 1480 1144 1510 sacerdoti
1158 1489 1222 1510 11011
1236 1479 1367 1509 debebat
1379 1478 1448 1508 fieri
1466 1478 1617 1508 confessio
1632 1478 1760 1516 peccati,

993 1534 1046 1563 sed
1068 1533 1185 1563 oblatio
1206 1532 1285 1562 hirci
1305 1532 1355 1562 vel
1377 1531 1467 1561 vituli
1484 1542 1490 1560 ;
1508 1540 1573 1561 11011
1593 1531 1636 1560 516
1659 1533 1705 1560 651
1724 1531 1762 1561 (16

992 1587 1149 1616 sacerdote
1165 1586 1240 1616 novi
1254 1584 1450 1621 testamenti,
1471 1584 1537 1623 qui,
1550 1584 1629 1613 sicut
1649 1592 1762 1614 verum

992 1639 1105 1669 Christi
1119 1648 1233 1678 corpus
1253 1638 1392 1675 conficit,
1413 1639 1443 1667 et
1462 1638 1646 1676 potestatem
1668 1636 1763 1666 habet

991 1693 1028 1722 ad
1048 1692 1291 1727 conficiendum,
1311 1691 1355 1720 sic
1372 1689 1588 1720 auctoritatem
1608 1688 1703 1718 habet
1722 1689 1760 1718 ad

990 1754 1103 1785 corpus
1120 1744 1288 1784 mysticum
1304 1742 1544 1773 absolvendum.

1030 1802 1058 1830 6.
1077 1799 1123 1829 Ad
1138 1798 1214 1829 illud
1230 1797 1315 1837 quod
1331 1796 1488 1835 objicitur,
1503 1794 1588 1834 quod
1600 1794 1652 1825 lex
1669 1797 1760 1824 vetus

990 1854 1057 1883 erat
1078 1852 1128 1881 lex
1153 1850 1267 1890 rigoris
1291 1852 1321 1879 et
1339 1849 1459 1886 0116115,
1486 1847 1652 1878 dicendum
1675 1847 1760 1886 quod

989 1905 1136 1945 quamvis
1156 1903 1307 1934 confessio
1326 1910 1458 1932 onerosa
1473 1901 1616 1930 videatur
1631 1903 1760 1939 propter

989 1959 1152 1999 pudorem,
1169 1960 1275 1987 tamen
1289 1957 1335 1986 est
1347 1955 1468 1984 sarcina
1484 1953 1564 1983 miro
1579 1953 1672 1983 modo
1688 1953 1761 1983 alle-

989 2012 1078 2043 vians
1092 2020 1147 2051 per
1159 2009 1389 2040 absolutionem
1406 2018 1412 2037 :
1429 2009 1460 2037 et
1472 2006 1540 2037 ideo
1555 2006 1600 2036 illi
1614 2006 1677 2044 legi
1693 2015 1758 2036 non

988 2063 1193 2103 competebat.
1220 2062 1276 2092 Hic
1296 2061 1383 2091 enim
1406 2061 1441 2090 fit
1461 2060 1500 2089 ab
1521 2059 1609 2089 omui
1633 2061 1757 2097 peceato

987 2117 1158 2154 absolutio,
1184 2115 1225 2145 ibi
1248 2123 1323 2145 vero
1343 2114 1410 2144 sine
1434 2112 1522 2143 omni
1544 2111 1757 2142 misericordia

989 2170 1096 2209 gravis
1111 2167 1281 2208 peccatoris
1296 2167 1389 2197 fiebat
1399 2165 1559 2196 damnatio
1571 2176 1577 2194 ε
1591 2166 1757 2204 propterea
1781 2203 1785 2209 Ι

988 2232 1049 2253 11011
1064 2221 1259 2260 competebat
1274 2219 1317 2249 illi
1332 2219 1398 2258 legi
1413 2218 1483 2248 talis
1498 2217 1655 2257 perfectio.

1027 2279 1054 2305 7.
1072 2275 1119 2305 Ad
1131 2273 1281 2304 ultimum
1296 2272 1334 2303 de
1344 2271 1463 2302 unitate
1479 2270 1635 2307 Ecclesiae,
1649 2270 1754 2300 dicen-

986 2329 1062 2359 dum
1081 2327 1166 2366 quod
1184 2326 1289 2356 unitas
1307 2327 1390 2362 erat,
1413 2324 1466 2354 sed
1486 2326 1591 2353 tamen
1612 2322 1756 2361 figuralis

986 2383 1129 2421 respectu
1149 2388 1234 2411 vera:
1255 2377 1386 2409 unitatis
1409 2377 1505 2416 hujus
1527 2376 1672 2407 Ecclesiae
1693 2386 1699 2405 :
1724 2377 1756 2406 et

986 2436 1054 2466 ideo
1071 2435 1151 2465 sicut
1164 2432 1353 2464 sacrificinm
1368 2430 1427 2460 fuit
1442 2429 1588 2468 figurale,
1606 2429 1648 2459 ita
1662 2430 1693 2459 et
1707 2437 1754 2459 sa-

986 2488 1105 2524 cerdos,
1125 2487 1169 2517 ita
1180 2483 1400 2521 reconciliatio,
1415 2484 1446 2513 et
1460 2484 1617 2522 postremo
1631 2482 1751 2512 confes-

985 2541 1050 2578 sio,
1072 2540 1146 2580 quia
1167 2540 1310 2579 leprosus
1330 2546 1363 2567 se
1381 2535 1592 2567 sacerdotibus
1610 2534 1754 2565 ostende-

985 2594 1048 2625 bat.
