2017 2948
36 951 112 980 Opinio
121 953 139 974 l.

33 1968 128 1994 Improb.

33 2384 110 2412 Opinio
117 2387 136 2405 2.

525 205 618 236 DIST.
646 201 778 235 xxxiv.
802 200 915 232 PART.
938 199 977 230 ΙΙ.
998 197 1087 230 ART.
1112 196 1149 227 ΙΙ.
1173 196 1320 233 QUAEST.
1344 196 1382 226 ΙΙ.

156 272 252 303 lud²z
277 273 427 304 Indicabo
449 272 528 309 tibi,
549 271 657 308 homo,
680 269 762 310 quid
776 269 858 300 Deus
876 275 925 298 re—

157 326 266 365 quirat
281 334 300 356 a
315 329 354 357 te.
373 326 408 355 Et
423 326 491 364 post
505 335 511 354 z
534 325 578 355 Et
592 323 752 355 solicitum
767 321 927 353 ambulare

156 386 226 409 cum
242 379 373 410 Domino
389 378 449 409 Deo
464 380 527 409 tao.
551 376 611 407 Sed
630 377 749 415 quanto
765 375 865 413 major
881 375 928 404 est

156 434 319 464 solicitudo
339 433 458 463 vitandi
480 432 627 472 culpam,
651 432 739 461 tanto
759 431 860 469 major
882 430 927 460 est

155 486 275 517 timoris
289 486 485 517 abundantia
498 496 505 516 :
522 494 599 524 ergo
611 508 619 522 ,
637 486 696 515 etc.

427 597 652 629 CONCLUSIO.

156 686 247 713 Timor
266 687 401 719 qratuz'tus
419 693 467 720 per
491 686 659 719 auymentum
680 684 777 717 gratim
801 682 924 709 decrescit

190 730 277 764 quoad
296 738 371 757 usum
395 730 587 756 solicitatiom's
611 736 711 763 poenoe.
742 728 803 754 licet
829 728 927 753 crescat

190 774 277 807 quoad
302 782 377 800 usum
399 774 540 800 secundum
562 773 632 807 quod
658 774 694 799 est
714 773 836 806 pcrfectoe
864 771 926 797 cha-

189 819 270 844 ritati
298 825 424 844 consonus
439 826 448 844 :
477 818 523 850 qni
542 816 646 851 qualem
665 824 728 842 usus
754 815 876 842 consistit
898 816 927 840 t'n

189 862 307 896 quadam
318 861 487 895 subjectione,
509 863 533 887 et
552 861 699 887 reverentia
714 859 750 886 ad
765 861 854 886 Deum.

196 940 286 980 Resp.
303 941 342 971 ad
358 949 425 979 arg.
446 940 495 970 Ad
509 939 733 980 praedictorum
747 938 926 977 intelligen-

155 994 232 1024 tiam
246 995 293 1024 est
306 994 482 1025 notandum
494 1017 502 1031 ,
519 993 604 1033 quod
620 993 672 1023 hic
684 1016 691 1029 ,
706 992 787 1022 sicut
801 992 834 1022 in
847 1001 927 1032 prae-

153 1047 336 1078 cedentibus
349 1071 356 1085 ,
386 1047 501 1077 diversi
525 1046 650 1077 diversa
672 1045 822 1076 sentiunt.
847 1046 923 1083 Qui-

153 1101 225 1131 dam
240 1101 324 1131 enim
343 1100 455 1131 volunt
473 1100 591 1136 (licere,
615 1099 700 1139 quod
716 1101 761 1128 est
776 1099 862 1138 loqui
887 1099 924 1130 de

151 1154 265 1184 timore
277 1155 432 1193 quantum
447 1153 485 1183 ad
498 1153 653 1189 habitum,
671 1154 701 1182 et
716 1155 874 1191 quantum
886 1153 924 1183 ad

152 1215 246 1236 usum
260 1216 266 1236 :
286 1206 311 1236 si
325 1206 494 1245 loquamur
509 1206 546 1236 de
562 1206 629 1245 ipso
644 1207 801 1245 quantum
816 1205 854 1235 ad
870 1206 924 1235 ha-

151 1259 275 1297 bitum,
300 1267 414 1289 verum
439 1261 485 1289 est
505 1258 589 1298 quod
603 1282 610 1296 ,
637 1260 795 1288 crescente
818 1258 923 1288 chari-

150 1313 213 1342 tate
227 1336 234 1349 ‚
251 1312 379 1347 crescit,
396 1314 524 1351 propter
539 1311 599 1341 hoc
614 1311 698 1351 quod
714 1311 841 1341 habitus
857 1320 924 1349 gra-

151 1365 221 1395 tuiti
237 1367 311 1395 sunt
324 1365 478 1404 aequale53
499 1365 524 1394 si
544 1373 619 1394 vero
633 1364 803 1403 loquamur
818 1372 920 1403 quan-

151 1418 220 1447 tum
238 1417 277 1447 ad
297 1426 389 1446 usum
403 1441 411 1454 ,
432 1416 476 1446 sic
495 1416 644 1447 dixerunt
665 1415 749 1455 quod
765 1417 921 1445 crescente

150 1470 319 1508 charitate,
339 1470 487 1500 decrescit
501 1470 607 1506 timor,
630 1470 705 1509 quia
718 1471 838 1509 quanto
855 1478 921 1499 ma-

149 1524 199 1563 gis
209 1524 297 1562 viget
307 1524 338 1553 in
350 1523 438 1553 nohis
449 1532 524 1553 usus
535 1522 705 1560 charitatis⁷
718 1525 805 1553 tanto
816 1522 923 1553 minus

151 1577 236 1616 viget
247 1586 323 1607 usus
333 1577 465 1607 timoris.
484 1576 521 1606 Et
535 1576 612 1607 illud
625 1585 680 1616 per
693 1577 922 1616 experientiam

150 1633 197 1661 est
214 1630 415 1660 manifestum
428 1641 434 1660 ι
450 1639 524 1660 nam
536 1630 631 1660 homo
642 1630 675 1659 in
686 1630 841 1670 principio
851 1640 923 1661 con-

150 1684 303 1714 versionis
329 1683 428 1714 multa
449 1693 489 1714 ex
514 1683 626 1714 timore
649 1684 719 1714 facit
734 1695 741 1720 ;
771 1684 823 1714 sed
848 1693 921 1714 cum

150 1736 291 1776 gustavit
307 1736 453 1776 spiritum
469 1737 644 1767 devotionis
655 1761 663 1775 ‚
683 1739 712 1767 et
730 1737 919 1776 dulcedinis,

150 1799 223 1830 quae
237 1792 283 1820 est
299 1790 330 1820 in
347 1799 454 1821 amore
467 1814 474 1827 ‚
499 1791 723 1830 approximans
745 1791 783 1821 ad
804 1793 921 1822 statum

151 1844 361 1884 perfectionis,
375 1845 442 1883 jam
458 1844 497 1874 ad
511 1844 590 1874 bene
606 1844 802 1884 operandum
818 1845 922 1883 magis

152 1898 287 1928 trahitur
305 1898 490 1929 liberalitate
507 1898 624 1928 amoris
636 1922 643 1935 ‚
666 1907 764 1938 quam
777 1899 919 1929 stimule-

153 1956 206 1984 tur
222 1954 402 1992 poenalitate
416 1954 549 1984 timoris.
567 1953 627 1984 Sed
642 1954 675 1984 in
690 1954 749 1984 hoc
763 1954 857 1984 modo
870 1954 921 1985 vi-

152 2006 267 2036 dentur
281 2006 344 2036 duo
359 1997 502 2045 opposita
517 2006 681 2046 implicari.
699 2006 732 2037 Si
749 2007 834 2037 enim
851 2016 920 2037 ma-

151 2060 284 2099 gnitudo
296 2060 421 2090 habitus
433 2060 605 2090 attenditur
619 2062 649 2090 et
661 2060 861 2099 dignoscitur
872 2071 922 2101 pe-

153 2122 206 2143 nes
218 2113 473 2151 magnitudinem
486 2115 572 2143 actus
582 2116 613 2144 et
622 2123 708 2151 115115,
727 2114 921 2146 decrescente

150 2165 232 2196 dono
250 2168 406 2205 quantum
425 2166 462 2196 ad
485 2175 598 2204 usum,
619 2167 745 2197 videtur
764 2169 847 2207 quod
863 2178 921 2199 ne-

152 2227 235 2249 cesse
255 2219 294 2249 sit
312 2219 416 2258 ipsum
439 2219 616 2250 decrescere
636 2223 792 2259 quantum
807 2222 847 2251 ad
863 2222 921 2252 ha-

152 2271 253 2301 bitum
267 2282 274 2302 :
296 2274 350 2302 aut
365 2273 389 2302 si
405 2273 513 2303 crescit
533 2275 685 2312 quantum
700 2274 738 2304 ad
754 2275 899 2305 habitum
911 2299 919 2313 ,

151 2333 275 2354 necesse
287 2326 333 2355 est
345 2325 447 2363 ifsum
459 2335 597 2356 crescere
609 2329 765 2366 quantum
778 2328 815 2358 ad
828 2337 921 2358 usum

151 2379 181 2408 et
196 2380 313 2408 aetum.
333 2377 498 2417 Propterea
507 2381 553 2409 est
567 2379 647 2409 alius
658 2380 770 2410 modus
785 2381 919 2419 dicendi,

151 2430 234 2470 quod
249 2455 255 2468 ,
273 2431 352 2461 sicut
369 2431 457 2470 prius
472 2432 589 2462 dictum
605 2434 670 2471 est,
689 2433 784 2464 timor
799 2435 921 2473 gratui-

152 2486 201 2514 tus
222 2484 319 2514 dividi
340 2484 435 2515 habet
450 2485 482 2515 in
503 2486 654 2517 initialem
672 2490 703 2517 et
720 2487 869 2526 filialem3
893 2491 923 2519 et

151 2546 223 2568 cum
238 2537 395 2576 quaeritur
411 2539 520 2568 utrum
535 2541 692 2570 crescente
706 2541 857 2571 charitate
871 2542 923 2572 de-

151 2593 268 2622 crescat
281 2591 387 2628 tim0r‚
405 2591 587 2631 responderi
602 2594 704 2632 potest
711 2594 795 2634 quod
809 2603 922 2625 verum

184 2654 191 2670 ¹
210 2653 296 2683 Mica,
311 2660 345 2685 vi,
357 2655 378 2679 8,
391 2667 420 2671 -
435 2653 464 2678 ’l
479 2654 546 2683 Cor..
563 2660 589 2684 x,
607 2656 683 2681 12.-
695 2656 705 2673 ⁸
717 2656 795 2688 Rom„
811 2663 866 2688 vui,
879 2659 921 2682 35.

1697 195 1755 224 103

985 267 1031 296 est
1043 264 1081 294 de
1095 263 1234 304 quodam
1255 263 1368 293 timore
1380 286 1387 300 ,
1413 264 1443 292 et
1464 262 1579 292 salsum
1595 261 1634 291 de
1648 259 1709 290 alio
1724 259 1761 288 ti-

984 326 1082 348 more.
1094 318 1136 347 De
1152 317 1276 353 timore,
1289 316 1432 354 inquam,
1448 314 1560 344 initiali
1576 321 1689 343 verum
1701 313 1758 349 est,

983 371 1058 410 quia
1072 370 1208 409 quodam
1219 369 1312 399 modo
1321 367 1533 398 communicat
1550 375 1623 395 cnm
1640 364 1758 402 servili,

982 424 1015 453 in
1030 423 1090 453 hoc
1108 422 1191 462 quod
1210 422 1357 451 formidat
1373 429 1510 460 poenam.
1526 418 1566 448 De
1584 418 1669 447 filiali
1684 426 1760 448 vero

982 485 1048 506 non
1058 478 1104 505 est
1114 484 1238 512 verum,
1251 474 1326 513 quia
1341 474 1459 512 quanto
1471 472 1542 511 quis
1550 470 1678 509 majoris
1688 470 1760 499 cha-

982 529 1081 559 ritatis
1090 530 1146 565 est,
1158 530 1246 558 tanto
1260 526 1362 565 magis
1376 524 1495 563 refugit
1508 524 1649 554 divinam
1658 523 1759 552 offen-

982 590 1068 618 sam⁷
1089 584 1119 611 et
1139 589 1213 611 cum
1233 580 1294 610 Deo
1318 579 1468 609 solicitius
1484 576 1646 613 ambulat,
1664 576 1760 615 juxta

980 633 1059 664 illud
1074 632 1233 673 Apostoli²
1249 643 1255 663 z
1283 632 1343 667 Qut·
1359 640 1390 662 se
1406 630 1574 662 eoeistimat
1589 632 1672 660 stare
1684 651 1692 665 ‚
1708 627 1758 658 υἰ-

981 685 1055 717 dean
1070 694 1108 716 ne
1124 685 1227 716 cadat.
1255 684 1314 714 Sed
1336 683 1440 713 adhuc
1460 681 1538 711 iilud
1554 690 1617 711 non
1634 680 1759 711 videtur

982 739 1114 769 omnino
1130 738 1326 771 satisfacere,
1352 735 1504 775 quoniam
1527 734 1622 763 timor
1636 732 1757 770 filialis,

982 800 1046 830 quo
1061 791 1132 830 quis
1147 791 1235 820 timet
1250 789 1349 820 Deum
1365 788 1523 819 offendere
1534 810 1543 823 ,
1560 794 1687 825 pcenam
1704 785 1759 815 ha—

982 843 1051 881 bet,
1073 845 1103 874 et
1124 843 1262 873 multum
1284 841 1437 879 affligitur
1455 840 1562 870 anima
1579 839 1611 868 in
1626 838 1680 868 illa
1695 837 1758 868 for-

983 896 1113 926 midine.
1140 896 1254 926 Beatus
1275 898 1381 925 autem
1400 894 1536 924 „loannes
1557 892 1651 929 dicit,
1674 890 1758 931 quod

979 949 1119 988 perfecta
1134 949 1276 980 charitas
1291 948 1379 986 foras
1395 948 1496 978 mittit
1511 947 1655 978 timorem
1668 952 1760 984 prop-

981 1003 1029 1032 ter
1043 1011 1204 1032 annexam
1224 1001 1450 1041 poenalitatem.
1469 998 1507 1030 Et
1523 1000 1688 1038 propterea
1702 1005 1758 1036 po·

982 1056 1042 1085 test
1058 1055 1161 1085 adhuc
1176 1055 1267 1085 aliter
1282 1054 1343 1084 dici
1358 1077 1364 1091 ,
1386 1052 1471 1092 (111οᾱ
1488 1051 1605 1090 duplex
1620 1052 1666 1080 est
1680 1058 1759 1080 usus

980 1107 1082 1147 ipsius
1096 1107 1219 1137 timoris
1235 1106 1367 1146 gratuiti
1384 1116 1390 1136 1
1411 1114 1497 1136 unus
1508 1128 1517 1142 ,
1533 1104 1677 1143 inquam,
1696 1110 1759 1141 quo

980 1169 1034 1191 cor
1043 1160 1182 1191 hominis
1194 1160 1370 1191 solicitatur
1380 1167 1420 1189 ex
1432 1157 1679 1188 consideratione
1690 1163 1757 1185 suae

979 1214 1177 1252 fragilitatis;
1202 1213 1283 1243 alius
1305 1221 1401 1249 ver09
1427 1220 1491 1250 quo
1513 1209 1698 1240 humiliatur
1716 1217 1757 1238 ex

979 1266 1229 1297 consideratione
1243 1274 1308 1295 suae
1320 1263 1497 1304 parvitatis,
1514 1265 1544 1292 et
1559 1262 1674 1292 divinae
1688 1269 1757 1291 ma-

980 1319 1169 1358 gnitudinis.
1194 1319 1231 1349 Et
1252 1319 1374 1358 primus
1390 1326 1467 1347 usus
1490 1315 1657 1353 minuitur,
1681 1322 1756 1345 cum

980 1371 1117 1401 charitas
1137 1371 1312 1411 perficitur,
1330 1371 1404 1410 quia
1420 1369 1609 1400 confidentia
1623 1376 1753 1398 consur-

979 1426 1027 1464 git
1048 1435 1085 1455 cx
1108 1425 1295 1464 perfectione
1317 1423 1499 1460 charitatis,
1521 1424 1555 1452 ut
1570 1422 1639 1461 jam
1657 1420 1754 1450 homo

977 1478 1060 1509 dicat
1080 1479 1155 1508 illud
1172 1478 1311 1518 Apostoli
1324 1480 1333 1496 ³
1350 1488 1356 1507 :
1386 1478 1466 1516 Quis
1489 1484 1546 1507 nos
1561 1473 1720 1513 separabit
1734 1481 1754 1505 a

977 1531 1132 1563 charitate
1150 1532 1174 1562 C
1176 1531 1274 1563 ltrt'stz'
1284 1556 1292 1569 ‚
1310 1533 1368 1561 etc.
1387 1530 1476 1560 Alius
1493 1537 1569 1560 vcro
1584 1536 1661 1558 usus
1676 1535 1755 1557 cres-

977 1586 1018 1616 cit
1033 1586 1184 1617 charitate
1195 1588 1366 1624 crescente,
1383 1585 1463 1615 sicut
1477 1583 1600 1614 timoris
1615 1582 1752 1612 habitus.

979 1638 1067 1669 Unde
1087 1641 1207 1679 quanto
1229 1639 1344 1678 aliquis
1368 1638 1438 1678 plus
1460 1637 1555 1668 habet
1577 1636 1615 1667 de
1640 1635 1754 1675 spiritu

976 1692 1094 1723 amoris
1107 1716 1116 1730 ,
1132 1694 1219 1723 tanto
1234 1692 1305 1732 plus
1320 1691 1416 1722 habet
1431 1691 1469 1721 dc
1483 1689 1595 1729 spiritu
1610 1688 1751 1725 timoris;

976 1746 1053 1785 quia
1066 1748 1152 1776 tanto
1172 1746 1274 1784 inagis
1288 1745 1458 1783 elongatur
1475 1752 1493 1773 a
1509 1742 1620 1782 spiritu
1641 1749 1751 1781 super-

975 1798 1048 1836 biae,
1066 1799 1133 1829 sive
1147 1798 1295 1836 tumoris,
1316 1797 1491 1828 secundum
1503 1795 1588 1836 quod
1602 1794 1677 1825 dicit
1686 1793 1753 1824 Au-

976 1852 1158 1890 gustinus&
1195 1851 1233 1882 Et
1256 1861 1312 1890 per
1334 1851 1394 1881 hoc
1420 1851 1504 1889 patet
1528 1847 1690 1887 responsio
1713 1847 1752 1878 ad

975 1905 1185 1943 quaestionem
1197 1904 1388 1943 propositam
1401 1914 1408 1940 ;
1426 1904 1510 1942 patet
1520 1901 1615 1931 etiam
1626 1908 1751 1940 respon-

975 1957 1021 1987 sio
1037 1957 1075 1987 ad
1090 1957 1223 1996 objecta.
1248 1954 1395 1986 Rationes
1409 1955 1504 1985 etiam
1525 1954 1563 1984 ad
1581 1954 1751 1992 utramque

975 2012 1096 2049 partein
1124 2010 1262 2040 inductae
1294 2017 1408 2039 verum
1435 2006 1628 2037 concludunt
1641 2029 1649 2043 ‚
1676 2005 1751 2045 quia

975 2064 1130 2102 quantum
1145 2062 1183 2092 ad
1199 2062 1340 2092 diversas
1363 2061 1433 2092 vias
1454 2060 1646 2099 procedunt,
1670 2059 1751 2089 sicut

975 2116 1059 2154 patet
1080 2115 1118 2145 de
1138 2115 1314 2145 rationibus
1333 2122 1405 2153 quae
1419 2113 1458 2143 ad
1474 2113 1610 2152 primam
1627 2113 1749 2151 partem

974 2170 1182 2207 inducuntur,
1203 2179 1275 2209 quae
1291 2169 1461 2200 ostendunt
1482 2169 1630 2198 timorem
1645 2167 1748 2198 minui

975 2226 1132 2254 crescente
1153 2223 1325 2253 charitate:
1351 2222 1525 2262 procedunt
1546 2222 1631 2252 enim
1650 2221 1688 2251 de
1708 2221 1745 2251 ti-

976 2286 1063 2308 more
1078 2278 1234 2316 quantum
1249 2277 1288 2306 ad
1303 2285 1398 2306 usum
1420 2275 1475 2315 qui
1491 2275 1585 2305 habet
1601 2282 1726 2313 poenam
1738 2298 1746 2310 ‚

975 2329 1035 2360 hoc
1049 2332 1114 2367 est,
1131 2332 1287 2369 quantum
1302 2330 1340 2359 ad
1356 2329 1446 2359 illum
1467 2336 1562 2358 usum
1574 2351 1582 2365 ,
1600 2336 1664 2367 quo
1678 2327 1750 2366 quis

976 2383 1148 2413 solicitatur
1164 2392 1203 2413 ne
1216 2392 1272 2422 pro
1285 2392 1343 2413 sua
1356 2382 1526 2421 fragilitate
1541 2381 1629 2411 cadat
1643 2380 1675 2410 in
1687 2379 1750 2410 cul-

975 2445 1048 2476 pam
1061 2460 1068 2473 ,
1086 2438 1116 2466 et
1130 2445 1187 2475 pro
1203 2446 1259 2467 sua
1275 2436 1367 2476 culpa
1381 2435 1546 2474 dejiciatur
1563 2434 1595 2463 in
1610 2442 1748 2473 poenam,

975 2489 1057 2520 sicut
1072 2491 1155 2529 patet
1171 2490 1202 2519 iu
1219 2489 1425 2520 discurrendo
1440 2497 1496 2528 per
1511 2487 1667 2526 singulas.

1015 2545 1045 2579 ¹,
1062 2545 1080 2572 2
1096 2545 1126 2573 et
1142 2545 1170 2574 3.
1193 2542 1338 2573 Rationes
1354 2544 1461 2573 autem
1481 2549 1554 2580 quae
1571 2540 1609 2571 ad
1624 2540 1751 2580 opposi-

973 2635 1003 2641 —-
1015 2623 1025 2639 ⁸
1040 2625 1115 2654 Aug„
1128 2624 1156 2648 (lc
1168 2625 1248 2648 Seraz.
1270 2625 1338 2647 Dom.
1353 2625 1378 2646 z'›1
1390 2624 1479 2653 monte,
1496 2622 1539 2646 lib.
1558 2622 1576 2652 l,
1591 2628 1616 2646 n.
1631 2624 1652 2650 3.
1670 2621 1753 2652 quoad

982 2664 1094 2684 sensum.

1772 686 1867 713 Improb-

1771 1003 1876 1030 Opinio3,
