2017 2948
231 139 290 168 5¹14

268 203 360 244 Resp.
386 203 558 235 Dicendum
585 204 671 246 quod
695 207 868 244 utrumque
897 206 943 235 est
967 205 999 235 in

228 266 302 288 vere
314 257 499 297 poenitente,
521 257 637 289 scilicet
659 258 748 289 dolor
771 260 801 288 et
817 258 971 296 gau-‘lium
990 269 997 288 :

227 320 285 341 nec
311 320 415 341 unum
439 311 589 342 diminuit
610 311 764 348 alterum,
783 311 835 340 sed
862 311 997 350 perficit.

228 363 315 394 Sicut
328 364 409 394 velle
421 364 541 402 dolere,
558 367 588 395 ct
603 364 794 394 desiderium
811 364 927 394 doloris
942 364 999 394 do-

226 417 328 448 lorem
342 426 407 448 non
424 417 555 455 minuit,
574 418 638 447 imo
661 418 778 455 auget;
809 418 854 447 sic
879 420 907 447 et
924 426 1000 456 gau-

227 470 315 502 dium
333 481 340 502 :
357 480 432 502 nam
448 471 479 501 in
498 470 701 510 poenitentia,
727 479 801 501 cum
820 471 859 501 sit
883 471 998 509 virtus,

227 533 291 555 non
301 527 424 555 tantum
437 527 481 555 est
495 524 595 562 dolor,
605 524 658 553 sed
675 524 764 554 dolor
776 524 977 554 voluntarius
990 535 997 561 ;

226 579 256 608 et
270 579 387 615 tamen,
405 577 479 617 quia
502 577 596 607 habet
620 577 705 616 quod
723 579 808 607 amat
828 579 859 608 et
876 577 999 607 deside-

226 634 284 668 rat,
301 630 477 660 necessario
491 629 620 668 gaudet.
645 629 716 659 Ideo
732 631 906 669 poenitens,
923 639 996 660 cum

228 683 323 713 habet
339 682 478 713 dolorem
492 692 588 722 quein
603 683 770 721 desiderat,
791 684 908 722 gaudet
915 693 924 722 ;
942 693 997 714 nec

227 735 382 775 gaudium
412 738 555 766 removet
581 735 738 774 dolorem,
764 736 829 767 imo
850 737 994 776 perlicit:

225 791 256 819 et
270 789 366 819 simul
376 791 423 819 est
437 789 536 827 dolor,
552 792 582 819 et
594 789 762 827 gaudium,
781 790 860 819 sicut
873 790 999 828 Augus-

225 842 312 872 tinus
335 842 373 872 de
401 851 434 872 se
453 842 531 872 ‹lixit
548 842 579 872 in
603 842 862 881 confessionibus
879 843 900 879 ¹,
914 843 998 882 quod

225 895 309 928 solus
317 896 410 935 fletus
423 899 489 927 erac
500 896 559 926 sibi
569 895 829 936 dulcis-,loquens
843 897 881 926 de
893 896 998 926 amico

226 952 362 987 mortum
378 949 439 980 hoc
453 952 520 980 erat
536 952 663 989 propter
685 950 800 979 doloris
824 950 997 980 vehemen-

224 1003 319 1034 tiam:
336 1003 380 1033 sic
394 1005 423 1034 et
441 1003 474 1032 in
486 1003 657 1042 proposito.
675 1003 763 1040 Quod
779 1012 858 1042 ergo
881 1003 994 1042 objici-

225 1058 288 1094 tur,
306 1057 391 1096 quod
421 1056 614 1095 impossibile
640 1059 687 1087 est
714 1056 809 1087 simul
826 1057 929 1087 inesse
952 1057 996 1087 ei-

224 1109 307 1147 dem,
324 1112 396 1145 etc.,
413 1110 473 1140 dici
490 1112 591 1149 potest
613 1110 701 1149 quod
716 1110 766 1140 vel
790 1119 854 1141 non
876 1113 951 1141 sunt
966 1110 998 1141 in

224 1162 333 1193 eadem
349 1163 502 1202 potentia,
520 1162 575 1193 sed
591 1163 623 1193 iu
638 1163 789 1200 (liversis,
806 1166 842 1193 ut
857 1163 944 1194 dolor
959 1164 1000 1194 sit

225 1215 258 1245 in
281 1216 493 1253 sensualitate,
511 1218 541 1245 et
557 1215 713 1254 gaudium
740 1216 773 1246 in
795 1216 918 1246 ratione
936 1227 943 1247 :
969 1218 999 1246 et

224 1271 299 1299 tunc
313 1269 440 1299 nullum
456 1271 503 1299 est
519 1269 713 1309 impossibile
725 1292 734 1307 ‚
757 1269 842 1309 quod
861 1278 928 1300 una
951 1269 999 1300 vis

225 1322 364 1361 gaudeat
377 1322 416 1352 de
438 1322 545 1353 dolore
560 1322 715 1352 existente
739 1322 770 1352 in
786 1322 861 1360 alia;
880 1322 931 1353 vel
950 1322 996 1352 di-

224 1375 360 1406 cendum
375 1375 458 1415 quod
475 1378 548 1405 sunt
568 1375 600 1405 in
617 1375 746 1413 eadem,
764 1378 799 1405 ut
822 1375 997 1406 seeundum

224 1428 308 1469 quod
324 1437 420 1468 supra
442 1438 475 1458 se
491 1429 708 1467 convertitur3
724 1428 809 1459 unde
831 1429 911 1459 sicut
933 1438 996 1459 non

223 1492 296 1513 cum
312 1486 382 1514 actu
399 1483 554 1523 simplici,
573 1483 626 1514 sed
647 1483 820 1523 composito
832 1506 841 1521 ,
856 1484 905 1513 vis
919 1493 997 1514 eon—

223 1536 358 1566 vertitur
374 1545 472 1576 supra
487 1539 650 1576 peccatum
673 1539 703 1566 et
723 1546 820 1575 supra
842 1536 996 1575 dolorem,

223 1589 267 1620 sic
282 1599 339 1619 nec
355 1590 497 1620 affectus.
518 1590 603 1619 Unde
617 1590 698 1620 sicut
714 1590 745 1619 in
756 1590 997 1621 ratiocinatione

223 1643 366 1680 dicimus,
383 1643 467 1682 quod
484 1646 530 1673 est
546 1645 634 1673 actus
651 1652 751 1680 nnus,
769 1646 877 1673 tamen
900 1643 993 1673 intel-

223 1696 321 1726 lectus
334 1697 489 1727 convertit
505 1706 537 1726 se
551 1706 647 1735 supra
663 1697 763 1736 plura,
782 1705 855 1736 quae
870 1697 998 1727 diversi-

223 1750 315 1780 mode
335 1750 498 1788 agnoscit;
520 1750 564 1780 sic
589 1753 619 1780 et
644 1751 776 1780 ati'ectus
805 1758 998 1788 consequens

223 1803 290 1834 siue
304 1803 411 1842 aliqua
425 1803 639 1842 repugnantia
661 1802 873 1834 diversimode
895 1802 997 1833 affici-

222 1856 274 1884 tur
291 1865 298 1884 2
317 1854 405 1884 etsie
419 1857 525 1893 patent
541 1854 675 1893 objecta.

527 1956 595 1977 DUB.
619 1956 687 1977 vm.

278 2018 431 2043 Poeniteutia
447 2020 485 2042 est
502 2017 614 2041 vindicta
631 2024 732 2048 semper
748 2018 858 2048 puniens
875 2018 943 2049 quod

406 2054 543 2085 commisit,
560 2057 585 2077 et
599 2054 646 2077 alia
660 2053 816 2085 hujusmodi.

262 2120 343 2151 Dicit
362 2121 414 2151 hic
440 2121 588 2159 Magister
602 2144 609 2158 ,
626 2120 711 2160 quod
736 2120 928 2159 intelligitur
957 2120 997 2150 de

223 2174 409 2214 poenitentia
436 2174 664 2213 perfectorunr,
693 2176 802 2204 contra
828 2183 836 2204 :
864 2172 996 2204 Videtur

223 2228 310 2258 enim
327 2227 408 2257 male
423 2226 526 2257 dicere
540 2227 748 2264 Augustinus,
765 2227 841 2266 quia
857 2226 883 2256 si
898 2225 997 2266 poeni-

223 2280 323 2311 tentia
342 2281 471 2318 sinitur,
496 2279 577 2309 niliil
601 2279 792 2319 relinquitur
815 2280 853 2310 de
878 2279 993 2310 venia:

224 2342 305 2373 ergo
319 2342 443 2373 semper
458 2333 573 2372 punire
585 2336 704 2372 spectat
720 2333 758 2363 ad
770 2342 892 2364 omnes.

265 2386 357 2427 Resp.
387 2386 560 2417 Dicendum
589 2386 675 2426 quod
698 2387 859 2425 perlectus
883 2386 997 2417 dieitur

225 2443 393 2482 dupliciter
411 2453 418 2472 ι
432 2444 487 2472 aut
501 2444 659 2481 quantum
676 2442 715 2472 ad
732 2443 883 2481 temporis
897 2442 997 2473 dura-

224 2496 342 2527 tionem
352 2505 359 2535 ;
368 2498 422 2526 aut
436 2498 593 2535 quantum
603 2495 641 2525 ad
649 2498 746 2525 status
753 2496 994 2526 sublimitatem.

226 2548 334 2581 Prima
359 2549 506 2589 perfectio
528 2551 594 2588 est,
614 2557 688 2590 quae
713 2549 867 2581 dividitur
887 2551 998 2580 contra

261 2614 266 2626 ¹
280 2613 354 2643 Aug..
369 2612 453 2642 Confi,
467 2612 510 2636 lib.
527 2611 571 2641 tv,
582 2619 604 2636 c.
622 2617 658 2642 ιν,
672 2619 700 2636 n.
712 2614 735 2637 9.

790 136 1100 169 SENTENTIARUM
1121 137 1195 168 LlB.
1220 137 1269 168 lv.

1057 204 1243 244 incipientes
1256 205 1454 244 proficientes
1462 205 1637 236 secundum
1653 207 1825 245 profectum

1056 258 1222 296 temporis;
1235 258 1295 288 alia
1310 258 1456 297 perfectio
1470 258 1610 288 consistit
1624 259 1658 289 in
1675 259 1826 298 operibus

1056 311 1357 349 supererogationis.
1381 310 1529 350 Magister
1548 313 1656 342 autem
1678 311 1828 351 intelligit

1057 363 1094 394 de
1109 364 1296 403 perfectione
1310 364 1413 403 primo
1429 364 1533 402 modo,
1550 366 1581 394 et
1598 366 1688 394 vocat
1708 364 1826 404 perfec-

1056 418 1161 447 torum
1180 417 1407 456 poenitentiam,
1423 427 1497 457 quae
1513 418 1607 448 durat
1621 427 1724 458 usque
1738 418 1777 448 ad
1792 417 1826 448 fi-

1056 479 1129 500 nem
1148 470 1242 506 vitae;
1259 473 1287 500 et
1306 471 1343 500 ‹lc
1358 471 1417 501 hac
1429 471 1504 501 dicit
1519 471 1653 510 intelligi
1670 471 1746 502 illud
1763 471 1828 502 Au-

1059 524 1192 562 gustini,
1209 524 1293 563 quod
1311 536 1325 552 «
1349 534 1474 564 semper
1494 525 1598 564 punit.
1615 532 1631 553 η’
1648 524 1826 556 Notandum

1057 579 1162 606 tamen
1180 577 1263 616 quod
1286 586 1411 617 semper
1428 578 1540 618 punire
1557 578 1649 608 debet
1671 587 1735 609 non
1750 578 1826 609 sim-

1056 630 1190 670 pliciter,
1207 630 1260 661 sed
1273 631 1415 670 quandiu
1431 631 1525 662 durat
1539 631 1632 671 culpa
1650 642 1657 660 :
1673 634 1705 662 et
1719 632 1762 663 sic
1777 641 1829 672 pa-

1056 686 1099 714 tet
1112 684 1201 714 illud.

1374 743 1442 764 nuss.
1466 743 1511 764 lx.

1057 799 1184 822 Ssslstll'ltlis
1203 806 1263 829 crgo
1283 800 1447 831 poenitentia,
1469 803 1495 824 ut
1516 801 1665 825 Ambrosius
1688 801 1714 825 in
1736 800 1827 826 eodem

1118 835 1165 865 ait,
1181 838 1218 859 est
1233 842 1289 866 quae
1308 836 1333 860 lit
1349 839 1418 860 extra
1434 836 1567 860 ecclesiam
1581 836 1607 860 in
1621 836 1764 861 manifesto.

1097 896 1153 927 llic
1174 900 1311 938 quatuor
1330 901 1404 929 sunt
1423 899 1579 930 notanda:
1601 899 1704 938 primo
1724 898 1828 939 qualis

1056 951 1109 987 sit,
1130 951 1197 981 sive
1219 961 1292 991 quse
1316 953 1356 982 sit
1378 954 1448 991 ejus
1465 954 1584 989 forma,
1605 955 1636 983 et
1659 953 1828 983 dicendum

1055 1004 1139 1043 qnod
1155 1005 1339 1044 paenitentia
1353 1006 1504 1036 solemnis
1517 1008 1564 1037 est
1578 1006 1762 1046 poenitentia
1777 1006 1828 1036 ad-

1055 1057 1132 1087 dens
1149 1067 1244 1097 super
1262 1059 1435 1098 publicam,
1457 1060 1532 1099 quia
1551 1068 1615 1090 non
1638 1061 1762 1090 tantum
1782 1062 1830 1090 est

1054 1110 1087 1140 in
1109 1111 1290 1149 manifesto,
1317 1112 1370 1142 sed
1391 1112 1465 1152 quia
1486 1113 1522 1142 fit
1538 1121 1612 1143 cum
1631 1112 1828 1143 solemnitate

1055 1164 1203 1202 quadam.
1222 1164 1257 1194 In
1279 1165 1379 1204 capite
1397 1165 1482 1196 enim
1503 1165 1754 1205 quadragesimae
1769 1165 1828 1205 eJi-

1055 1217 1136 1247 citur
1152 1218 1306 1256 poenitens
1321 1220 1410 1248 extra
1424 1218 1600 1256 ecclesiam,
1621 1227 1678 1249 nec
1692 1219 1829 1250 admitti-

1055 1272 1107 1301 tur
1122 1280 1222 1310 nsque
1237 1271 1275 1301 ad
1291 1271 1377 1301 diem
1392 1280 1507 1309 coenae;
1522 1274 1551 1301 et
1567 1274 1644 1302 tunc
1655 1272 1749 1302 etiam
1763 1281 1828 1302 nou

1054 1325 1279 1355 communicat.
1300 1324 1431 1363 Ejicitur
1453 1327 1560 1354 autem
1581 1333 1600 1355 a
1619 1333 1754 1364 persona
1768 1334 1826 1356 au-

1055 1378 1209 1415 thentica,
1232 1378 1313 1408 sicut
1332 1377 1371 1407 ab
1392 1378 1538 1418 episeopo
1554 1378 1764 1417 praesentibus
1775 1387 1827 1408 rsa-

1055 1432 1247 1470 cerdolilms,
1276 1432 1328 1471 qui
1354 1432 1511 1461 noverunt
1532 1421 1670 1470 culpam.
1701 1430 1741 1461 De
1768 1431 1828 1462 hoc

1054 1482 1108 1513 lib.
1132 1483 1270 1513 distinct.
1294 1483 1499 1520 Pcem'tentes,
1521 1484 1553 1513 et
1577 1491 1646 1522 cap.
1668 1481 1826 1522 sequenti.

1055 1536 1201 1566 Secundo
1223 1536 1359 1566 notanda
1381 1538 1429 1566 est
1448 1536 1528 1566 ratio
1554 1535 1652 1575 hujiis
1675 1534 1829 1566 solemni-

1054 1590 1125 1619 tatis
1149 1589 1280 1628 triplex:
1304 1598 1366 1619 una
1386 1589 1487 1619 estad
1507 1591 1659 1619 terrorem
1674 1588 1826 1626 aliorum;

1053 1642 1112 1672 alia
1122 1666 1129 1679 ,
1147 1644 1274 1681 propter
1289 1641 1539 1672 erubescentiam
1555 1641 1782 1681 delinquentis,
1796 1643 1830 1672 et

1055 1695 1147 1726 tertia
1162 1698 1290 1734 propter
1305 1695 1568 1733 significationem
1579 1694 1741 1734 ejectionis
1749 1694 1827 1725 Adae

1056 1748 1094 1779 de
1122 1748 1277 1788 paradiso.
1301 1747 1389 1778 Unde
1412 1748 1471 1778 hoc
1496 1748 1587 1778 debet
1612 1756 1686 1778 cum
1708 1747 1826 1778 crebris

1053 1802 1197 1842 suspiriis
1216 1801 1402 1831 denuntiare
1422 1801 1601 1840 episcopus,
1622 1802 1654 1832 et
1674 1801 1718 1830 ita
1737 1800 1826 1840 6]ἰοί-

1053 1858 1117 1894 tur,
1135 1855 1216 1885 sicut
1229 1854 1331 1885 Adam
1356 1856 1472 1892 ejectus
1486 1854 1546 1884 suit
1560 1854 1598 1884 de
1619 1853 1781 1893 paradiso3
1795 1855 1826 1884 et

1053 1909 1123 1939 idco
1138 1918 1202 1939 non
1217 1910 1263 1938 est
1275 1907 1433 1945 iterandd;
1450 1909 1479 1937 et
1495 1907 1532 1937 de
1547 1907 1607 1938 hoc
1620 1906 1756 1938 habetur
1769 1905 1823 1937 lih.

1053 1961 1188 1992 distinct.
1205 1961 1408 1992 Poenilenlcs.
1427 1963 1457 1990 et
1471 1969 1538 2000 cap.
1556 1960 1710 2000 sequenti,
1726 1962 1757 1991 et
1770 1969 1824 1990 ea-

1052 2015 1124 2046 dem
1139 2014 1277 2045 distinct.
1296 2024 1364 2052 οη..
1378 2014 1419 2044 Sz·
1434 2014 1507 2053 quis
1514 2016 1585 2054 post
1594 2013 1823 2051 remissionem,

1053 2069 1070 2108 ἓ
1089 2068 1193 2100 Potest
1207 2070 1236 2098 et
1249 2067 1354 2098 aliter.
1367 2066 1472 2096 'sertio
1486 2066 1660 2097 notandum
1671 2068 1728 2104 est,
1740 2066 1825 2106 quod

1053 2122 1122 2153 haec
1138 2121 1325 2161 poenitentia
1338 2130 1402 2149 non
1414 2120 1590 2159 imponitur
1598 2120 1659 2150 nisi
1668 2129 1726 2160 pro
1733 2120 1826 2159 gravi

1052 2177 1082 2206 et
1093 2174 1218 2205 enormi
1232 2173 1281 2203 cul
1285 2183 1335 2212 pai,
1356 2173 1494 2203 maxime
1508 2182 1566 2212 pro
1581 2173 1673 2213 culpa
1690 2181 1763 2213 quae
1778 2174 1826 2203 to-

1052 2231 1117 2258 tam
1132 2228 1245 2257 urbem
1264 2226 1452 2263 commovit,
1468 2226 1549 2256 sicut
1562 2225 1681 2256 ibidem
1695 2225 1823 2264 dicitur;

1052 2289 1111 2312 nec
1123 2280 1315 2320 imponenda
1331 2282 1377 2309 est
1397 2279 1613 2310 sacerdotibus
1633 2281 1761 2319 propter
1775 2287 1825 2310 re-

1052 2334 1229 2365 verentiam
1245 2332 1385 2370 ordinis-3
1402 2335 1432 2362 et
1448 2334 1549 2371 potest
1561 2332 1691 2372 quidem
1704 2331 1824 2371 imponi

1053 2387 1178 2427 publiea
1201 2385 1385 2426 paenitentia
1414 2394 1470 2424 pro
1498 2388 1625 2424 peccato
1648 2385 1822 2416 manifesto.

1053 2440 1171 2478 Quarto
1182 2440 1358 2471 notandum
1371 2438 1455 2478 quod
1471 2438 1628 2477 poenitens
1640 2447 1705 2469 non
1718 2445 1824 2468 recon-

1052 2495 1176 2527 ciliatur
1190 2494 1372 2526 solemniter
1390 2493 1451 2522 nisi
1467 2493 1507 2523 ab
1523 2493 1684 2533 episcopo,
1705 2490 1756 2522 vel
1769 2499 1823 2521 sa-

1051 2549 1176 2581 cerdote
1196 2549 1235 2580 de
1257 2547 1406 2579 mandato
1424 2546 1582 2587 episcopi,
1598 2544 1773 2586 praesertim
1790 2543 1822 2574 in

1052 2602 1187 2634 articulo
1200 2600 1401 2634 necessitatis.
1420 2598 1625 2630 Reconciliari
1643 2600 1751 2630 autem
1765 2606 1823 2637 po·
