2017 2948
847 152 1035 185 DISTINCT.
1059 152 1112 183 111.

185 223 349 262 imponere
378 222 418 252 ad
446 222 585 252 dandum
617 221 771 260 Spiritum
806 222 952 251 sanctum

184 277 361 307 visibiliter.
379 276 466 307 Unde
481 276 587 306 Glossa
602 285 698 315 snper
711 275 790 305 illud
804 276 812 292 ¹
831 286 837 306 z
855 275 890 306 M
891 276 951 307 ise-

185 333 261 362 runt
282 330 327 361 acl
349 330 420 361 illos
440 330 570 361 Petrum
591 331 619 360 ec
637 329 812 360 Jocznnem:
839 340 853 357 (1
878 328 952 358 Phi—

184 384 299 423 lippus,
316 383 370 423 qui
383 383 534 414 Samariae
549 382 797 421 evangelizabat,
815 391 899 412 unus
915 382 953 412 de

184 439 303 476 septem
318 438 395 466 erat.
413 435 445 466 Si
461 435 544 465 enim
556 435 715 474 apostolus
731 436 822 471 esset,
837 443 952 465 manus

184 489 346 528 imponere
361 490 480 528 posset,
497 488 582 527 quod
601 487 675 518 solis
699 487 853 526 episcopis
875 496 951 517 000-

184 541 281 572 venit.
298 552 312 569 2>
334 541 371 571 Et
389 541 432 571 ita
455 542 539 580 patet
556 541 641 580 quod
656 541 725 571 haec
739 541 861 580 opinio,
879 549 953 580 qnae

185 594 258 624 dicit
273 594 357 633 quod
371 603 436 625 non
451 596 541 625 erant
552 596 591 632 (a)
601 603 711 625 omnes
726 593 951 633 rebaptizandi,

185 656 248 677 non
261 647 354 678 habet
367 647 589 678 fulcimentum
602 657 642 677 ex
657 647 828 687 Scriptura,
840 656 898 676 nec
912 655 951 676 ex

185 700 373 730 auctoritate
385 700 543 738 evidenti,
561 709 619 731 nec
636 700 731 730 etiam
744 700 840 730 habet
856 699 952 730 ratio-

186 762 260 783 nem
285 755 464 791 cogentem.
491 753 561 783 Alia
584 762 660 784 vero
682 753 788 792 opinio
814 753 953 783 auctori-

185 807 281 836 tatem
304 805 409 843 habet,
432 805 548 836 scilicet
570 807 655 845 quod
678 815 788 837 omnes
804 809 879 837 sunt
902 816 952 837 re-

185 859 372 898 baptizandi,
400 860 481 890 sicut
493 862 577 900 patet
593 861 627 891 in
642 861 773 893 Actibus
785 862 804 890 ².
830 861 866 891 Et
889 869 953 891 non

185 914 229 942 est
259 912 359 950 ratio,
391 913 466 952 quia
493 913 648 944 defectum
676 913 828 944 haberent
856 913 928 943 fidei
944 922 952 943 ε

184 968 478 1006 quantumcumque
499 966 585 996 enim
602 966 715 1006 aliquis
730 968 777 997 est
798 966 952 1004 infidelis,

184 1027 249 1049 non
259 1021 307 1049 est
315 1019 569 1058 rebaptizandus,
586 1019 638 1050 sed
650 1019 842 1050 erudiendus
854 1028 861 1050 :
873 1028 954 1058 ergo

185 1072 254 1102 haec
268 1074 334 1103 erat
355 1072 455 1109 ratio,
478 1072 593 1103 scilicet
609 1072 683 1112 qnia
702 1072 755 1102 ille
778 1072 954 1112 baptismus

1719 151 1778 182 295

1008 229 1073 250 non
1093 219 1335 259 computabatur
1359 227 1414 258 pro
1436 221 1641 249 sacramento.
1664 218 1702 249 Et
1720 217 1776 248 ha-

1008 273 1059 303 bet
1070 272 1288 303 auctoritatem
1303 282 1320 302 a
1332 272 1446 302 sanctis
1457 282 1464 309 ;
1479 272 1680 310 Augustinus
1692 272 1778 302 enim

1007 326 1096 363 dicit,
1112 333 1206 365 super
1224 325 1409 356 Jocmnenz³.-
1433 336 1447 353 (ι
1462 324 1520 362 Qui
1536 325 1681 364 baptizati
1703 326 1778 355 sunt

1008 379 1194 418 baptismate
1213 378 1340 409 ι1011111115
1352 402 1361 416 ,
1378 387 1443 408 000
1458 378 1503 407 eis
1519 378 1658 408 suffecit:
1676 378 1776 417 bapti-

1008 433 1068 462 zati
1084 432 1169 462 enim
1183 433 1259 462 sunt
1273 431 1459 470 baptismate
1482 430 1606 461 Christi.
1625 430 1702 461 Item
1718 431 1778 461 Be-

1008 485 1087 515 da‘:
1116 497 1130 513 «
1150 485 1197 515 Ad
1221 485 1281 515 hoc
1305 484 1441 516 Joannes
1467 484 1654 523 baptizabat,
1681 487 1716 514 ut
1740 484 1778 514 ad

1008 538 1201 578 baptismum
1222 537 1334 568 Christi
1354 537 1515 576 dirigeret.
1537 547 1550 564 i)
1570 536 1619 567 Ad
1634 536 1693 566 hoe
1708 536 1779 566 facit

1008 592 1115 622 Glossa
1126 601 1219 631 super
1232 592 1308 622 illud
1321 601 1327 621 :
1342 591 1422 623 Erat
1435 591 1572 622 Joannes
1587 590 1775 629 baptizans:

1013 646 1188 682 «Quantum
1196 645 1441 682 catechumenis,
1451 656 1464 672 n
1478 647 1548 681 etc.5
1561 648 1591 673 et
1603 644 1672 674 haec
1683 643 1717 683 (b)
1729 652 1780 673 su-

1009 699 1201 738 praffiabita
1212 701 1268 729 est.
1292 699 1453 729 Rationem
1467 699 1560 728 etiam
1574 697 1668 727 habet
1685 706 1780 736 prop-

1009 754 1057 782 ter
1078 753 1308 789 characterem,
1335 752 1389 792 qui
1411 751 1626 792 imprimitur;
1656 753 1686 781 et
1706 750 1781 790 quia

1010 805 1304 845 baptisniusChristi
1311 808 1376 835 erat
1381 806 1483 844 janua
1491 806 1762 835 sacramentorum
1771 814 1778 841 ;

1010 861 1040 888 et
1054 860 1212 898 postremo
1226 858 1302 897 quia
1313 858 1556 888 assuefactorius
1569 859 1646 895 erat,
1664 858 1782 887 frustra

1010 914 1087 949 erat,
1105 912 1179 951 quia
1194 921 1277 941 vana
1292 912 1338 941 est
1352 911 1547 948 assuefactio,
1562 911 1617 940 ubi
1632 919 1696 940 non
1710 918 1782 940 con-

1010 965 1156 1004 sequitur
1176 964 1253 995 illud
1274 964 1314 994 ad
1335 964 1420 1003 quod
1442 966 1499 994 est.
1517 963 1598 994 Huic
1620 972 1697 1002 ergo
1712 962 1780 1002 opi-

1010 1018 1116 1055 nioni,
1139 1020 1291 1057 tanquam
1315 1016 1468 1048 securiori
1491 1019 1522 1047 et
1540 1016 1683 1053 rectiori,
1706 1024 1781 1046 con-

1010 1071 1212 1102 sentiendum
1228 1071 1332 1101 credo.

690 1205 1138 1252 DISTINCTIO
1191 1207 1276 1251 ΙΙΙ

768 1329 805 1350 DE
829 1329 976 1351 BAPTISMO
997 1329 1028 1351 IN
1052 1329 1195 1351 SPECIALI·

906 1430 1015 1466 PARS
1039 1430 1062 1465 I.

526 1523 564 1545 DE
581 1524 728 1546 BAPTISMO
746 1524 889 1551 QUANTUM
909 1524 947 1545 AD
966 1524 1054 1545 IPSUM
1075 1523 1296 1546 SACRAMENTUM
1317 1523 1372 1544 PER
1387 1523 1431 1544 SE.

232 1595 307 1628 Post
321 1595 388 1628 haec
401 1595 580 1628 videndum
595 1600 641 1628 est
655 1595 735 1639 quid
749 1596 790 1627 sit
804 1596 1002 1639 baptismus,
1023 1600 1053 1627 et
1069 1606 1140 1639 ‹111ae
1156 1595 1196 1627 sit
1211 1595 1315 1628 forma
1328 1621 1336 1637 ‚
1353 1599 1385 1627 et
1399 1595 1532 1639 quando
1546 1594 1728 1634 institutus,
1745 1597 1777 1626 et

186 1663 282 1685 causa
296 1652 520 1685 institutionis.
537 1653 722 1697 Baptismus
733 1653 852 1685 dicitur
866 1653 1027 1694 intinctio,
1044 1653 1077 1685 id
1093 1657 1151 1694 est,
1168 1653 1292 1685 ablutio
1307 1653 1450 1696 corporis
1465 1652 1605 1685 exterior
1620 1652 1702 1684 facta
1716 1651 1777 1684 sub

187 1709 292 1742 forma
305 1710 480 1743 verborum
496 1711 689 1755 praescripta.
707 1710 742 1744 Si
762 1711 849 1743 enim
864 1711 990 1743 ablutio
1005 1711 1061 1743 fiat
1075 1711 1143 1743 sine
1162 1710 1283 1751 verbo,
1301 1722 1367 1742 non
1382 1715 1429 1742 est
1448 1710 1493 1742 ibi
1508 1713 1747 1743 sacramentum
1766 1723 1773 1742 ε
1798 1736 1820 1753 μ,

186 1767 241 1800 sed
255 1768 423 1801 accedente
439 1769 538 1802 verbo
553 1769 592 1801 ad
614 1769 811 1801 elementum
825 1795 832 1809 ,
851 1770 887 1801 iit
901 1773 1140 1801 sacramentum
1159 1781 1165 1800 :
1184 1779 1249 1800 non
1265 1768 1380 1812 utique
1396 1768 1503 1812 ipsum
1525 1768 1723 1800 elementum
1739 1768 1776 1799 fit

186 1830 445 1867 sacramentum,
467 1827 522 1859 sed
542 1827 667 1859 ablutio
689 1827 771 1859 facta
790 1827 825 1859 10
849 1827 1018 1859 elemento.
1048 1826 1142 1859 Unde
1163 1826 1390 1869 Α11ιζς1151101156
1409 1838 1416 1858 :
1446 1839 1462 1857 «
1485 1826 1591 1860 Verbo
1616 1825 1776 1869 baptisma

186 1888 391 1916 consecratur
409 1884 465 1927 (cl).
484 1884 621 1916 Detrahe
642 1885 791 1925 verbum,
809 1889 839 1917 et
862 1885 941 1928 quid
965 1889 1011 1916 est
1035 1896 1121 1928 aqua
1144 1884 1205 1916 nisi
1225 1887 1334 1928 aqna?
1356 1884 1477 1917 accedit
1496 1884 1635 1916 verbum
1657 1884 1697 1917 ad
1712 1884 1777 1916 ele-

187 1945 352 1983 mentum,
368 1946 399 1974 et
414 1942 450 1973 fit
465 1946 715 1974 sacramentum.
736 1942 826 1975 Unde
842 1946 888 1974 cst
903 1942 971 1975 haec
986 1945 1073 1974 tanta
1089 1942 1193 1974 virtus
1213 1953 1308 1986 aquae
1319 1967 1327 1983 ‚
1346 1946 1381 1974 ut
1399 1952 1516 1986 corpus
1530 1945 1657 1985 tangat,
1674 1945 1705 1974 et
1722 1952 1776 1974 cor

185 1999 309 2040 abluat,
327 1999 389 2031 nisi
409 1999 545 2031 faciente
568 1999 686 2040 verbo,
705 2011 771 2032 non
791 2000 868 2043 quia
886 2000 1024 2041 dicitur,
1041 2000 1095 2032 sed
1110 2000 1188 2043 quia
1202 2000 1369 2032 creditur?
1386 2010 1461 2031 nam
1481 2003 1512 2031 et
1529 1999 1563 2031 in
1582 1999 1652 2043 ipso
1675 1999 1775 2032 verbo

185 2055 275 2088 aliud
289 2060 336 2089 est
350 2068 450 2089 sonus
465 2057 635 2098 transiens,
652 2057 742 2089 aliud
758 2062 804 2090 est
815 2057 919 2090 virtus
930 2057 1018 2089 intus
1033 2069 1179 2089 manens.
1197 2070 1212 2088 11
1232 2057 1268 2089 111
1281 2057 1408 2090 duobus
1421 2068 1498 2100 ergo
1513 2057 1658 2090 consistit
1671 2067 1775 2090 sacra-

186 2118 334 2146 mentum
348 2114 521 2158 baptismi,
538 2115 657 2147 scilicet
678 2115 711 2147 in
731 2115 829 2148 verbo
845 2118 876 2147 et
893 2115 1065 2148 elemento.
1084 2115 1169 2158 Ergo
1188 2115 1247 2147 etsi
1262 2115 1326 2147 alia
1340 2115 1464 2156 desint,
1485 2126 1557 2159 qnae
1571 2115 1611 2147 ad
1626 2115 1774 2148 decorem

185 2173 375 2205 sacramenti
390 2172 539 2206 instituta
552 2177 640 2214 sunt,
655 2184 720 2206 000
735 2173 807 2206 11100
818 2173 928 2206 minus
938 2177 984 2205 est
994 2184 1109 2205 verum
1124 2176 1363 2206 sacramentum
1374 2177 1404 2204 et
1419 2177 1579 2214 sanctum,
1593 2172 1620 2204 si
1635 2172 1774 2205 verbum

183 2229 225 2261 sit
239 2229 285 2261 ibi
300 2234 330 2262 et
349 2230 558 2264 elementum.
583 2231 665 2264 Nam
689 2235 721 2263 et
744 2231 778 2263 in
800 2231 860 2264 hoc
881 2235 1093 2273 sacramento,
1117 2235 1148 2263 et
1172 2231 1206 2263 in
1229 2231 1323 2273 aliis,
1341 2230 1488 2275 quaedam
1509 2230 1613 2263 solent
1637 2230 1710 2263 fieri
1733 2229 1774 2262 ad

185 2287 332 2320 decorem
347 2292 378 2320 et
392 2288 591 2322 honestatem
606 2289 818 2329 sacramenti,
835 2289 984 2333 quaedam
999 2289 1039 2321 ad
1053 2288 1267 2321 substantiam
1282 2292 1314 2321 et
1325 2300 1456 2321 causam
1470 2288 1661 2321 sacramenti
1677 2288 1774 2332 perti-

186 2345 308 2377 nentia.
327 2345 372 2378 De
386 2345 567 2378 substantia
581 2346 680 2390 hujus
694 2347 886 2379 sacramenti
906 2350 984 2380 sunt
1004 2347 1141 2380 verbum
1157 2351 1187 2379 et
1201 2347 1399 2379 elementum
1413 2359 1420 2388 ;
1437 2350 1552 2379 caetera
1565 2346 1606 2379 ad
1620 2345 1774 2378 solemni-

187 2407 283 2436 tatem
299 2403 369 2446 ejus
382 2403 556 2447 pertinent.

220 2489 225 2502 ¹
240 2489 307 2518 Act-2
318 2494 376 2517 vui,
394 2489 429 2512 ti.
444 2501 474 2505 —
489 2488 498 2503 ²
509 2489 574 2518 Act,
590 2494 645 2518 xlx,
661 2490 683 2512 5.
694 2502 724 2506 —
738 2490 747 2504 ³
762 2492 836 2521 Aug„
853 2491 877 2514 in
891 2491 972 2521 domi„
987 2492 1059 2514 tract.
1075 2496 1101 2521 x,
1117 2498 1142 2514 n.
1160 2492 1196 2514 16.
1208 2504 1238 2508 -
1252 2491 1259 2505 ⁴
1274 2490 1344 2520 nea„
1357 2497 1431 2521 snper
1444 2490 1530 2517 Alam,
1545 2495 1567 2512 c.
1584 2495 1600 2512 1.
1613 2500 1642 2506 —-
1657 2488 1667 2504 ⁶
1679 2488 1773 2516 Quaest.

186 2524 306 2553 praeced,
322 2525 380 2547 ante
396 2523 594 2547 conclusionem.
609 2537 639 2541 —
653 2525 662 2538 ⁶
678 2525 753 2555 Aug.v
769 2526 794 2548 iu
808 2527 876 2549 doun.
891 2526 998 2556 Erana„
1013 2527 1082 2550 tract.
1102 2532 1179 2556 Lxxx,
1192 2533 1218 2549 0.
1236 2528 1259 2549 3.

216 2568 252 2598 (α)
268 2567 399 2591 Ειίίιψὶτιι.
413 2570 532 2592 erunt.—
548 2568 583 2598 (b)
600 2568 659 2593 Caet.
674 2568 735 2593 edit.
751 2576 827 2601 super
839 2571 900 2595 illud
914 2571 1020 2595 loannis
1032 2571 1114 2602 primo
1130 2578 1136 2594 ε
1150 2572 1278 2600 Quantum
1293 2570 1481 2595 catechumenis
1496 2577 1501 2593 ε
1518 2571 1543 2594 et.
1557 2569 1652 2592 hoee.—-
1665 2567 1695 2599 (c)
1708 2567 1767 2591 Coet.

184 2601 248 2626 edil.
261 2602 318 2626 add.
334 2603 490 2628 institutione
507 2604 532 2627 et
546 2609 621 2627 causa
635 2603 807 2630 institutionis.
819 2618 848 2623 -
865 2606 899 2637 (d)
917 2606 984 2631 Edit.
999 2606 1089 2631 Bened.
1104 2606 1130 2630 in
1146 2613 1213 2638 aqua
1227 2607 1334 2631 verbum
1348 2606 1461 2630 mundat.

1807 1608 1836 1629 De
1850 1608 1901 1634 bap-

1797 1639 1853 1659 tismi
1873 1639 1904 1659 di<

1797 1670 1900 1690 [linitione

1797 1703 1817 1720 vt
1836 1700 1902 1721 soi-ma
