2017 2948
199 133 258 162 216

199 207 264 228 non
279 197 349 228 licet
361 220 368 234 ,
388 196 462 236 quia
476 195 520 226 sic
534 194 725 232 crederetur,
749 193 834 234 quod
849 193 967 233 aliquid

198 250 342 280 divinum
365 251 446 280 esset
465 249 498 278 in
516 257 570 286 ea,
595 248 716 278 ratione
739 248 832 286 cujus
855 247 970 276 veritas

198 303 257 333 dici
278 302 376 342 possit
397 311 452 342 per
467 301 650 341 hujusmodi
663 301 878 331 testimonium
894 308 970 330 con—

199 355 330 386 firmari.
355 354 499 386 Secundo
521 363 596 385 vero
621 354 733 391 inodo,
758 354 790 383 in
813 355 970 393 quantum

198 408 231 438 in
245 417 283 438 ea
299 407 416 438 relucet
430 407 606 446 vestigium
621 407 738 436 ‹livinae
754 405 895 436 veritatis
907 429 914 443 ‚
931 405 970 435 li-

198 461 296 491 citum
318 462 364 491 est
379 462 489 500 ,iurare
512 470 567 500 per
585 461 774 489 creaturam.
801 458 866 489 Hoc
884 459 968 489 enirn

198 514 278 544 nihil
291 514 376 545 aliud
392 516 455 551 est,
472 523 567 553 quam
580 513 689 552 jurare
707 521 761 552 per
778 521 852 542 eum
867 512 921 551 qui
937 512 968 541 in

199 568 342 597 creatura
354 566 471 597 relucet
486 575 492 596 :
510 568 540 595 et
551 568 626 596 tune
638 574 703 595 non
718 567 888 595 veneratur
899 565 970 604 quis

198 623 374 651 creaturam
387 644 396 658 ,
419 619 471 650 sed
492 619 680 650 Creatorem.
707 617 794 649 Unde
811 619 891 649 sicut
911 619 969 648 ho-

197 682 266 710 nor,
285 673 339 712 qui
354 673 522 703 exhibetur
536 672 682 711 imagini,
698 672 834 702 refertur
845 671 883 701 ad
898 680 968 711 pro-

196 729 342 766 totypum
354 750 361 763 ‚
378 726 409 756 id
424 730 469 756 est
483 726 521 756 ad
539 726 702 765 exemplar
718 726 873 765 primum,
891 726 970 755 sicut

197 780 270 809 dicit
285 780 514 810 Damascenus'
529 791 535 817 ;
554 779 596 809 ita
608 780 667 809 hoc
679 779 763 818 quod
776 779 867 809 modo
878 780 968 818 jura-

196 833 240 863 tio
256 833 335 863 facta
351 842 405 872 per
421 835 611 870 creaturam,
628 834 762 863 refertur
776 833 814 862 ad
829 833 969 872 ipsarum

197 889 414 917 creaturarum
429 889 601 917 auctorem.
623 886 657 916 Et
672 887 730 916 hoo
746 889 791 916 est
802 910 810 923 ,
829 886 910 925 quod
926 886 969 916 di-

197 941 288 977 eitur,
313 949 401 974 xxu,
428 943 540 979 quaest.
568 943 600 970 1¹
618 951 624 970 2
653 951 667 967 «
691 939 863 969 Sciendum
886 940 968 978 quod

198 994 296 1024 saneti
307 1002 369 1023 non
380 996 445 1023 tam
457 1003 511 1033 per
522 996 693 1031 creaturas,
709 1003 804 1031 quain
820 1002 874 1032 per
886 1002 970 1022 crea-

199 1049 345 1077 turarum
360 1049 521 1077 auctorem
532 1047 703 1086 jurabant3
724 1055 779 1075 nee
794 1046 825 1075 in
843 1049 968 1076 creatu-

198 1100 242 1130 ris
255 1100 355 1136 aliud,
373 1109 470 1139 quam
485 1100 626 1139 ipsarum
643 1100 819 1129 Creatorem
836 1108 969 1129 venera-

198 1154 324 1192 bantur,
351 1155 432 1184 sicut
455 1154 567 1193 ‚loseph
583 1178 589 1190 ‚
615 1154 669 1193 qui
694 1163 748 1193 per
772 1153 969 1183 Pharaonem

195 1207 351 1246 jurando,
376 1207 437 1237 hoe
460 1207 491 1236 in
511 1216 548 1237 eo
567 1208 790 1243 venerabatur,
812 1207 896 1246 quod
917 1207 969 1237 Dei

194 1260 315 1299 judicio
330 1261 451 1300 positus
463 1263 529 1290 erat
544 1260 575 1289 in
592 1260 720 1290 intimis,
736 1272 750 1287 »
767 1260 805 1290 Et
819 1260 968 1299 quoniam

199 1313 230 1342 in
244 1313 330 1343 omni
343 1315 487 1343 ereatura
502 1313 559 1343 isto
574 1313 666 1343 modo
680 1313 797 1343 relucet
811 1313 901 1350 Deus,
916 1323 971 1353 per

198 1368 377 1396 creaturam
389 1375 517 1396 omnem
528 1366 609 1396 licite
620 1368 720 1406 potest
728 1367 796 1396 fieri
806 1367 865 1396 hoe
878 1367 970 1397 niodo

194 1420 429 1458 Jurauientum.
446 1419 525 1456 Quia
535 1428 611 1450 vero
624 1419 839 1459 principaliter
854 1419 970 1450 relucet

198 1472 231 1502 in
246 1473 380 1511 sanctis,
399 1476 430 1503 et
443 1473 583 1503 maxime
604 1473 634 1503 iu
656 1474 760 1505 verbis
778 1474 971 1513 evangelicae

198 1525 278 1564 legis
289 1549 299 1563 ,
321 1535 377 1566 per
397 1535 470 1565 quae
485 1526 592 1557 diviua
607 1526 698 1557 nobis
714 1527 830 1558 veritas
845 1527 968 1564 illuxit;

200 1581 273 1610 hinc
288 1580 431 1619 estquod
453 1588 508 1619 per
531 1582 675 1618 sanctos,
701 1583 731 1610 et
755 1581 894 1610 maxime
918 1590 972 1620 per

200 1633 374 1672 Evangelia
388 1633 551 1663 consuevit
567 1634 758 1672 frequentari
774 1635 875 1664 forma
887 1636 973 1673 J'ura—

199 1687 313 1723 tionis,
339 1695 402 1726 qua
416 1687 453 1725 (a)
479 1686 606 1725 quidem
617 1688 745 1725 juratur
767 1697 824 1726 per
845 1691 970 1718 creatu-

199 1748 280 1769 ram.
299 1739 538 1770 Conoedendum
549 1742 595 1769 est
606 1739 718 1778 igitur,
731 1741 811 1779 quod
825 1750 880 1780 per
890 1751 973 1772 crea—

200 1795 306 1822 turam
320 1791 440 1822 licitum
457 1794 503 1822 est
513 1793 623 1831 jurare
635 1817 642 1830 ⁷
666 1793 732 1823 sive
747 1793 949 1833 imprecando
961 1819 970 1833 ,

201 1845 267 1875 sive
290 1845 467 1876 Creatorem
492 1847 562 1885 eJus
584 1846 616 1875 in
638 1847 856 1877 testimonium
880 1848 970 1877 invo-

201 1898 310 1929 cando.
329 1898 365 1928 Et
375 1898 419 1928 sie
429 1899 603 1938 procedunt
612 1900 749 1931 rationes
760 1901 796 1931 ad
812 1901 891 1931 hanc
904 1911 972 1940 par-

200 1953 264 1981 tem
278 1952 426 1982 induetae.

243 2007 271 2034 1.
287 2004 335 2034 Ad
346 2004 423 2034 illud
436 2005 519 2044 quod
534 2006 637 2045 primo
651 2007 799 2046 objicitur
810 2008 841 2037 iu
853 2011 974 2038 contra-

202 2057 286 2087 rium
300 2080 307 2093 ‚
331 2057 415 2096 quod
429 2057 582 2088 Dominus
597 2059 741 2098 prohibet.
752 2061 973 2099 juramentum

203 2118 258 2149 per
273 2112 432 2140 creaturas
443 2133 452 2147 ,
469 2112 499 2140 et
515 2110 623 2140 Glossa
637 2111 711 2141 dicit
726 2112 803 2143 illud
812 2114 975 2151 juramen-

203 2164 271 2192 tum
283 2170 350 2191 esse
361 2161 624 2201 superstitiosum,
639 2163 809 2194 dicendum
821 2165 903 2204 quod
914 2165 973 2195 hoc

203 2212 394 2252 intelligitur
415 2214 588 2245 seeundum
612 2215 695 2254 quod
720 2216 796 2255 ipsae
822 2219 973 2248 creaturae

204 2268 377 2299 secundum
396 2277 429 2298 se
451 2269 655 2300 consideratae
676 2271 709 2300 in
730 2272 871 2302 veritatis
887 2274 971 2303 testi-

204 2322 348 2352 monium
363 2321 560 2360 invocantur,
577 2325 607 2353 et
621 2323 679 2354 hoc
694 2324 788 2355 modo
803 2327 849 2355 est
863 2326 905 2355 ibi
920 2335 974 2356 su·-

204 2375 362 2415 perstitio,
388 2376 462 2415 quia
476 2376 521 2406 eis
535 2377 712 2407 reverentia
736 2378 819 2408 ultra
833 2378 973 2409 debitum

205 2427 384 2458 exhibetur.
407 2427 445 2459 Et
465 2430 621 2468 quantum
636 2430 674 2460 ad
690 2429 749 2460 hoc
768 2430 901 2470 intelligi
916 2432 972 2462 ha—

205 2481 257 2511 bet
273 2481 380 2513 Glossa
394 2483 424 2513 et
438 2484 554 2514 textus.

239 2561 246 2576 ¹
263 2561 389 2591 Damaso„
401 2561 430 2585 de
441 2562 491 2586 Fde
502 2562 610 2593 orthod„
623 2562 665 2586 lib.
681 2563 722 2593 tv,
739 2570 760 2585 ο,
775 2564 891 2587 ,ηιμ-’Ξ
901 2564 972 2595 Cor-p.

201 2596 249 2625 jur
273 2602 336 2624 ram,
353 2603 408 2626 cap.
423 2598 510 2621 Movet.

739 126 1046 158 SENTENTIARUM
1067 127 1141 158 LlB.
1165 127 1217 158 111.

1065 197 1094 225 ⁶2.
1119 194 1167 224 Ad
1189 194 1266 225 illud
1282 195 1366 234 quod
1385 195 1534 234 objicitur
1554 196 1593 226 de
1612 197 1795 228 auctoritate

1027 247 1072 278 Pii
1097 247 1210 287 Papae,
1234 249 1400 279 dicendum
1422 248 1507 288 quod
1530 258 1632 280 canon
1654 249 1795 290 loquitur

1025 303 1133 330 contra
1148 300 1236 339 illos,
1253 301 1307 341 qui
1322 301 1490 331 credebant
1506 301 1605 332 Deum
1619 302 1795 333 seeundum

1025 353 1223 384 divinitatem
1237 354 1353 385 habere
1366 357 1459 394 eaput
1475 357 1505 385 et
1521 355 1659 394 capillos,
1675 358 1704 386 et
1718 355 1795 387 tales

1025 409 1115 436 erant
1130 407 1304 448 blasphemi
1317 420 1324 445 ;
1341 411 1395 438 aut
1409 411 1491 439 certe
1507 412 1614 439 contra
1630 409 1701 439 illos
1713 433 1720 447 ‚
1738 410 1792 448 qui

1027 459 1235 490 irreverenter
1257 461 1423 492 nominant
1445 462 1586 492 membra
1607 461 1742 500 Christi,
1765 465 1795 493 et

1025 513 1163 552 quodam
1178 514 1335 554 exquisito
1348 515 1440 545 modo
1451 516 1580 554 jurandi
1593 515 1739 546 dividunt
1752 516 1796 555 ip-

1025 575 1096 596 sum
1112 568 1202 606 quasi
1218 568 1430 606 membratim,
1447 569 1502 607 qui
1518 568 1608 599 valde
1624 569 1792 600 rationabi-

1025 620 1094 650 liter
1108 623 1181 650 sunt
1196 621 1363 659 arguendi.

1066 677 1094 705 3.
1112 675 1158 706 Ad
1177 676 1254 705 illud
1268 676 1353 715 quod
1368 676 1527 715 obiicitur,
1545 677 1627 716 quorl
1644 677 1699 717 qui
1709 679 1797 717 jurat

1025 737 1081 767 per
1096 728 1234 768 aliquid,
1260 729 1384 759 invocat
1401 730 1502 767 ipsum
1525 730 1559 759 in
1581 730 1795 762 testimonium

1025 782 1183 817 veritatis,
1207 782 1374 812 dicendum
1389 783 1474 821 quod
1490 782 1566 812 illud
1588 792 1652 813 non
1673 792 1797 823 semper

1025 837 1071 864 est
1086 844 1198 864 verum
1210 858 1219 872 ,
1241 835 1304 865 imo
1322 835 1491 875 aliquando
1506 835 1630 866 invocat
1644 836 1749 875 ipsum
1765 836 1796 867 iu

1025 889 1242 919 testimonium
1252 913 1259 926 ‚
1277 889 1446 929 aliquando
1460 890 1566 929 ipsum
1580 898 1645 920 non
1659 890 1794 928 invocat,

1025 943 1078 972 sed
1095 943 1170 972 illud
1187 943 1222 972 ad
1240 943 1324 982 quod
1340 943 1444 982 ipsum
1463 943 1608 981 refertur,
1636 943 1686 973 vel
1700 943 1796 974 etiam

1025 996 1165 1034 obligat,
1189 999 1218 1026 et
1240 996 1302 1026 Deo
1323 996 1524 1035 oppignorat.
1552 996 1598 1027 Ex
1622 997 1670 1026 his
1695 997 1796 1027 modis

1025 1049 1197 1088 praemissis
1221 1049 1343 1079 licitum
1367 1052 1411 1079 est
1433 1052 1463 1079 et
1486 1059 1669 1080 concessum
1685 1051 1796 1089 Jurare

1025 1112 1080 1142 per
1094 1102 1307 1132 irrationalem
1323 1104 1511 1132 ereaturam.

1065 1157 1094 1186 4.
1114 1154 1161 1186 Ad
1176 1155 1251 1185 illud
1268 1156 1352 1194 quod
1367 1155 1525 1195 objicitur,
1543 1156 1626 1195 quod
1642 1156 1697 1195 qui
1709 1157 1797 1195 jurat

1026 1218 1080 1248 per
1102 1208 1240 1246 idolum,
1266 1211 1435 1239 veneratur
1459 1209 1582 1248 ipsum,
1605 1209 1794 1247 dicendum,

1026 1262 1109 1301 quod
1124 1262 1183 1292 hoc
1198 1264 1254 1297 est,
1273 1263 1348 1302 quia
1361 1262 1410 1292 ille
1426 1263 1480 1301 qui
1492 1263 1581 1301 jurat
1595 1271 1650 1301 per
1665 1262 1796 1299 idolum,

1027 1315 1152 1345 invocat
1162 1315 1238 1345 illud
1250 1315 1282 1345 111
1293 1315 1508 1346 testimonium
1520 1318 1672 1355 tanquam
1686 1315 1796 1353 Deum;

1026 1370 1056 1398 et
1081 1370 1246 1408 propterea
1270 1370 1316 1398 est
1340 1368 1382 1398 ibi
1411 1368 1595 1398 idololatriae
1624 1370 1797 1407 peceatum.

1028 1419 1095 1450 Non
1105 1420 1148 1450 sic
1160 1422 1267 1450 autem
1278 1422 1324 1451 est
1335 1421 1461 1460 quando
1469 1422 1556 1460 ‘jurat
1567 1430 1621 1461 per
1632 1421 1708 1451 alias
1717 1430 1799 1452 erea-

1028 1476 1125 1509 turas,
1144 1474 1218 1512 quia
1229 1475 1448 1513 Juramentum
1462 1474 1537 1504 illud
1551 1475 1686 1505 refertur
1698 1477 1800 1505 totum

1027 1526 1065 1556 nd
1082 1527 1245 1556 veritatem
1261 1529 1424 1557 aeternam.

1068 1582 1096 1609 5.
1115 1579 1162 1609 Aa
1177 1579 1253 1609 illud
1269 1579 1353 1618 quod
1367 1580 1522 1619 quaeritur
1538 1580 1687 1618 ulterius,
1701 1590 1799 1620 quare

1028 1635 1267 1673 magisjuratur
1278 1644 1332 1674 per
1345 1634 1527 1673 Evangelia,
1543 1644 1640 1674 quam
1655 1644 1710 1674 per
1721 1635 1799 1665 alias

1027 1691 1207 1726 creaturas,
1227 1690 1295 1727 Jam
1311 1690 1393 1727 patet
1408 1689 1569 1727 responsio
1586 1697 1641 1727 per
1654 1697 1691 1719 ea
1703 1713 1711 1725 ‚
1727 1697 1798 1728 qua:

1027 1741 1110 1771 (licta
1124 1743 1209 1771 sunt.
1226 1740 1313 1771 Sicut
1327 1741 1413 1771 enim
1427 1750 1552 1771 erucem
1569 1741 1679 1771 Christi
1695 1741 1800 1780 magis

1028 1804 1229 1832 veneramur,
1246 1797 1373 1834 propter
1388 1794 1466 1831 hoe,
1487 1794 1570 1833 quod
1587 1795 1689 1832 magis
1703 1795 1800 1825 refer-

1029 1850 1081 1877 tur
1100 1848 1137 1877 ad
1156 1848 1261 1887 ipsum
1282 1848 1496 1885 Crueisixum;
1518 1850 1549 1877 et
1565 1849 1706 1885 sanctos,
1726 1848 1801 1887 quia

1030 1901 1166 1940 quadam
1185 1901 1315 1939 maioris
1332 1901 1565 1940 propinquitate
1580 1910 1612 1931 se
1630 1901 1748 1931 habent
1762 1901 1801 1931 ad

1032 1954 1129 1984 Deum
1145 1965 1150 1984 :
1177 1954 1221 1984 sie
1241 1953 1335 1984 etiam
1350 1953 1595 1991 intelligendum
1619 1956 1664 1984 est
1678 1954 1711 1984 in
1726 1955 1801 1994 ipsis

1030 2007 1230 2046 Evangeliis,
1255 2015 1326 2046 quae
1347 2006 1462 2036 directe
1486 2009 1515 2036 et
1536 2007 1716 2037 immediate
1739 2007 1801 2037 du-

1031 2064 1107 2091 cunt
1121 2061 1155 2099 (b)
1180 2061 1211 2090 in
1232 2061 1332 2099 ipsam
1348 2063 1500 2090 aeternam
1516 2060 1692 2090 veritatem.
1717 2060 1754 2090 Et
1775 2061 1801 2091 si

1030 2117 1064 2143 tu
1074 2114 1214 2152 objicias,
1231 2113 1396 2152 quodlicet
1407 2115 1552 2143 creatura
1564 2112 1657 2143 ducat
1669 2113 1702 2143 in
1714 2113 1803 2144 Crea-

1031 2170 1144 2204 torem,
1161 2169 1268 2196 tamen
1283 2168 1410 2205 propter
1425 2165 1482 2196 hoc
1496 2166 1643 2205 quaelibet
1659 2170 1803 2199 ereatura

1030 2229 1095 2250 non
1109 2223 1154 2250 est
1168 2219 1344 2255 adoranda,
1368 2218 1419 2248 sed
1435 2219 1487 2249 illa
1505 2219 1589 2258 sola,
1612 2229 1684 2260 quae
1705 2222 1803 2253 estad

1030 2273 1090 2303 hoe
1104 2272 1264 2309 instituta,
1287 2271 1429 2302 videlicet
1444 2272 1554 2311 imago
1570 2273 1732 2312 Crucifixi,
1753 2274 1803 2305 di-

1031 2326 1165 2356 cendum
1180 2324 1265 2364 quod
1281 2333 1344 2355 non
1359 2326 1405 2355 est
1421 2325 1522 2355 simile
1537 2336 1543 2355 z
1563 2326 1636 2365 quia
1651 2326 1802 2357 exhibitio

1031 2377 1161 2408 honoris
1175 2377 1279 2407 cultus
1293 2377 1393 2407 latriae
1410 2378 1534 2417 respicit
1548 2378 1636 2416 illud,
1652 2379 1735 2418 quod
1746 2379 1803 2409 ho—

1031 2430 1226 2466 norificatur,
1249 2429 1425 2460 secundum
1446 2430 1524 2460 illud
1544 2430 1628 2470 quod
1650 2433 1695 2460 est
1715 2431 1748 2461 in
1765 2439 1802 2461 eo

1031 2483 1274 2522 dignissimum,
1291 2485 1321 2512 et
1334 2483 1395 2513 hoc
1409 2486 1453 2513 est
1468 2483 1632 2523 proprium
1647 2486 1678 2514 et
1691 2483 1802 2523 singu-

1031 2536 1095 2567 lare
1108 2546 1116 2573 ;
1138 2536 1192 2566 sed
1206 2536 1362 2566 invocatio
1377 2536 1410 2566 in
1424 2536 1594 2567 assertione
1609 2536 1734 2576 respicit
1747 2537 1799 2577 ip-

1063 2600 1096 2630 (a)
1117 2600 1184 2623 ειιιι.
1206 2599 1381 2630 1*en.qu‘1a.-
1395 2600 1423 2629 (b)
1440 2599 1534 2624 dicunt.

1816 1587 1881 1612 nesp.
1893 1586 1919 1607 ad

1835 1617 1905 1637 ultim.

1815 1654 1853 1674 pro
1860 1648 1918 1669 tund.
