2017 2948
227 139 286 168 630

227 205 273 234 est
293 204 421 243 propter
447 203 601 233 detectum
630 202 718 233 voliti
732 226 740 239 ,
757 202 833 241 quia
859 209 923 231 non
949 203 998 232 est

227 258 339 287 natum
366 256 460 295 eligi,
479 264 553 285 cum
577 255 618 285 sit
635 255 829 295 impossibile
847 265 853 284 τ
876 257 906 285 et
928 254 998 284 talis

228 309 307 340 bene
330 311 378 340 est
403 318 422 339 a
444 308 583 344 virtute,
603 310 639 338 ut
661 310 745 347 patet
770 307 802 337 in
823 308 951 346 pietatm
968 309 998 337 et

229 362 281 392 hic
292 364 339 392 est
352 361 466 401 plenus
479 370 650 392 consensus
665 371 682 390 a
698 362 787 399 parte
801 360 973 390 voluntatis
989 383 996 396 ,

228 415 303 454 quia
314 415 486 446 reflectitur
497 414 643 445 voluntas
662 422 759 452 supra
774 422 822 450 se,
838 415 868 443 et
882 413 951 443 vult
966 422 999 443 se

228 468 271 498 sic
286 468 376 499 velle.

268 524 298 552 6.
315 522 363 552 Ad
377 521 455 552 illud
471 520 554 560 quod
571 520 731 559 objicitur,
748 519 832 559 quod
847 518 937 549 dolor
954 521 1000 550 est

229 575 268 606 de
288 574 455 614 praesenti,
479 573 660 610 dicendum,
683 573 765 603 siout
787 572 905 603 dictum
926 572 998 610 suit,

229 627 312 668 quod
337 629 383 658 est
403 627 441 658 de
457 626 604 666 praesenti
625 625 801 656 secundum
823 627 998 665 aspectum.

229 680 319 718 Quod
329 680 478 720 objicitur
491 679 524 710 in
539 679 746 716 contrarium,
760 678 845 717 quod
859 687 922 708 non
937 678 1001 708 sus-

230 734 293 764 ficit
309 733 395 773 quod
411 733 452 763 sit
473 741 614 772 praesens
629 732 805 762 secuudum
820 734 997 771 aspectu111;

230 787 421 826 respondent
436 786 551 826 aliqui,
573 785 657 825 quod
674 787 719 815 est
734 794 874 825 praesens
891 793 1001 814 secun-

229 839 307 870 dum
320 839 551 878 reputationem
563 863 570 876 ‚
591 838 665 878 quia
681 847 738 878 pro
752 838 805 868 tali
827 839 954 877 reputat
967 846 1000 866 se

231 901 304 923 vere
327 892 496 930 contritus,
521 902 557 922 ac
580 892 604 922 si
620 894 701 922 esset
722 891 856 921 infectus
875 892 1000 930 peccato

230 946 321 985 prius
344 946 434 976 facto.
455 945 514 976 Sed
531 945 608 975 illud
624 954 688 975 non
712 944 820 978 solvit,
838 943 913 983 quia
935 945 1001 972 esto

231 999 316 1039 quod
331 1001 486 1029 constaret
501 998 560 1028 sibi
573 999 612 1029 de
629 998 752 1037 justitia
771 997 936 1037 praesenti;
954 1000 1002 1026 ta-

231 1061 305 1083 men
321 1053 425 1083 adhuc
439 1052 556 1083 doleret
572 1052 609 1082 de
620 1052 792 1091 praeterito.
807 1051 879 1081 Ideo
894 1050 1001 1080 dicunt

230 1106 301 1144 alii,
317 1106 401 1145 quod
417 1108 463 1135 est
477 1114 617 1145 praesens
639 1105 813 1135 secuudum
834 1104 999 1141 effectum,

230 1160 306 1199 quia
320 1161 486 1190 remanent
500 1159 654 1199 reliqniae.
669 1158 729 1189 Sed
744 1161 820 1188 tunc
836 1160 902 1188 esto
917 1158 1002 1197 quod

230 1214 328 1244 nullae
351 1213 494 1252 reliquiae
521 1215 740 1250 remanerent,
767 1212 870 1242 adhuc
895 1213 1002 1241 tamen

218 1265 349 1296 rdoleret
363 1266 460 1296 homo
474 1265 511 1295 de
523 1265 606 1295 malo
620 1265 705 1304 quod
715 1264 796 1294 fecit.
814 1263 885 1294 Ideo
899 1263 1003 1293 dicen-

231 1319 326 1358 dum,
352 1319 437 1359 quod
459 1319 498 1349 ad
522 1318 663 1349 dolorem
681 1318 861 1349 faciendum
887 1317 1004 1348 sufficit

231 1373 315 1413 quod
330 1381 380 1403 res
394 1397 402 1410 ‚
424 1381 497 1412 quae
514 1372 655 1411 displicet
668 1371 842 1409 voluntati,
861 1371 899 1401 sit
918 1379 1000 1410 prae-

232 1435 303 1456 sens
319 1426 476 1466 aspectui,
493 1435 556 1456 non
572 1425 747 1455 secundum
771 1425 1000 1463 conjecturam,

232 1479 285 1510 sed
300 1479 475 1510 seeundum
490 1478 727 1515 certitudinem,
745 1478 822 1517 quia
836 1478 879 1508 ita
892 1479 954 1514 est,
972 1479 1004 1507 et

232 1541 296 1562 non
311 1534 413 1572 potest
427 1532 516 1562 aliter
530 1540 596 1562 esse
609 1541 616 1561 ε
629 1534 659 1561 et
669 1534 745 1561 tunc
760 1534 807 1561 est
822 1531 920 1568 dolor,
936 1531 1004 1561 sive

233 1585 322 1623 illud,
343 1585 381 1616 de
398 1594 461 1624 quo
476 1585 604 1624 genitus
616 1587 676 1622 est,
696 1585 736 1615 sit
760 1593 916 1623 praesens,
937 1584 1004 1614 sive

234 1639 447 1678 praeteritum,
471 1638 538 1668 sive
553 1638 708 1668 tuturum.
728 1637 813 1682 Unde
828 1646 901 1667 euin
926 1637 1002 1667 dici-

233 1694 286 1722 tur
300 1691 380 1722 mihi
395 1691 655 1722 certitudinaliter
670 1691 755 1730 quod
767 1691 892 1730 aliquis,
908 1699 1004 1729 quem

233 1745 351 1784 diligo,
375 1754 444 1775 cras
459 1745 625 1781 morietur,
648 1747 781 1783 generat
796 1745 830 1774 in
853 1753 903 1774 me
916 1743 1003 1774 dolo-

233 1807 301 1829 rem
316 1808 324 1829 :
341 1799 442 1829 multo
459 1799 562 1837 magis
576 1799 613 1829 de
628 1798 788 1838 praeterito
800 1822 807 1835 ,
832 1798 866 1828 in
881 1806 945 1837 quo
961 1799 1007 1828 est

233 1848 370 1888 perfecta
384 1848 548 1878 certitudo.

275 1909 305 1937 7.
327 1906 376 1937 Ad
397 1906 474 1936 illud
490 1906 575 1946 quod
593 1906 759 1945 quaeritur,
776 1914 876 1945 quare
900 1905 1006 1944 magis

235 1960 459 1991 denominatur
489 1959 618 1990 nomine
639 1959 855 1996 contritionis,
881 1961 912 1989 et
934 1967 1006 1999 quae

236 2013 457 2044 convenientia
467 2012 582 2043 doloris
593 2013 633 2043 ad
641 2012 867 2043 contritionem
877 2023 884 2049 ;
897 2012 1007 2042 dicunt

236 2065 349 2105 aliqui,
365 2066 450 2105 quod
464 2065 533 2096 ideo
548 2065 608 2096 hoc
620 2066 750 2096 nomine
764 2067 919 2102 censetur,
931 2065 1007 2105 quia

237 2120 318 2150 sicut
337 2121 542 2158 unguentum
565 2119 746 2150 sanativum
781 2119 947 2149 conficitur
968 2128 1008 2150 ex

238 2173 347 2204 multis
373 2172 480 2203 herbis
507 2172 540 2202 in
570 2173 754 2203 mortariolo
782 2172 939 2210 contritis,
965 2172 1009 2202 sic

237 2228 442 2266 unguentum
475 2225 726 2264 compunctionis
763 2225 930 2255 coniicitur
969 2234 1009 2256 ex

239 2279 346 2310 herbis
363 2281 576 2319 peccatorum,
593 2287 665 2318 quae
689 2281 770 2309 natae
786 2281 860 2309 sunt
878 2279 911 2309 in
926 2281 1010 2310 terra

239 2335 358 2370 nostra,
375 2342 449 2363 cum
465 2334 674 2364 conteruntur
689 2332 721 2361 in
736 2332 920 2363 mortariolo
935 2342 1010 2363 con-

241 2386 380 2418 scientiae
393 2395 400 2417 :
414 2386 458 2416 ita
473 2386 598 2417 videtur
607 2385 786 2417 Bernardus
797 2386 806 2403 ¹
822 2394 914 2425 super
931 2386 1012 2418 Can-

275 2471 279 2482 ·
298 2470 382 2498 Rern„
399 2470 423 2491 ι’νι
440 2468 522 2499 Cant.7
538 2475 613 2492 serni.
632 2474 656 2491 x.
681 2481 698 2483 -
720 2468 730 2483 ²
747 2468 854 2491 Drzttlsn'..
874 2474 952 2497 mxii,
972 2472 1010 2492 ξω.

243 2518 273 2522 —-
291 2506 301 2521 ³
316 2505 396 2535 lbid„
414 2510 484 2530 xxiv,
500 2505 523 2527 6.
540 2517 570 2522 -
589 2504 598 2520 ⁴
621 2504 705 2531 ticeli„
728 2510 771 2529 ιιι,
792 2505 829 2526 Ξῖ.
846 2517 875 2521 -
895 2505 905 2520 ⁸
923 2505 1011 2534 llecli„

787 134 1096 166 SENTENTIARUM
1121 134 1193 165 ΗΒ.
1217 133 1267 166 lV.

1056 203 1119 233 tica
1136 201 1249 232 dicere.
1268 202 1327 232 Sed
1343 204 1420 232 tunc
1435 202 1474 232 ab
1487 202 1546 233 hac
1560 202 1748 233 contritione
1760 211 1825 235 non

1055 255 1212 285 diceretur
1238 255 1334 285 homo
1360 255 1531 293 contritus,
1562 256 1616 286 sed
1646 257 1822 286 conterens.

1057 308 1128 338 Ideo
1151 308 1350 346 addendum,
1377 308 1462 348 quod
1487 308 1520 338 in
1553 309 1612 338 hac
1640 308 1827 339 contritione

1055 361 1114 391 tria
1142 364 1217 392 sunt
1238 362 1425 392 attendenda
1450 371 1457 392 :
1481 362 1565 402 quod
1589 361 1780 398 conteram-3
1808 370 1828 392 a

1055 424 1118 454 quo
1141 415 1327 452 conteritur,
1342 417 1373 445 et
1394 415 1432 445 asl
1454 415 1529 454 quid
1546 414 1692 445 contritio
1715 414 1826 444 termi-

1057 470 1161 497 natur.
1187 467 1275 504 Quod
1299 468 1472 498 conteritur
1495 470 1541 498 est
1563 476 1617 498 cor
1637 467 1825 507 peccatoris,

1056 521 1140 560 qnod
1163 523 1207 551 est
1231 523 1383 560 tanquam
1404 530 1461 551 vas
1483 520 1578 551 fictile
1601 520 1757 560 repletum
1771 529 1827 552 ve-

1057 583 1139 604 neno
1166 574 1300 614 peccati,
1318 575 1413 613 juxta
1428 574 1505 604 illud
1519 575 1529 590 ²
1547 585 1554 604 ε
1581 574 1634 606 Fel
1655 574 1829 606 draconum

1057 629 1169 659 vinum
1185 636 1317 665 eorum„
1335 630 1391 658 etc.
1410 628 1438 658 A
1448 636 1513 667 quo
1527 628 1700 658 conteritur
1713 629 1761 658 est
1775 627 1830 658 du-

1057 680 1129 720 plex
1154 681 1260 711 mola:
1283 690 1348 711 uua
1363 680 1510 720 superius
1534 690 1663 712 sursum
1687 680 1828 719 elevans,

1057 737 1087 763 et
1100 734 1169 764 haec
1184 736 1231 764 est
1248 743 1318 773 spes
1331 734 1433 764 veniae
1448 743 1488 764 ex
1504 734 1754 765 consideratione
1767 734 1828 764 mi-

1057 787 1255 824 sericordiae3
1274 787 1334 816 alia
1354 786 1440 816 mola
1461 786 1610 817 deorsum
1630 787 1827 827 deprimens,

1057 842 1104 869 est
1119 839 1213 869 timor
1229 848 1342 879 poenae,
1360 840 1492 870 veniens
1512 848 1552 870 ex
1575 840 1827 871 consideratione

1057 893 1174 923 divinae
1193 893 1336 932 justitiae.
1362 892 1400 923 Et
1420 893 1457 923 de
1482 893 1530 923 his
1546 893 1639 924 molis
1661 893 1776 924 dieitur
1792 893 1803 910 ¹
1821 903 1828 924 :

1058 946 1128 977 Non
1144 947 1280 986 accipies
1293 947 1356 978 Ioco
1369 947 1516 986 pianoris
1531 947 1716 985 inferiorem
1730 949 1758 978 el
1775 954 1831 978 su-

1057 1000 1212 1039 periorem
1236 1000 1362 1031 molam.
1386 1000 1471 1030 Istud
1492 1008 1549 1029 vas
1563 1000 1603 1029 ad
1618 1000 1678 1030 hoc
1693 1000 1830 1031 conteri-

1058 1055 1120 1090 tur,
1147 1055 1183 1083 ut
1201 1053 1397 1089 emollescat,
1424 1053 1499 1092 quia
1514 1053 1634 1083 durum
1658 1056 1704 1083 est
1723 1053 1754 1083 ⁴:
1773 1052 1832 1085 Cor

1059 1108 1143 1137 enim
1174 1107 1289 1138 clm-um
1318 1107 1396 1138 male
1421 1107 1545 1139 habebit
1573 1109 1610 1139 in
1632 1108 1807 1140 novissimo
1819 1117 1832 1147 ;

1058 1160 1108 1190 vel
1124 1160 1252 1197 melius,
1270 1162 1306 1190 ut
1321 1160 1439 1200 peccati
1453 1160 1616 1191 delectatio
1635 1161 1771 1191 totaliter
1785 1161 1830 1191 ef-

1060 1212 1209 1243 fundatur
1222 1222 1230 1242 :
1246 1213 1315 1243 ideo
1326 1213 1441 1243 dicitur
1450 1213 1606 1251 contritio,
1619 1222 1684 1244 non
1699 1213 1829 1244 fractio:

1059 1266 1134 1306 quia
1150 1266 1259 1296 fractio
1274 1268 1322 1296 est
1341 1266 1374 1296 in
1389 1267 1527 1305 majores
1541 1268 1661 1306 partes,
1684 1266 1832 1297 contritio

1058 1320 1093 1350 in
1107 1320 1245 1350 minores
1258 1330 1264 1350 :
1282 1322 1313 1351 et
1326 1319 1453 1359 quando
1468 1320 1501 1350 in
1516 1320 1653 1359 maiores
1668 1321 1772 1360 partes
1785 1321 1833 1351 est

1060 1374 1179 1412 fractio,
1201 1383 1295 1414 sapor
1309 1374 1415 1414 aliquo
1428 1374 1522 1404 modo
1537 1375 1681 1404 remanet
1698 1384 1705 1404 z
1721 1375 1758 1404 ut
1773 1382 1831 1404 au-

1060 1429 1123 1458 tem
1138 1436 1202 1458 non
1226 1430 1404 1465 remaneat,
1420 1436 1478 1458 nec
1494 1436 1597 1468 sapor,
1614 1435 1673 1458 nec
1695 1426 1830 1465 veritas,

1060 1481 1129 1511 ideo
1154 1481 1186 1511 in
1208 1483 1312 1520 partes
1334 1481 1484 1512 minimas
1505 1481 1688 1511 conteritur.
1710 1479 1750 1511 Et
1762 1479 1833 1510 haec

1059 1534 1221 1564 delectatio
1249 1535 1385 1565 totaliter
1415 1536 1598 1565 removetur
1621 1541 1678 1574 per
1703 1541 1832 1572 poenam

1060 1590 1225 1625 aeternam,
1240 1590 1270 1618 et
1281 1591 1464 1618 removetur
1474 1597 1529 1628 per
1545 1587 1703 1626 gratiam:
1718 1588 1749 1618 et
1762 1586 1833 1617 ideo

1062 1641 1229 1680 utrobique
1245 1640 1360 1671 dicitur
1371 1641 1534 1671 contritio:
1547 1642 1577 1670 et
1591 1640 1626 1670 in
1638 1648 1732 1679 poena
1744 1641 1833 1670 aeter-

1061 1704 1112 1731 na,
1125 1694 1300 1724 secundum
1314 1694 1390 1723 illud
1404 1695 1413 1710 ⁵
1426 1705 1432 1723 :
1451 1693 1634 1725 conteretur
1646 1701 1717 1724 cum
1732 1692 1834 1724 delin-

1060 1750 1172 1788 quente
1188 1748 1338 1780 delictum
1343 1757 1356 1787 ;
1369 1750 1400 1778 et
1414 1757 1469 1788 per
1485 1748 1622 1787 gratiam
1634 1751 1644 1766 ⁶
1661 1758 1668 1777 :
1687 1747 1746 1779 Cor
1761 1754 1834 1779 con-

1061 1803 1175 1833 tritum
1191 1802 1445 1839 ellttttnilz‘alutn,
1466 1801 1558 1839 Deus,
1580 1809 1646 1832 non
1660 1800 1817 1840 despicies
1824 1808 1835 1838 ;

1061 1855 1115 1885 sed
1131 1855 1231 1893 aliter,
1255 1855 1330 1894 quia
1345 1855 1388 1884 ibi
1403 1854 1578 1885 conteritur
1604 1854 1638 1884 in
1651 1853 1833 1894 pulverem,

1062 1918 1126 1939 non
1148 1911 1183 1938 ut
1204 1908 1291 1938 aliud
1306 1917 1362 1938 vas
1385 1908 1457 1945 fiat,
1474 1906 1549 1946 quia
1564 1907 1602 1937 de
1627 1906 1734 1946 impiis
1756 1906 1837 1938 dici-

1062 1963 1132 1992 tur⁷
1151 1972 1157 1992 :
1175 1962 1245 1993 Non
1263 1962 1309 1993 sic
1325 1961 1442 2000 impii,
1457 1968 1522 1992 ηοη
1536 1961 1600 1998 sic,
1615 1959 1669 1991 sed
1685 1963 1837 1999 tanquam

1060 2016 1188 2055 pulvis,
1204 2017 1276 2052 etc.;
1303 2014 1356 2044 sed
1381 2015 1414 2044 in
1436 2013 1624 2044 contritione
1653 2012 1767 2052 gratiae
1791 2014 1838 2043 est

1063 2069 1208 2099 contritio
1223 2068 1262 2098 ad
1277 2067 1498 2107 generandum
1515 2075 1572 2097 vas
1584 2075 1706 2097 novum
1721 2067 1752 2096 et
1767 2065 1838 2096 soli-

1064 2122 1141 2152 dum
1157 2131 1212 2161 per
1226 2121 1396 2152 humorem
1412 2121 1524 2160 gratiae
1545 2122 1575 2150 et
1595 2120 1811 2160 lacrymarum
1828 2127 1836 2149 :

1064 2178 1094 2206 et
1108 2175 1178 2205 ideo
1198 2177 1280 2205 recte
1300 2174 1415 2205 dieitur
1432 2174 1594 2211 contritio,
1617 2181 1683 2204 non
1701 2171 1836 2209 attritio,

1065 2229 1138 2268 quia
1154 2228 1293 2268 partium
1308 2228 1458 2258 tritarum
1473 2230 1520 2257 est
1541 2226 1636 2263 unio,
1662 2227 1698 2256 ut
1712 2225 1768 2256 fiat
1782 2233 1839 2255 vas

1065 2282 1097 2312 in
1111 2282 1265 2312 honorem
1281 2281 1456 2311 secundum
1469 2280 1547 2311 illud
1561 2280 1598 2311 de
1614 2279 1731 2310 Pau10⁸
1749 2289 1755 2309 :
1774 2277 1839 2310 Vas

1065 2335 1228 2367 eleccionis
1244 2337 1290 2366 est
1303 2334 1398 2366 mihi.
1410 2334 1421 2350 ⁹
1438 2334 1473 2365 Si
1489 2335 1562 2374 quis
1577 2332 1794 2365 emendaverit
1807 2339 1840 2363 se

1066 2388 1104 2420 ab
1119 2389 1169 2420 his
1179 2412 1188 2427 ‚
1204 2390 1265 2420 erit
1278 2397 1347 2426 vas,
1363 2390 1422 2419 etc.
1437 2387 1489 2418 Sic
1502 2389 1587 2427 patet
1600 2387 1679 2418 ratio
1691 2385 1776 2416 dicti.

1068 2475 1148 2499 xxiii,
1165 2473 1187 2493 ό.
1204 2482 1226 2485 e
1250 2469 1336 2492 'Po-ul.
1356 2469 1489 2498 L,19.—⁴

1071 2507 1104 2527 ΙίιΔ
1116 2517 1143 2522 —-
1163 2507 1169 2516 ⁴
1185 2505 1201 2528 it
1218 2505 1287 2528 Tim..
1304 2510 1332 2529 11.
1349 2506 1387 2527 24.

1506 2484 1510 2490 .
1524 2467 1571 2490 sal.
1593 2473 1612 2496 Ι,
1629 2469 1648 2490 ¹1.
1661 2479 1688 2483 —
1701 2466 1709 2480 ⁵
1721 2466 1785 2494 ΔΕΑ,
1801 2469 1836 2494 11,
