<?xml version="1.0" encoding="UTF-8"?>
<!DOCTYPE html PUBLIC "-//W3C//DTD XHTML 1.0 Transitional//EN"
    "http://www.w3.org/TR/xhtml1/DTD/xhtml1-transitional.dtd">
<html xmlns="http://www.w3.org/1999/xhtml" xml:lang="en" lang="en">
 <head>
  <title>
</title>
<meta http-equiv="Content-Type" content="text/html;charset=utf-8" />
  <meta name='ocr-system' content='tesseract 3.04.00' />
  <meta name='ocr-capabilities' content='ocr_page ocr_carea ocr_par ocr_line ocrx_word'/>
</head>
<body>
  <div class='ocr_page' id='page_1' title='image "./operaomniasixtiv05bonauoft/operaomniasixtiv05bonauoft_0515.png"; bbox 0 0 2017 2948; ppageno 0'>
   <div class='ocr_carea' id='block_1_1' title="bbox 62 659 165 680">
    <p class='ocr_par' dir='ltr' id='par_1_1' title="bbox 62 659 165 680">
     <span class='ocr_line' id='line_1_1' title="bbox 62 659 165 680; baseline 0 -1"><span class='ocrx_word' id='word_1_1' title='bbox 62 659 165 680; x_wconf 78' lang='lat' dir='ltr'>Fundam.</span> 
     </span>
    </p>
   </div>
   <div class='ocr_carea' id='block_1_2' title="bbox 63 1610 164 1637">
    <p class='ocr_par' dir='ltr' id='par_1_2' title="bbox 63 1610 164 1637">
     <span class='ocr_line' id='line_1_2' title="bbox 63 1610 164 1637; baseline 0 -7"><span class='ocrx_word' id='word_1_2' title='bbox 63 1610 96 1630; x_wconf 78' lang='lat' dir='ltr'>Ad</span> <span class='ocrx_word' id='word_1_3' title='bbox 114 1616 164 1637; x_wconf 80' lang='lat' dir='ltr'>opp.</span> 
     </span>
    </p>
   </div>
   <div class='ocr_carea' id='block_1_3' title="bbox 63 2193 166 2214">
    <p class='ocr_par' dir='ltr' id='par_1_3' title="bbox 63 2193 166 2214">
     <span class='ocr_line' id='line_1_3' title="bbox 63 2193 166 2214; baseline 0.01 -1"><span class='ocrx_word' id='word_1_4' title='bbox 63 2193 166 2214; x_wconf 75' lang='lat' dir='ltr'>fundam.</span> 
     </span>
    </p>
   </div>
   <div class='ocr_carea' id='block_1_4' title="bbox 65 2507 168 2559">
    <p class='ocr_par' dir='ltr' id='par_1_4' title="bbox 65 2507 168 2559">
     <span class='ocr_line' id='line_1_4' title="bbox 65 2507 155 2531; baseline 0.011 -4"><span class='ocrx_word' id='word_1_5' title='bbox 65 2507 155 2531; x_wconf 64' lang='lat' dir='ltr'>Quaestio</span> 
     </span>
     <span class='ocr_line' id='line_1_5' title="bbox 66 2538 168 2559; baseline 0.02 -2"><span class='ocrx_word' id='word_1_6' title='bbox 66 2538 168 2559; x_wconf 70' lang='lat' dir='ltr'>lateralis.</span> 
     </span>
    </p>
   </div>
   <div class='ocr_carea' id='block_1_5' title="bbox 598 164 953 195">
    <p class='ocr_par' dir='ltr' id='par_1_5' title="bbox 598 164 953 195">
     <span class='ocr_line' id='line_1_6' title="bbox 598 164 953 195; baseline 0 0"><span class='ocrx_word' id='word_1_7' title='bbox 598 164 694 195; x_wconf 87' lang='lat' dir='ltr'>DIST.</span> <span class='ocrx_word' id='word_1_8' title='bbox 717 164 768 195; x_wconf 81' lang='lat' dir='ltr'>XI.</span> <span class='ocrx_word' id='word_1_9' title='bbox 790 164 904 195; x_wconf 88' lang='lat' dir='ltr'>PART.</span> <span class='ocrx_word' id='word_1_10' title='bbox 931 165 953 195; x_wconf 90' lang='lat' dir='ltr'>ll</span> 
     </span>
    </p>
   </div>
   <div class='ocr_carea' id='block_1_6' title="bbox 179 230 953 2689">
    <p class='ocr_par' dir='ltr' id='par_1_6' title="bbox 182 230 951 375">
     <span class='ocr_line' id='line_1_7' title="bbox 182 230 951 271; baseline 0 -10"><span class='ocrx_word' id='word_1_11' title='bbox 182 232 229 261; x_wconf 90' lang='lat' dir='ltr'>est</span> <span class='ocrx_word' id='word_1_12' title='bbox 247 231 284 261; x_wconf 88' lang='lat' dir='ltr'>de</span> <span class='ocrx_word' id='word_1_13' title='bbox 305 231 374 269; x_wconf 87' lang='lat' dir='ltr'>ejus</span> <span class='ocrx_word' id='word_1_14' title='bbox 388 231 563 262; x_wconf 84' lang='lat' dir='ltr'>substantia</span> <span class='ocrx_word' id='word_1_15' title='bbox 578 241 585 261; x_wconf 79' lang='grc' dir='ltr'>ε</span> <span class='ocrx_word' id='word_1_16' title='bbox 608 230 662 262; x_wconf 91' lang='lat' dir='ltr'>sed</span> <span class='ocrx_word' id='word_1_17' title='bbox 681 231 757 261; x_wconf 92' lang='lat' dir='ltr'>unio</span> <span class='ocrx_word' id='word_1_18' title='bbox 772 239 863 271; x_wconf 84' lang='lat' dir='ltr'>aquae</span> <span class='ocrx_word' id='word_1_19' title='bbox 879 241 951 263; x_wconf 86' lang='lat' dir='ltr'>cum</span> 
     </span>
     <span class='ocr_line' id='line_1_8' title="bbox 182 283 951 322; baseline 0.004 -10"><span class='ocrx_word' id='word_1_20' title='bbox 182 283 257 313; x_wconf 88' lang='lat' dir='ltr'>vino</span> <span class='ocrx_word' id='word_1_21' title='bbox 277 283 436 322; x_wconf 85' lang='lat' dir='ltr'>significat</span> <span class='ocrx_word' id='word_1_22' title='bbox 450 283 601 314; x_wconf 85' lang='lat' dir='ltr'>unionem</span> <span class='ocrx_word' id='word_1_23' title='bbox 614 283 833 314; x_wconf 89' lang='lat' dir='ltr'>membrorum</span> <span class='ocrx_word' id='word_1_24' title='bbox 848 284 886 314; x_wconf 90' lang='lat' dir='ltr'>ad</span> <span class='ocrx_word' id='word_1_25' title='bbox 899 293 951 315; x_wconf 88' lang='lat' dir='ltr'>ca-</span> 
     </span>
     <span class='ocr_line' id='line_1_9' title="bbox 182 335 870 375; baseline 0 -9"><span class='ocrx_word' id='word_1_26' title='bbox 182 338 249 375; x_wconf 89' lang='lat' dir='ltr'>put,</span> <span class='ocrx_word' id='word_1_27' title='bbox 263 338 299 366; x_wconf 84' lang='lat' dir='ltr'>ut</span> <span class='ocrx_word' id='word_1_28' title='bbox 314 335 388 366; x_wconf 86' lang='lat' dir='ltr'>dicit</span> <span class='ocrx_word' id='word_1_29' title='bbox 402 335 500 372; x_wconf 83' lang='lat' dir='ltr'>Beda,</span> <span class='ocrx_word' id='word_1_30' title='bbox 516 338 546 366; x_wconf 85' lang='lat' dir='ltr'>et</span> <span class='ocrx_word' id='word_1_31' title='bbox 559 336 695 366; x_wconf 88' lang='lat' dir='ltr'>habetur</span> <span class='ocrx_word' id='word_1_32' title='bbox 709 336 742 365; x_wconf 90' lang='lat' dir='ltr'>in</span> <span class='ocrx_word' id='word_1_33' title='bbox 756 336 870 366; x_wconf 87' lang='lat' dir='ltr'>littera.</span> 
     </span>
    </p>

    <p class='ocr_par' dir='ltr' id='par_1_7' title="bbox 181 388 952 638">
     <span class='ocr_line' id='line_1_10' title="bbox 223 388 951 428; baseline 0 -10"><span class='ocrx_word' id='word_1_34' title='bbox 223 391 252 418; x_wconf 82' lang='grc'>5.</span> <span class='ocrx_word' id='word_1_35' title='bbox 271 388 349 418; x_wconf 86' lang='lat' dir='ltr'>Item</span> <span class='ocrx_word' id='word_1_36' title='bbox 371 389 482 418; x_wconf 90' lang='lat' dir='ltr'>vinum</span> <span class='ocrx_word' id='word_1_37' title='bbox 499 388 655 427; x_wconf 85' lang='lat' dir='ltr'>significat</span> <span class='ocrx_word' id='word_1_38' title='bbox 673 388 879 426; x_wconf 88' lang='lat' dir='ltr'>sanguinem,</span> <span class='ocrx_word' id='word_1_39' title='bbox 897 390 951 428; x_wconf 85' lang='lat' dir='ltr'>qui</span> 
     </span>
     <span class='ocr_line' id='line_1_11' title="bbox 183 440 952 471; baseline -0.001 0"><span class='ocrx_word' id='word_1_40' title='bbox 183 441 275 471; x_wconf 78' lang='lat' dir='ltr'><strong>fluxit</strong></span> <span class='ocrx_word' id='word_1_41' title='bbox 290 440 327 470; x_wconf 88' lang='lat' dir='ltr'>de</span> <span class='ocrx_word' id='word_1_42' title='bbox 341 440 437 471; x_wconf 82' lang='lat' dir='ltr'>latere</span> <span class='ocrx_word' id='word_1_43' title='bbox 451 441 580 471; x_wconf 81' lang='lat' dir='ltr'>Christi:</span> <span class='ocrx_word' id='word_1_44' title='bbox 599 441 652 471; x_wconf 90' lang='lat' dir='ltr'>sed</span> <span class='ocrx_word' id='word_1_45' title='bbox 667 449 731 471; x_wconf 91' lang='lat' dir='ltr'>non</span> <span class='ocrx_word' id='word_1_46' title='bbox 746 442 871 470; x_wconf 80' lang='lat' dir='ltr'>tantum</span> <span class='ocrx_word' id='word_1_47' title='bbox 884 450 952 471; x_wconf 87' lang='lat' dir='ltr'>san-</span> 
     </span>
     <span class='ocr_line' id='line_1_12' title="bbox 183 493 949 532; baseline 0 -10"><span class='ocrx_word' id='word_1_48' title='bbox 183 494 257 531; x_wconf 84' lang='lat' dir='ltr'>guis</span> <span class='ocrx_word' id='word_1_49' title='bbox 272 493 382 531; x_wconf 74' lang='lat' dir='ltr'>fluxit,</span> <span class='ocrx_word' id='word_1_50' title='bbox 400 493 463 523; x_wconf 88' lang='lat' dir='ltr'>imo</span> <span class='ocrx_word' id='word_1_51' title='bbox 479 494 610 532; x_wconf 83' lang='lat' dir='ltr'>sanguis</span> <span class='ocrx_word' id='word_1_52' title='bbox 624 495 654 524; x_wconf 89' lang='lat' dir='ltr'>et</span> <span class='ocrx_word' id='word_1_53' title='bbox 668 502 769 532; x_wconf 83' lang='lat' dir='ltr'>aqua:</span> <span class='ocrx_word' id='word_1_54' title='bbox 792 502 870 531; x_wconf 88' lang='lat' dir='ltr'>ergo</span> <span class='ocrx_word' id='word_1_55' title='bbox 890 493 949 523; x_wconf 88' lang='lat' dir='ltr'>im-</span> 
     </span>
     <span class='ocr_line' id='line_1_13' title="bbox 181 546 951 585; baseline -0.001 -8"><span class='ocrx_word' id='word_1_56' title='bbox 181 547 354 585; x_wconf 83' lang='lat' dir='ltr'>perfectum</span> <span class='ocrx_word' id='word_1_57' title='bbox 371 549 416 577; x_wconf 88' lang='lat' dir='ltr'>est</span> <span class='ocrx_word' id='word_1_58' title='bbox 430 549 660 578; x_wconf 87' lang='lat' dir='ltr'>sacramentum</span> <span class='ocrx_word' id='word_1_59' title='bbox 675 570 682 583; x_wconf 90' lang='lat'>‚</span> <span class='ocrx_word' id='word_1_60' title='bbox 703 546 765 576; x_wconf 90' lang='lat' dir='ltr'>nisi</span> <span class='ocrx_word' id='word_1_61' title='bbox 780 548 951 585; x_wconf 86' lang='lat' dir='ltr'>utrumque</span> 
     </span>
     <span class='ocr_line' id='line_1_14' title="bbox 182 600 370 638; baseline 0 -9"><span class='ocrx_word' id='word_1_62' title='bbox 182 600 370 638; x_wconf 86' lang='lat' dir='ltr'>apponatur.</span> 
     </span>
    </p>

    <p class='ocr_par' dir='ltr' id='par_1_8' title="bbox 181 651 952 901">
     <span class='ocr_line' id='line_1_15' title="bbox 223 651 949 683; baseline 0 -1"><span class='ocrx_word' id='word_1_63' title='bbox 223 651 283 682; x_wconf 88' lang='lat' dir='ltr'>Sed</span> <span class='ocrx_word' id='word_1_64' title='bbox 298 654 406 682; x_wconf 84' lang='lat' dir='ltr'>contra</span> <span class='ocrx_word' id='word_1_65' title='bbox 423 663 429 681; x_wconf 91' lang='lat'>:</span> <span class='ocrx_word' id='word_1_66' title='bbox 448 651 533 682; x_wconf 85' lang='lat' dir='ltr'>Nihil</span> <span class='ocrx_word' id='word_1_67' title='bbox 547 655 593 683; x_wconf 88' lang='lat' dir='ltr'>est</span> <span class='ocrx_word' id='word_1_68' title='bbox 609 652 647 682; x_wconf 87' lang='lat' dir='ltr'>de</span> <span class='ocrx_word' id='word_1_69' title='bbox 662 652 836 683; x_wconf 85' lang='lat' dir='ltr'>substantia</span> <span class='ocrx_word' id='word_1_70' title='bbox 848 661 949 682; x_wconf 85' lang='lat' dir='ltr'>sacra-</span> 
     </span>
     <span class='ocr_line' id='line_1_16' title="bbox 183 704 952 744; baseline 0 -10"><span class='ocrx_word' id='word_1_71' title='bbox 183 704 281 734; x_wconf 82' lang='lat' dir='ltr'>menti</span> <span class='ocrx_word' id='word_1_72' title='bbox 295 704 392 743; x_wconf 77' lang='lat' dir='ltr'>huJus</span> <span class='ocrx_word' id='word_1_73' title='bbox 406 704 620 743; x_wconf 80' lang='lat' dir='ltr'>materialiter,</span> <span class='ocrx_word' id='word_1_74' title='bbox 633 704 718 744; x_wconf 82' lang='lat' dir='ltr'>quod</span> <span class='ocrx_word' id='word_1_75' title='bbox 732 713 797 734; x_wconf 90' lang='lat' dir='ltr'>non</span> <span class='ocrx_word' id='word_1_76' title='bbox 809 707 952 734; x_wconf 83' lang='lat' dir='ltr'>remanet</span> 
     </span>
     <span class='ocr_line' id='line_1_17' title="bbox 181 757 952 797; baseline 0 -10"><span class='ocrx_word' id='word_1_77' title='bbox 181 766 284 797; x_wconf 89' lang='lat' dir='ltr'>neque</span> <span class='ocrx_word' id='word_1_78' title='bbox 312 757 486 788; x_wconf 86' lang='lat' dir='ltr'>secundum</span> <span class='ocrx_word' id='word_1_79' title='bbox 514 758 743 794; x_wconf 77' lang='lat' dir='ltr'>substantiam,</span> <span class='ocrx_word' id='word_1_80' title='bbox 768 766 872 797; x_wconf 86' lang='lat' dir='ltr'>neque</span> <span class='ocrx_word' id='word_1_81' title='bbox 900 766 952 787; x_wconf 93' lang='lat' dir='ltr'>se-</span> 
     </span>
     <span class='ocr_line' id='line_1_18' title="bbox 181 809 949 849; baseline 0 -10"><span class='ocrx_word' id='word_1_82' title='bbox 181 809 321 840; x_wconf 88' lang='lat' dir='ltr'>cundum</span> <span class='ocrx_word' id='word_1_83' title='bbox 331 809 516 840; x_wconf 81' lang='lat' dir='ltr'>accidentia:</span> <span class='ocrx_word' id='word_1_84' title='bbox 533 810 586 840; x_wconf 87' lang='lat' dir='ltr'>sed</span> <span class='ocrx_word' id='word_1_85' title='bbox 597 819 679 849; x_wconf 83' lang='lat' dir='ltr'>aqua</span> <span class='ocrx_word' id='word_1_86' title='bbox 692 812 738 840; x_wconf 84' lang='lat' dir='ltr'>est</span> <span class='ocrx_word' id='word_1_87' title='bbox 748 810 931 848; x_wconf 86' lang='lat' dir='ltr'>hujusmodi</span> <span class='ocrx_word' id='word_1_88' title='bbox 943 820 949 839; x_wconf 78' lang='lat' dir='ltr'>z</span> 
     </span>
     <span class='ocr_line' id='line_1_19' title="bbox 181 865 346 901; baseline 0.006 -9"><span class='ocrx_word' id='word_1_89' title='bbox 181 871 270 901; x_wconf 87' lang='lat' dir='ltr'>ergo,</span> <span class='ocrx_word' id='word_1_90' title='bbox 288 865 346 893; x_wconf 88' lang='lat' dir='ltr'>etc.</span> 
     </span>
    </p>

    <p class='ocr_par' dir='ltr' id='par_1_9' title="bbox 181 914 953 1167">
     <span class='ocr_line' id='line_1_20' title="bbox 222 914 953 954; baseline 0.001 -9"><span class='ocrx_word' id='word_1_91' title='bbox 222 914 300 946; x_wconf 85' lang='lat' dir='ltr'>Item</span> <span class='ocrx_word' id='word_1_92' title='bbox 325 915 517 945; x_wconf 88' lang='lat' dir='ltr'>elementum</span> <span class='ocrx_word' id='word_1_93' title='bbox 542 915 627 954; x_wconf 86' lang='lat' dir='ltr'>quod</span> <span class='ocrx_word' id='word_1_94' title='bbox 651 918 697 945; x_wconf 89' lang='lat' dir='ltr'>est</span> <span class='ocrx_word' id='word_1_95' title='bbox 718 916 756 946; x_wconf 89' lang='lat' dir='ltr'>de</span> <span class='ocrx_word' id='word_1_96' title='bbox 778 915 953 946; x_wconf 85' lang='lat' dir='ltr'>substantia</span> 
     </span>
     <span class='ocr_line' id='line_1_21' title="bbox 182 968 953 999; baseline 0 -1"><span class='ocrx_word' id='word_1_97' title='bbox 182 969 279 998; x_wconf 89' lang='lat' dir='ltr'>unius</span> <span class='ocrx_word' id='word_1_98' title='bbox 293 969 479 999; x_wconf 82' lang='lat' dir='ltr'>sacramenti</span> <span class='ocrx_word' id='word_1_99' title='bbox 494 978 559 999; x_wconf 90' lang='lat' dir='ltr'>non</span> <span class='ocrx_word' id='word_1_100' title='bbox 576 971 622 998; x_wconf 91' lang='lat' dir='ltr'>est</span> <span class='ocrx_word' id='word_1_101' title='bbox 637 969 674 999; x_wconf 89' lang='lat' dir='ltr'>de</span> <span class='ocrx_word' id='word_1_102' title='bbox 689 969 863 999; x_wconf 86' lang='lat' dir='ltr'>substantia</span> <span class='ocrx_word' id='word_1_103' title='bbox 879 968 953 998; x_wconf 88' lang='lat' dir='ltr'>alte-</span> 
     </span>
     <span class='ocr_line' id='line_1_22' title="bbox 181 1021 952 1057; baseline -0.001 -6"><span class='ocrx_word' id='word_1_104' title='bbox 181 1021 264 1057; x_wconf 80' lang='lat' dir='ltr'>rius,</span> <span class='ocrx_word' id='word_1_105' title='bbox 295 1031 368 1052; x_wconf 85' lang='lat' dir='ltr'>cum</span> <span class='ocrx_word' id='word_1_106' title='bbox 392 1023 454 1051; x_wconf 88' lang='lat' dir='ltr'>sint</span> <span class='ocrx_word' id='word_1_107' title='bbox 481 1023 679 1052; x_wconf 85' lang='lat' dir='ltr'>sacramenta</span> <span class='ocrx_word' id='word_1_108' title='bbox 703 1021 847 1051; x_wconf 86' lang='lat' dir='ltr'>distincta</span> <span class='ocrx_word' id='word_1_109' title='bbox 861 1031 867 1050; x_wconf 89' lang='lat'>:</span> <span class='ocrx_word' id='word_1_110' title='bbox 899 1021 952 1050; x_wconf 89' lang='lat' dir='ltr'>sed</span> 
     </span>
     <span class='ocr_line' id='line_1_23' title="bbox 181 1073 952 1114; baseline -0.003 -9"><span class='ocrx_word' id='word_1_111' title='bbox 181 1083 263 1114; x_wconf 82' lang='lat' dir='ltr'>aqua</span> <span class='ocrx_word' id='word_1_112' title='bbox 278 1077 322 1105; x_wconf 89' lang='lat' dir='ltr'>est</span> <span class='ocrx_word' id='word_1_113' title='bbox 344 1075 476 1105; x_wconf 86' lang='lat' dir='ltr'>materia</span> <span class='ocrx_word' id='word_1_114' title='bbox 492 1074 639 1114; x_wconf 84' lang='lat' dir='ltr'>baptismi</span> <span class='ocrx_word' id='word_1_115' title='bbox 655 1085 660 1103; x_wconf 90' lang='lat'>:</span> <span class='ocrx_word' id='word_1_116' title='bbox 681 1083 759 1112; x_wconf 82' lang='lat' dir='ltr'>ergo</span> <span class='ocrx_word' id='word_1_117' title='bbox 775 1083 840 1104; x_wconf 90' lang='lat' dir='ltr'>non</span> <span class='ocrx_word' id='word_1_118' title='bbox 855 1075 901 1103; x_wconf 85' lang='lat' dir='ltr'>est</span> <span class='ocrx_word' id='word_1_119' title='bbox 915 1073 952 1103; x_wconf 88' lang='lat' dir='ltr'>de</span> 
     </span>
     <span class='ocr_line' id='line_1_24' title="bbox 183 1127 693 1167; baseline -0.002 -10"><span class='ocrx_word' id='word_1_120' title='bbox 183 1127 367 1157; x_wconf 75' lang='lat' dir='ltr'>necessitate</span> <span class='ocrx_word' id='word_1_121' title='bbox 382 1127 479 1167; x_wconf 88' lang='lat' dir='ltr'>hujus</span> <span class='ocrx_word' id='word_1_122' title='bbox 494 1127 693 1157; x_wconf 76' lang='lat' dir='ltr'>sacramenti.</span> 
     </span>
    </p>

    <p class='ocr_par' dir='ltr' id='par_1_10' title="bbox 180 1179 953 1590">
     <span class='ocr_line' id='line_1_25' title="bbox 221 1179 953 1219; baseline -0.004 -9"><span class='ocrx_word' id='word_1_123' title='bbox 221 1180 298 1210; x_wconf 85' lang='lat' dir='ltr'>Item</span> <span class='ocrx_word' id='word_1_124' title='bbox 312 1189 405 1211; x_wconf 91' lang='lat' dir='ltr'>omne</span> <span class='ocrx_word' id='word_1_125' title='bbox 420 1181 505 1219; x_wconf 87' lang='lat' dir='ltr'>quod</span> <span class='ocrx_word' id='word_1_126' title='bbox 521 1182 566 1210; x_wconf 87' lang='lat' dir='ltr'>est</span> <span class='ocrx_word' id='word_1_127' title='bbox 581 1180 618 1209; x_wconf 88' lang='lat' dir='ltr'>de</span> <span class='ocrx_word' id='word_1_128' title='bbox 634 1179 820 1215; x_wconf 84' lang='lat' dir='ltr'>substantia,</span> <span class='ocrx_word' id='word_1_129' title='bbox 836 1181 891 1208; x_wconf 83' lang='lat' dir='ltr'>aut</span> <span class='ocrx_word' id='word_1_130' title='bbox 907 1181 953 1208; x_wconf 87' lang='lat' dir='ltr'>est</span> 
     </span>
     <span class='ocr_line' id='line_1_26' title="bbox 183 1233 952 1273; baseline -0.004 -10"><span class='ocrx_word' id='word_1_131' title='bbox 183 1235 339 1273; x_wconf 86' lang='lat' dir='ltr'>quantum</span> <span class='ocrx_word' id='word_1_132' title='bbox 364 1234 399 1263; x_wconf 76' lang='lat' dir='ltr'>as]</span> <span class='ocrx_word' id='word_1_133' title='bbox 428 1233 451 1263; x_wconf 91' lang='lat' dir='ltr'>si</span> <span class='ocrx_word' id='word_1_134' title='bbox 457 1233 674 1271; x_wconf 78' lang='lat' dir='ltr'>gnificantiam</span> <span class='ocrx_word' id='word_1_135' title='bbox 684 1256 692 1269; x_wconf 89' lang='lat'>,</span> <span class='ocrx_word' id='word_1_136' title='bbox 720 1234 773 1262; x_wconf 84' lang='lat' dir='ltr'>aut</span> <span class='ocrx_word' id='word_1_137' title='bbox 796 1233 952 1270; x_wconf 81' lang='lat' dir='ltr'>quantum</span> 
     </span>
     <span class='ocr_line' id='line_1_27' title="bbox 180 1285 950 1325; baseline -0.004 -9"><span class='ocrx_word' id='word_1_138' title='bbox 180 1287 219 1316; x_wconf 85' lang='lat' dir='ltr'>ad</span> <span class='ocrx_word' id='word_1_139' title='bbox 237 1286 407 1316; x_wconf 72' lang='lat' dir='ltr'>efficaciam</span> <span class='ocrx_word' id='word_1_140' title='bbox 422 1297 428 1315; x_wconf 74' lang='grc' dir='ltr'><strong><em>ι</em></strong></span> <span class='ocrx_word' id='word_1_141' title='bbox 452 1295 515 1316; x_wconf 86' lang='grc'>11011</span> <span class='ocrx_word' id='word_1_142' title='bbox 539 1288 694 1325; x_wconf 80' lang='lat' dir='ltr'>quantum</span> <span class='ocrx_word' id='word_1_143' title='bbox 712 1285 749 1314; x_wconf 85' lang='lat' dir='ltr'>ad</span> <span class='ocrx_word' id='word_1_144' title='bbox 768 1285 950 1323; x_wconf 81' lang='lat' dir='ltr'>significan-</span> 
     </span>
     <span class='ocr_line' id='line_1_28' title="bbox 180 1337 952 1377; baseline -0.001 -10"><span class='ocrx_word' id='word_1_145' title='bbox 180 1338 271 1375; x_wconf 88' lang='lat' dir='ltr'>tiam,</span> <span class='ocrx_word' id='word_1_146' title='bbox 289 1339 363 1377; x_wconf 85' lang='lat' dir='ltr'>quia</span> <span class='ocrx_word' id='word_1_147' title='bbox 378 1339 491 1368; x_wconf 74' lang='lat' dir='ltr'>debent</span> <span class='ocrx_word' id='word_1_148' title='bbox 504 1339 632 1377; x_wconf 76' lang='lat' dir='ltr'>signare</span> <span class='ocrx_word' id='word_1_149' title='bbox 647 1346 762 1377; x_wconf 87' lang='lat' dir='ltr'>corpus</span> <span class='ocrx_word' id='word_1_150' title='bbox 775 1337 889 1367; x_wconf 87' lang='lat' dir='ltr'>Christi</span> <span class='ocrx_word' id='word_1_151' title='bbox 902 1346 952 1367; x_wconf 91' lang='lat' dir='ltr'>ve-</span> 
     </span>
     <span class='ocr_line' id='line_1_29' title="bbox 180 1390 953 1433; baseline -0.001 -12"><span class='ocrx_word' id='word_1_152' title='bbox 180 1401 254 1422; x_wconf 89' lang='lat' dir='ltr'>rum</span> <span class='ocrx_word' id='word_1_153' title='bbox 279 1394 309 1433; x_wconf 77' lang='lat' dir='ltr'>et</span> <span class='ocrx_word' id='word_1_154' title='bbox 334 1392 519 1431; x_wconf 73' lang='lat' dir='ltr'>mysticum3</span> <span class='ocrx_word' id='word_1_155' title='bbox 545 1394 575 1421; x_wconf 86' lang='lat' dir='ltr'>et</span> <span class='ocrx_word' id='word_1_156' title='bbox 605 1391 739 1429; x_wconf 89' lang='lat' dir='ltr'>sanguis</span> <span class='ocrx_word' id='word_1_157' title='bbox 762 1390 953 1420; x_wconf 76' lang='lat' dir='ltr'>sufficienter</span> 
     </span>
     <span class='ocr_line' id='line_1_30' title="bbox 181 1444 952 1483; baseline -0.001 -10"><span class='ocrx_word' id='word_1_158' title='bbox 181 1444 327 1483; x_wconf 82' lang='lat' dir='ltr'>signatur</span> <span class='ocrx_word' id='word_1_159' title='bbox 348 1454 403 1483; x_wconf 89' lang='lat' dir='ltr'>per</span> <span class='ocrx_word' id='word_1_160' title='bbox 426 1445 549 1481; x_wconf 86' lang='lat' dir='ltr'>vinum,</span> <span class='ocrx_word' id='word_1_161' title='bbox 572 1446 602 1474; x_wconf 86' lang='lat' dir='ltr'>et</span> <span class='ocrx_word' id='word_1_162' title='bbox 624 1444 767 1474; x_wconf 80' lang='lat' dir='ltr'>similiter</span> <span class='ocrx_word' id='word_1_163' title='bbox 782 1444 858 1474; x_wconf 92' lang='lat' dir='ltr'>unio</span> <span class='ocrx_word' id='word_1_164' title='bbox 881 1452 952 1473; x_wconf 89' lang='lat' dir='ltr'>cor-</span> 
     </span>
     <span class='ocr_line' id='line_1_31' title="bbox 180 1496 949 1536; baseline -0.001 -9"><span class='ocrx_word' id='word_1_165' title='bbox 180 1498 265 1536; x_wconf 82' lang='lat' dir='ltr'>poris</span> <span class='ocrx_word' id='word_1_166' title='bbox 288 1497 431 1536; x_wconf 87' lang='lat' dir='ltr'>mystici;</span> <span class='ocrx_word' id='word_1_167' title='bbox 454 1506 510 1527; x_wconf 82' lang='lat' dir='ltr'>nec</span> <span class='ocrx_word' id='word_1_168' title='bbox 532 1499 686 1536; x_wconf 85' lang='lat' dir='ltr'>quantum</span> <span class='ocrx_word' id='word_1_169' title='bbox 709 1497 746 1527; x_wconf 83' lang='lat' dir='ltr'>ad</span> <span class='ocrx_word' id='word_1_170' title='bbox 768 1496 949 1532; x_wconf 80' lang='lat' dir='ltr'>efficaciam,</span> 
     </span>
     <span class='ocr_line' id='line_1_32' title="bbox 180 1549 829 1590; baseline -0.003 -10"><span class='ocrx_word' id='word_1_171' title='bbox 180 1551 255 1589; x_wconf 83' lang='lat' dir='ltr'>quia</span> <span class='ocrx_word' id='word_1_172' title='bbox 270 1550 337 1580; x_wconf 88' lang='lat' dir='ltr'>sine</span> <span class='ocrx_word' id='word_1_173' title='bbox 352 1559 436 1590; x_wconf 81' lang='lat' dir='ltr'>aqua</span> <span class='ocrx_word' id='word_1_174' title='bbox 448 1552 495 1580; x_wconf 87' lang='lat' dir='ltr'>est</span> <span class='ocrx_word' id='word_1_175' title='bbox 509 1549 829 1580; x_wconf 79' lang='lat' dir='ltr'>transsubstantiatio.</span> 
     </span>
    </p>

    <p class='ocr_par' dir='ltr' id='par_1_11' title="bbox 179 1602 952 1906">
     <span class='ocr_line' id='line_1_33' title="bbox 220 1602 952 1643; baseline -0.004 -10"><span class='ocrx_word' id='word_1_176' title='bbox 220 1606 248 1634; x_wconf 76' lang='lat'>1.</span> <span class='ocrx_word' id='word_1_177' title='bbox 263 1603 352 1641; x_wconf 91' lang='lat' dir='ltr'>Item,</span> <span class='ocrx_word' id='word_1_178' title='bbox 368 1603 521 1643; x_wconf 86' lang='lat' dir='ltr'>quidquid</span> <span class='ocrx_word' id='word_1_179' title='bbox 535 1603 574 1633; x_wconf 91' lang='lat' dir='ltr'>sit</span> <span class='ocrx_word' id='word_1_180' title='bbox 585 1603 622 1633; x_wconf 87' lang='lat' dir='ltr'>de</span> <span class='ocrx_word' id='word_1_181' title='bbox 636 1602 828 1641; x_wconf 83' lang='lat' dir='ltr'>integritate,</span> <span class='ocrx_word' id='word_1_182' title='bbox 840 1610 952 1640; x_wconf 72' lang='lat' dir='ltr'>quaero</span> 
     </span>
     <span class='ocr_line' id='line_1_34' title="bbox 179 1654 949 1694; baseline -0.001 -9"><span class='ocrx_word' id='word_1_183' title='bbox 179 1655 217 1685; x_wconf 89' lang='lat' dir='ltr'>de</span> <span class='ocrx_word' id='word_1_184' title='bbox 231 1656 445 1694; x_wconf 79' lang='lat' dir='ltr'>congruitate,</span> <span class='ocrx_word' id='word_1_185' title='bbox 461 1658 491 1686; x_wconf 92' lang='lat' dir='ltr'>et</span> <span class='ocrx_word' id='word_1_186' title='bbox 506 1655 633 1686; x_wconf 86' lang='lat' dir='ltr'>videtur</span> <span class='ocrx_word' id='word_1_187' title='bbox 647 1654 732 1694; x_wconf 89' lang='lat' dir='ltr'>quod</span> <span class='ocrx_word' id='word_1_188' title='bbox 747 1663 812 1685; x_wconf 91' lang='lat' dir='ltr'>non</span> <span class='ocrx_word' id='word_1_189' title='bbox 825 1654 865 1684; x_wconf 88' lang='lat' dir='ltr'>sit</span> <span class='ocrx_word' id='word_1_190' title='bbox 880 1662 949 1684; x_wconf 86' lang='lat' dir='ltr'>con-</span> 
     </span>
     <span class='ocr_line' id='line_1_35' title="bbox 181 1707 949 1748; baseline -0.003 -10"><span class='ocrx_word' id='word_1_191' title='bbox 181 1717 301 1747; x_wconf 88' lang='lat' dir='ltr'>gruum</span> <span class='ocrx_word' id='word_1_192' title='bbox 320 1717 435 1747; x_wconf 83' lang='lat' dir='ltr'>aquam</span> <span class='ocrx_word' id='word_1_193' title='bbox 455 1708 581 1748; x_wconf 91' lang='lat' dir='ltr'>apponi,</span> <span class='ocrx_word' id='word_1_194' title='bbox 603 1708 678 1746; x_wconf 88' lang='lat' dir='ltr'>quia</span> <span class='ocrx_word' id='word_1_195' title='bbox 696 1707 756 1737; x_wconf 85' lang='grc'>1106</span> <span class='ocrx_word' id='word_1_196' title='bbox 771 1715 949 1737; x_wconf 89' lang='lat' dir='ltr'>sacramen-</span> 
     </span>
     <span class='ocr_line' id='line_1_36' title="bbox 180 1759 951 1799; baseline -0.001 -9"><span class='ocrx_word' id='word_1_197' title='bbox 180 1763 249 1791; x_wconf 86' lang='lat' dir='ltr'>tum</span> <span class='ocrx_word' id='word_1_198' title='bbox 263 1763 310 1792; x_wconf 92' lang='lat' dir='ltr'>est</span> <span class='ocrx_word' id='word_1_199' title='bbox 328 1761 374 1791; x_wconf 85' lang='lat' dir='ltr'>rei</span> <span class='ocrx_word' id='word_1_200' title='bbox 388 1761 536 1792; x_wconf 90' lang='lat' dir='ltr'>habentis</span> <span class='ocrx_word' id='word_1_201' title='bbox 550 1760 653 1792; x_wconf 89' lang='lat' dir='ltr'>omnis</span> <span class='ocrx_word' id='word_1_202' title='bbox 675 1760 797 1799; x_wconf 87' lang='lat' dir='ltr'>saporis</span> <span class='ocrx_word' id='word_1_203' title='bbox 813 1759 951 1790; x_wconf 84' lang='lat' dir='ltr'>suavita-</span> 
     </span>
     <span class='ocr_line' id='line_1_37' title="bbox 180 1813 951 1853; baseline -0.003 -9"><span class='ocrx_word' id='word_1_204' title='bbox 180 1816 264 1844; x_wconf 85' lang='lat' dir='ltr'>tem:</span> <span class='ocrx_word' id='word_1_205' title='bbox 288 1814 340 1844; x_wconf 89' lang='lat' dir='ltr'>sed</span> <span class='ocrx_word' id='word_1_206' title='bbox 355 1823 438 1853; x_wconf 89' lang='lat' dir='ltr'>aqua</span> <span class='ocrx_word' id='word_1_207' title='bbox 451 1816 497 1844; x_wconf 87' lang='lat' dir='ltr'>est</span> <span class='ocrx_word' id='word_1_208' title='bbox 517 1813 652 1853; x_wconf 90' lang='lat' dir='ltr'>insipida</span> <span class='ocrx_word' id='word_1_209' title='bbox 666 1823 673 1843; x_wconf 80' lang='lat' dir='ltr'><strong><em>z</em></strong></span> <span class='ocrx_word' id='word_1_210' title='bbox 698 1821 777 1850; x_wconf 86' lang='lat' dir='ltr'>ergo</span> <span class='ocrx_word' id='word_1_211' title='bbox 793 1820 858 1843; x_wconf 90' lang='lat' dir='ltr'>non</span> <span class='ocrx_word' id='word_1_212' title='bbox 872 1820 951 1842; x_wconf 85' lang='grc'>6011-</span> 
     </span>
     <span class='ocr_line' id='line_1_38' title="bbox 180 1867 278 1906; baseline -0.01 -9"><span class='ocrx_word' id='word_1_213' title='bbox 180 1867 278 1906; x_wconf 85' lang='lat' dir='ltr'>gruit.</span> 
     </span>
    </p>

    <p class='ocr_par' dir='ltr' id='par_1_12' title="bbox 182 1917 948 2010">
     <span class='ocr_line' id='line_1_39' title="bbox 219 1917 948 1958; baseline -0.001 -9"><span class='ocrx_word' id='word_1_214' title='bbox 219 1921 250 1949; x_wconf 74' lang='lat'>2.</span> <span class='ocrx_word' id='word_1_215' title='bbox 264 1919 341 1949; x_wconf 83' lang='lat' dir='ltr'>Item</span> <span class='ocrx_word' id='word_1_216' title='bbox 355 1918 430 1958; x_wconf 86' lang='lat' dir='ltr'>pani</span> <span class='ocrx_word' id='word_1_217' title='bbox 444 1918 523 1949; x_wconf 87' lang='lat' dir='ltr'>nihil</span> <span class='ocrx_word' id='word_1_218' title='bbox 535 1918 675 1949; x_wconf 85' lang='lat' dir='ltr'>additur:</span> <span class='ocrx_word' id='word_1_219' title='bbox 691 1926 769 1956; x_wconf 89' lang='lat' dir='ltr'>ergo</span> <span class='ocrx_word' id='word_1_220' title='bbox 784 1926 842 1948; x_wconf 88' lang='lat' dir='ltr'>nec</span> <span class='ocrx_word' id='word_1_221' title='bbox 856 1917 948 1948; x_wconf 87' lang='lat' dir='ltr'>vino:</span> 
     </span>
     <span class='ocr_line' id='line_1_40' title="bbox 182 1971 730 2010; baseline -0.004 -8"><span class='ocrx_word' id='word_1_222' title='bbox 182 1971 232 2002; x_wconf 88' lang='lat' dir='ltr'>vel</span> <span class='ocrx_word' id='word_1_223' title='bbox 247 1972 273 2002; x_wconf 89' lang='lat' dir='ltr'>si</span> <span class='ocrx_word' id='word_1_224' title='bbox 291 1971 427 2008; x_wconf 81' lang='lat' dir='ltr'>additur,</span> <span class='ocrx_word' id='word_1_225' title='bbox 448 1971 605 2010; x_wconf 81' lang='lat' dir='ltr'>quaeritur</span> <span class='ocrx_word' id='word_1_226' title='bbox 621 1979 730 2010; x_wconf 85' lang='lat' dir='ltr'>quare.</span> 
     </span>
    </p>

    <p class='ocr_par' dir='ltr' id='par_1_13' title="bbox 181 2023 951 2169">
     <span class='ocr_line' id='line_1_41' title="bbox 221 2023 948 2062; baseline 0 -8"><span class='ocrx_word' id='word_1_227' title='bbox 221 2026 250 2054; x_wconf 90' lang='lat'>3.</span> <span class='ocrx_word' id='word_1_228' title='bbox 271 2024 349 2055; x_wconf 88' lang='lat' dir='ltr'>Item</span> <span class='ocrx_word' id='word_1_229' title='bbox 364 2024 515 2055; x_wconf 85' lang='lat' dir='ltr'>Dominus</span> <span class='ocrx_word' id='word_1_230' title='bbox 534 2033 598 2054; x_wconf 89' lang='lat' dir='ltr'>non</span> <span class='ocrx_word' id='word_1_231' title='bbox 610 2023 729 2062; x_wconf 84' lang='lat' dir='ltr'>legitur</span> <span class='ocrx_word' id='word_1_232' title='bbox 743 2023 927 2062; x_wconf 85' lang='lat' dir='ltr'>apposuisse</span> <span class='ocrx_word' id='word_1_233' title='bbox 942 2034 948 2054; x_wconf 81' lang='lat' dir='ltr'><strong><em>z</em></strong></span> 
     </span>
     <span class='ocr_line' id='line_1_42' title="bbox 181 2075 951 2116; baseline -0.004 -8"><span class='ocrx_word' id='word_1_234' title='bbox 181 2087 260 2116; x_wconf 89' lang='lat' dir='ltr'>ergo</span> <span class='ocrx_word' id='word_1_235' title='bbox 275 2078 400 2108; x_wconf 88' lang='lat' dir='ltr'>videtur</span> <span class='ocrx_word' id='word_1_236' title='bbox 415 2077 497 2116; x_wconf 90' lang='lat' dir='ltr'>quod</span> <span class='ocrx_word' id='word_1_237' title='bbox 514 2085 577 2107; x_wconf 89' lang='lat' dir='ltr'>non</span> <span class='ocrx_word' id='word_1_238' title='bbox 592 2078 697 2116; x_wconf 81' lang='lat' dir='ltr'>peccet</span> <span class='ocrx_word' id='word_1_239' title='bbox 709 2075 763 2115; x_wconf 89' lang='lat' dir='ltr'>qui</span> <span class='ocrx_word' id='word_1_240' title='bbox 778 2084 842 2105; x_wconf 91' lang='lat' dir='ltr'>non</span> <span class='ocrx_word' id='word_1_241' title='bbox 857 2085 951 2115; x_wconf 90' lang='lat' dir='ltr'>appo-</span> 
     </span>
     <span class='ocr_line' id='line_1_43' title="bbox 181 2129 766 2169; baseline -0.003 -8"><span class='ocrx_word' id='word_1_242' title='bbox 181 2132 239 2169; x_wconf 88' lang='lat' dir='ltr'>nit,</span> <span class='ocrx_word' id='word_1_243' title='bbox 257 2131 309 2161; x_wconf 89' lang='lat' dir='ltr'>sed</span> <span class='ocrx_word' id='word_1_244' title='bbox 324 2130 424 2161; x_wconf 90' lang='lat' dir='ltr'>multo</span> <span class='ocrx_word' id='word_1_245' title='bbox 439 2130 544 2169; x_wconf 87' lang='lat' dir='ltr'>magis</span> <span class='ocrx_word' id='word_1_246' title='bbox 559 2130 614 2169; x_wconf 83' lang='lat' dir='ltr'>qui</span> <span class='ocrx_word' id='word_1_247' title='bbox 627 2129 766 2169; x_wconf 87' lang='lat' dir='ltr'>apponit.</span> 
     </span>
    </p>

    <p class='ocr_par' dir='ltr' id='par_1_14' title="bbox 181 2182 950 2483">
     <span class='ocr_line' id='line_1_44' title="bbox 221 2182 950 2221; baseline -0.003 -7"><span class='ocrx_word' id='word_1_248' title='bbox 221 2183 309 2220; x_wconf 83' lang='lat' dir='ltr'>Quod</span> <span class='ocrx_word' id='word_1_249' title='bbox 323 2185 428 2214; x_wconf 84' lang='lat' dir='ltr'>autem</span> <span class='ocrx_word' id='word_1_250' title='bbox 445 2183 484 2213; x_wconf 90' lang='lat' dir='ltr'>sit</span> <span class='ocrx_word' id='word_1_251' title='bbox 498 2183 535 2213; x_wconf 91' lang='lat' dir='ltr'>de</span> <span class='ocrx_word' id='word_1_252' title='bbox 550 2182 742 2219; x_wconf 78' lang='lat' dir='ltr'>necessitate,</span> <span class='ocrx_word' id='word_1_253' title='bbox 759 2184 789 2212; x_wconf 91' lang='lat' dir='ltr'>et</span> <span class='ocrx_word' id='word_1_254' title='bbox 802 2183 950 2221; x_wconf 84' lang='lat' dir='ltr'>congrui-</span> 
     </span>
     <span class='ocr_line' id='line_1_45' title="bbox 182 2235 945 2275; baseline 0.001 -10"><span class='ocrx_word' id='word_1_255' title='bbox 182 2238 243 2266; x_wconf 83' lang='lat' dir='ltr'>tate</span> <span class='ocrx_word' id='word_1_256' title='bbox 266 2236 426 2275; x_wconf 78' lang='lat' dir='ltr'>praecepti‚</span> <span class='ocrx_word' id='word_1_257' title='bbox 449 2235 624 2275; x_wconf 79' lang='lat' dir='ltr'>Cyprianus</span> <span class='ocrx_word' id='word_1_258' title='bbox 645 2235 794 2273; x_wconf 88' lang='lat' dir='ltr'>ostendit,</span> <span class='ocrx_word' id='word_1_259' title='bbox 818 2235 945 2266; x_wconf 88' lang='lat' dir='ltr'>dicens:</span> 
     </span>
     <span class='ocr_line' id='line_1_46' title="bbox 185 2287 945 2327; baseline 0.001 -10"><span class='ocrx_word' id='word_1_260' title='bbox 185 2300 199 2317; x_wconf 86' lang='lat'>«</span> <span class='ocrx_word' id='word_1_261' title='bbox 214 2287 311 2318; x_wconf 87' lang='lat' dir='ltr'>Nobis</span> <span class='ocrx_word' id='word_1_262' title='bbox 325 2289 448 2327; x_wconf 79' lang='lat' dir='ltr'>ignosci</span> <span class='ocrx_word' id='word_1_263' title='bbox 463 2289 594 2319; x_wconf 89' lang='lat' dir='ltr'>omnino</span> <span class='ocrx_word' id='word_1_264' title='bbox 609 2297 673 2318; x_wconf 90' lang='lat' dir='ltr'>non</span> <span class='ocrx_word' id='word_1_265' title='bbox 690 2290 803 2327; x_wconf 89' lang='lat' dir='ltr'>potest,</span> <span class='ocrx_word' id='word_1_266' title='bbox 821 2288 876 2327; x_wconf 83' lang='lat' dir='ltr'>qui</span> <span class='ocrx_word' id='word_1_267' title='bbox 891 2288 945 2318; x_wconf 84' lang='lat' dir='ltr'>ad-</span> 
     </span>
     <span class='ocr_line' id='line_1_47' title="bbox 181 2340 948 2378; baseline 0.001 -8"><span class='ocrx_word' id='word_1_268' title='bbox 181 2341 292 2371; x_wconf 88' lang='lat' dir='ltr'>moniti</span> <span class='ocrx_word' id='word_1_269' title='bbox 309 2350 432 2378; x_wconf 89' lang='lat' dir='ltr'>sumus,</span> <span class='ocrx_word' id='word_1_270' title='bbox 448 2343 484 2371; x_wconf 92' lang='lat' dir='ltr'>ut</span> <span class='ocrx_word' id='word_1_271' title='bbox 497 2341 627 2371; x_wconf 81' lang='lat' dir='ltr'>calicem</span> <span class='ocrx_word' id='word_1_272' title='bbox 642 2340 767 2370; x_wconf 89' lang='lat' dir='ltr'>Domini</span> <span class='ocrx_word' id='word_1_273' title='bbox 784 2350 858 2370; x_wconf 84' lang='lat' dir='ltr'>cum</span> <span class='ocrx_word' id='word_1_274' title='bbox 872 2342 948 2371; x_wconf 87' lang='lat' dir='ltr'>vino</span> 
     </span>
     <span class='ocr_line' id='line_1_48' title="bbox 181 2393 950 2432; baseline 0 -9"><span class='ocrx_word' id='word_1_275' title='bbox 181 2396 211 2424; x_wconf 90' lang='lat' dir='ltr'>et</span> <span class='ocrx_word' id='word_1_276' title='bbox 230 2403 314 2432; x_wconf 84' lang='lat' dir='ltr'>aqua</span> <span class='ocrx_word' id='word_1_277' title='bbox 333 2393 485 2430; x_wconf 80' lang='lat' dir='ltr'>mixtum,</span> <span class='ocrx_word' id='word_1_278' title='bbox 503 2393 674 2423; x_wconf 87' lang='lat' dir='ltr'>secundum</span> <span class='ocrx_word' id='word_1_279' title='bbox 691 2393 776 2432; x_wconf 87' lang='lat' dir='ltr'>quod</span> <span class='ocrx_word' id='word_1_280' title='bbox 797 2393 950 2425; x_wconf 81' lang='lat' dir='ltr'>Dominus</span> 
     </span>
     <span class='ocr_line' id='line_1_49' title="bbox 181 2445 535 2483; baseline -0.006 -7"><span class='ocrx_word' id='word_1_281' title='bbox 181 2445 305 2483; x_wconf 86' lang='lat' dir='ltr'>obtulit,</span> <span class='ocrx_word' id='word_1_282' title='bbox 322 2445 504 2476; x_wconf 84' lang='lat' dir='ltr'>offeramus.</span> <span class='ocrx_word' id='word_1_283' title='bbox 521 2457 535 2473; x_wconf 86' lang='lat'>»</span> 
     </span>
    </p>

    <p class='ocr_par' dir='ltr' id='par_1_15' title="bbox 183 2497 950 2584">
     <span class='ocr_line' id='line_1_50' title="bbox 224 2497 950 2539; baseline 0 -10"><span class='ocrx_word' id='word_1_284' title='bbox 224 2499 362 2536; x_wconf 81' lang='lat' dir='ltr'>Quaestio</span> <span class='ocrx_word' id='word_1_285' title='bbox 375 2508 453 2537; x_wconf 87' lang='lat' dir='ltr'>ergo</span> <span class='ocrx_word' id='word_1_286' title='bbox 468 2500 525 2535; x_wconf 76' lang='lat' dir='ltr'>est,</span> <span class='ocrx_word' id='word_1_287' title='bbox 537 2498 562 2528; x_wconf 90' lang='lat' dir='ltr'>si</span> <span class='ocrx_word' id='word_1_288' title='bbox 575 2497 748 2528; x_wconf 82' lang='lat' dir='ltr'>mortaliter</span> <span class='ocrx_word' id='word_1_289' title='bbox 761 2500 879 2537; x_wconf 79' lang='lat' dir='ltr'>peccat,</span> <span class='ocrx_word' id='word_1_290' title='bbox 895 2499 950 2539; x_wconf 90' lang='lat' dir='ltr'>qui</span> 
     </span>
     <span class='ocr_line' id='line_1_51' title="bbox 183 2552 311 2584; baseline -0.016 0"><span class='ocrx_word' id='word_1_291' title='bbox 183 2552 311 2584; x_wconf 81' lang='lat' dir='ltr'>omittit.</span> 
     </span>
    </p>

    <p class='ocr_par' dir='ltr' id='par_1_16' title="bbox 217 2613 656 2644">
     <span class='ocr_line' id='line_1_52' title="bbox 217 2613 656 2644; baseline -0.009 -6"><span class='ocrx_word' id='word_1_292' title='bbox 217 2617 224 2630; x_wconf 87' lang='lat'><strong>¹</strong></span> <span class='ocrx_word' id='word_1_293' title='bbox 237 2615 272 2638; x_wconf 86' lang='lat' dir='ltr'>De</span> <span class='ocrx_word' id='word_1_294' title='bbox 285 2614 408 2644; x_wconf 63' lang='lat' dir='ltr'>Consecr„</span> <span class='ocrx_word' id='word_1_295' title='bbox 422 2613 478 2637; x_wconf 81' lang='lat' dir='ltr'>dist.</span> <span class='ocrx_word' id='word_1_296' title='bbox 493 2619 520 2643; x_wconf 85' lang='lat'>11,</span> <span class='ocrx_word' id='word_1_297' title='bbox 535 2619 557 2636; x_wconf 87' lang='lat' dir='ltr'>c.</span> <span class='ocrx_word' id='word_1_298' title='bbox 574 2614 656 2636; x_wconf 79' lang='lat' dir='ltr'>Omne.</span> 
     </span>
    </p>

    <p class='ocr_par' dir='ltr' id='par_1_17' title="bbox 285 2666 414 2689">
     <span class='ocr_line' id='line_1_53' title="bbox 285 2666 414 2689; baseline 0 -1"><span class='ocrx_word' id='word_1_299' title='bbox 285 2667 358 2689; x_wconf 72' lang='lat' dir='ltr'>rou.</span> <span class='ocrx_word' id='word_1_300' title='bbox 381 2666 414 2689; x_wconf 87' lang='lat' dir='ltr'>v.</span> 
     </span>
    </p>
   </div>
   <div class='ocr_carea' id='block_1_7' title="bbox 960 165 1360 202">
    <p class='ocr_par' dir='ltr' id='par_1_18' title="bbox 960 165 1360 202">
     <span class='ocr_line' id='line_1_54' title="bbox 960 165 1360 202; baseline 0.013 -7"><span class='ocrx_word' id='word_1_301' title='bbox 960 189 966 195; x_wconf 94' lang='lat'>.</span> <span class='ocrx_word' id='word_1_302' title='bbox 991 165 1079 196; x_wconf 73' lang='grc' dir='ltr'>ΛΒΤ.</span> <span class='ocrx_word' id='word_1_303' title='bbox 1106 165 1126 196; x_wconf 91' lang='lat' dir='ltr'>I.</span> <span class='ocrx_word' id='word_1_304' title='bbox 1151 166 1285 202; x_wconf 64' lang='lat' dir='ltr'>QUAES&#39;I&#39;</span> <span class='ocrx_word' id='word_1_305' title='bbox 1311 168 1360 200; x_wconf 86' lang='lat' dir='ltr'>III.</span> 
     </span>
    </p>
   </div>
   <div class='ocr_carea' id='block_1_8' title="bbox 1714 179 1771 207">
    <p class='ocr_par' dir='ltr' id='par_1_19' title="bbox 1714 179 1771 207">
     <span class='ocr_line' id='line_1_55' title="bbox 1714 179 1771 207; baseline 0 0"><span class='ocrx_word' id='word_1_306' title='bbox 1714 179 1771 207; x_wconf 72' lang='lat'>497</span> 
     </span>
    </p>
   </div>
   <div class='ocr_carea' id='block_1_9' title="bbox 1256 291 1514 327">
    <p class='ocr_par' dir='ltr' id='par_1_20' title="bbox 1256 291 1514 327">
     <span class='ocr_line' id='line_1_56' title="bbox 1256 291 1514 327; baseline 0.019 -5"><span class='ocrx_word' id='word_1_307' title='bbox 1256 291 1514 327; x_wconf 89' lang='lat' dir='ltr'>CONCLUSIO.</span> 
     </span>
    </p>
   </div>
   <div class='ocr_carea' id='block_1_10' title="bbox 1005 376 1775 497">
    <p class='ocr_par' dir='ltr' id='par_1_21' title="bbox 1005 376 1775 497">
     <span class='ocr_line' id='line_1_57' title="bbox 1005 376 1772 412; baseline 0.016 -11"><span class='ocrx_word' id='word_1_308' title='bbox 1005 376 1086 410; x_wconf 77' lang='lat' dir='ltr'>Aqua</span> <span class='ocrx_word' id='word_1_309' title='bbox 1104 383 1155 402; x_wconf 80' lang='lat' dir='ltr'>non</span> <span class='ocrx_word' id='word_1_310' title='bbox 1171 376 1204 411; x_wconf 81' lang='lat' dir='ltr'>(a)</span> <span class='ocrx_word' id='word_1_311' title='bbox 1223 379 1259 404; x_wconf 82' lang='lat' dir='ltr'>cst</span> <span class='ocrx_word' id='word_1_312' title='bbox 1278 378 1310 404; x_wconf 83' lang='lat' dir='ltr'>de</span> <span class='ocrx_word' id='word_1_313' title='bbox 1324 379 1477 412; x_wconf 63' lang='lat' dir='ltr'>inteqrz&#39;tate</span> <span class='ocrx_word' id='word_1_314' title='bbox 1490 386 1652 411; x_wconf 72' lang='lat' dir='ltr'>sacramenti</span> <span class='ocrx_word' id='word_1_315' title='bbox 1665 385 1772 412; x_wconf 77' lang='lat' dir='ltr'>Eucha-</span> 
     </span>
     <span class='ocr_line' id='line_1_58' title="bbox 1041 421 1775 459; baseline 0.016 -14"><span class='ocrx_word' id='word_1_316' title='bbox 1041 421 1143 451; x_wconf 76' lang='lat' dir='ltr'>⁷·z&#39;stz&#39;w;</span> <span class='ocrx_word' id='word_1_317' title='bbox 1167 421 1212 447; x_wconf 83' lang='lat' dir='ltr'>sed</span> <span class='ocrx_word' id='word_1_318' title='bbox 1235 424 1270 448; x_wconf 82' lang='lat' dir='ltr'>est</span> <span class='ocrx_word' id='word_1_319' title='bbox 1294 423 1360 456; x_wconf 69' lang='lat' dir='ltr'>quid</span> <span class='ocrx_word' id='word_1_320' title='bbox 1382 431 1513 452; x_wconf 76' lang='lat' dir='ltr'>anneaeum</span> <span class='ocrx_word' id='word_1_321' title='bbox 1536 429 1667 459; x_wconf 80' lang='lat' dir='ltr'>materz&#39;oe,</span> <span class='ocrx_word' id='word_1_322' title='bbox 1695 433 1717 456; x_wconf 84' lang='lat' dir='ltr'>et</span> <span class='ocrx_word' id='word_1_323' title='bbox 1745 431 1775 457; x_wconf 83' lang='lat' dir='ltr'>de</span> 
     </span>
     <span class='ocr_line' id='line_1_59' title="bbox 1042 465 1216 497; baseline 0.029 -11"><span class='ocrx_word' id='word_1_324' title='bbox 1042 465 1216 497; x_wconf 56' lang='lat' dir='ltr'>rouvruz&#39;tate.</span> 
     </span>
    </p>
   </div>
   <div class='ocr_carea' id='block_1_11' title="bbox 1004 547 1778 2645">
    <p class='ocr_par' dir='ltr' id='par_1_22' title="bbox 1006 547 1778 1433">
     <span class='ocr_line' id='line_1_60' title="bbox 1046 547 1775 598; baseline 0.016 -21"><span class='ocrx_word' id='word_1_325' title='bbox 1046 547 1137 587; x_wconf 83' lang='lat' dir='ltr'>Resp.</span> <span class='ocrx_word' id='word_1_326' title='bbox 1154 550 1193 580; x_wconf 90' lang='lat' dir='ltr'>ad</span> <span class='ocrx_word' id='word_1_327' title='bbox 1208 560 1278 590; x_wconf 88' lang='lat' dir='ltr'>arg.</span> <span class='ocrx_word' id='word_1_328' title='bbox 1295 551 1467 584; x_wconf 87' lang='lat' dir='ltr'>Dicendum</span> <span class='ocrx_word' id='word_1_329' title='bbox 1489 555 1573 594; x_wconf 82' lang='lat' dir='ltr'>quod</span> <span class='ocrx_word' id='word_1_330' title='bbox 1593 556 1631 587; x_wconf 86' lang='lat' dir='ltr'>de</span> <span class='ocrx_word' id='word_1_331' title='bbox 1645 557 1775 598; x_wconf 85' lang='lat' dir='ltr'>integri-</span> 
     </span>
     <span class='ocr_line' id='line_1_61' title="bbox 1006 602 1776 647; baseline 0.016 -18"><span class='ocrx_word' id='word_1_332' title='bbox 1006 602 1068 630; x_wconf 87' lang='lat' dir='ltr'>tate</span> <span class='ocrx_word' id='word_1_333' title='bbox 1085 604 1273 633; x_wconf 83' lang='lat' dir='ltr'>sacramenti</span> <span class='ocrx_word' id='word_1_334' title='bbox 1291 603 1389 644; x_wconf 72' lang='lat' dir='ltr'>huJus</span> <span class='ocrx_word' id='word_1_335' title='bbox 1406 608 1481 637; x_wconf 88' lang='lat' dir='ltr'>sunt</span> <span class='ocrx_word' id='word_1_336' title='bbox 1495 610 1643 647; x_wconf 86' lang='lat' dir='ltr'>quatuor,</span> <span class='ocrx_word' id='word_1_337' title='bbox 1660 610 1776 642; x_wconf 90' lang='lat' dir='ltr'>scilicet</span> 
     </span>
     <span class='ocr_line' id='line_1_62' title="bbox 1006 654 1775 697; baseline 0.017 -16"><span class='ocrx_word' id='word_1_338' title='bbox 1006 654 1146 691; x_wconf 82' lang='lat' dir='ltr'>materia,</span> <span class='ocrx_word' id='word_1_339' title='bbox 1162 657 1191 685; x_wconf 87' lang='lat' dir='ltr'>et</span> <span class='ocrx_word' id='word_1_340' title='bbox 1207 656 1318 695; x_wconf 78' lang='lat' dir='ltr'>forma,</span> <span class='ocrx_word' id='word_1_341' title='bbox 1344 660 1373 688; x_wconf 85' lang='lat' dir='ltr'>et</span> <span class='ocrx_word' id='word_1_342' title='bbox 1388 659 1476 697; x_wconf 89' lang='lat' dir='ltr'>ordo,</span> <span class='ocrx_word' id='word_1_343' title='bbox 1500 662 1530 690; x_wconf 89' lang='lat' dir='ltr'>et</span> <span class='ocrx_word' id='word_1_344' title='bbox 1550 661 1683 693; x_wconf 89' lang='lat' dir='ltr'>intentio</span> <span class='ocrx_word' id='word_1_345' title='bbox 1697 672 1775 695; x_wconf 88' lang='lat' dir='ltr'>con-</span> 
     </span>
     <span class='ocr_line' id='line_1_63' title="bbox 1006 706 1776 748; baseline 0.018 -14"><span class='ocrx_word' id='word_1_346' title='bbox 1006 706 1174 745; x_wconf 86' lang='lat' dir='ltr'>secrantis;</span> <span class='ocrx_word' id='word_1_347' title='bbox 1190 707 1227 738; x_wconf 91' lang='lat' dir='ltr'>de</span> <span class='ocrx_word' id='word_1_348' title='bbox 1242 711 1442 748; x_wconf 79' lang='lat' dir='ltr'>congruitate</span> <span class='ocrx_word' id='word_1_349' title='bbox 1452 716 1559 744; x_wconf 83' lang='lat' dir='ltr'>autem</span> <span class='ocrx_word' id='word_1_350' title='bbox 1570 716 1601 744; x_wconf 89' lang='lat' dir='ltr'>et</span> <span class='ocrx_word' id='word_1_351' title='bbox 1613 715 1693 747; x_wconf 89' lang='lat' dir='ltr'>bene</span> <span class='ocrx_word' id='word_1_352' title='bbox 1709 725 1776 748; x_wconf 90' lang='lat' dir='ltr'>esse</span> 
     </span>
     <span class='ocr_line' id='line_1_64' title="bbox 1006 760 1774 807; baseline 0.018 -20"><span class='ocrx_word' id='word_1_353' title='bbox 1006 760 1089 795; x_wconf 84' lang='lat' dir='ltr'>sunt,</span> <span class='ocrx_word' id='word_1_354' title='bbox 1101 768 1173 797; x_wconf 83' lang='lat' dir='ltr'>quae</span> <span class='ocrx_word' id='word_1_355' title='bbox 1189 764 1263 791; x_wconf 87' lang='lat' dir='ltr'>sunt</span> <span class='ocrx_word' id='word_1_356' title='bbox 1277 762 1326 792; x_wconf 86' lang='lat' dir='ltr'>his</span> <span class='ocrx_word' id='word_1_357' title='bbox 1340 772 1475 795; x_wconf 78' lang='lat' dir='ltr'>annexa.</span> <span class='ocrx_word' id='word_1_358' title='bbox 1493 766 1584 806; x_wconf 83' lang='lat' dir='ltr'>Aqua</span> <span class='ocrx_word' id='word_1_359' title='bbox 1596 776 1686 807; x_wconf 88' lang='lat' dir='ltr'>ergo,</span> <span class='ocrx_word' id='word_1_360' title='bbox 1699 779 1774 800; x_wconf 87' lang='lat' dir='ltr'>cum</span> 
     </span>
     <span class='ocr_line' id='line_1_65' title="bbox 1006 811 1775 853; baseline 0.018 -14"><span class='ocrx_word' id='word_1_361' title='bbox 1006 819 1070 840; x_wconf 90' lang='lat' dir='ltr'>non</span> <span class='ocrx_word' id='word_1_362' title='bbox 1087 811 1126 841; x_wconf 91' lang='lat' dir='ltr'>sit</span> <span class='ocrx_word' id='word_1_363' title='bbox 1147 812 1266 851; x_wconf 86' lang='lat' dir='ltr'>aliquid</span> <span class='ocrx_word' id='word_1_364' title='bbox 1281 814 1412 853; x_wconf 85' lang='lat' dir='ltr'>horum,</span> <span class='ocrx_word' id='word_1_365' title='bbox 1434 826 1498 848; x_wconf 89' lang='lat' dir='ltr'>non</span> <span class='ocrx_word' id='word_1_366' title='bbox 1516 822 1563 850; x_wconf 87' lang='lat' dir='ltr'>est</span> <span class='ocrx_word' id='word_1_367' title='bbox 1584 820 1623 851; x_wconf 88' lang='lat' dir='ltr'>de</span> <span class='ocrx_word' id='word_1_368' title='bbox 1640 823 1775 852; x_wconf 86' lang='lat' dir='ltr'>necessi-</span> 
     </span>
     <span class='ocr_line' id='line_1_66' title="bbox 1006 864 1775 914; baseline 0.02 -22"><span class='ocrx_word' id='word_1_369' title='bbox 1006 865 1083 900; x_wconf 79' lang='lat' dir='ltr'>tate3</span> <span class='ocrx_word' id='word_1_370' title='bbox 1096 864 1150 894; x_wconf 88' lang='lat' dir='ltr'>sed</span> <span class='ocrx_word' id='word_1_371' title='bbox 1164 874 1325 897; x_wconf 76' lang='lat' dir='ltr'>annexum</span> <span class='ocrx_word' id='word_1_372' title='bbox 1334 871 1380 899; x_wconf 90' lang='lat' dir='ltr'>est</span> <span class='ocrx_word' id='word_1_373' title='bbox 1396 872 1547 910; x_wconf 71' lang='lat' dir='ltr'>materiae‚</span> <span class='ocrx_word' id='word_1_374' title='bbox 1562 873 1677 905; x_wconf 90' lang='lat' dir='ltr'>scilicet</span> <span class='ocrx_word' id='word_1_375' title='bbox 1687 876 1775 914; x_wconf 90' lang='lat' dir='ltr'>vino,</span> 
     </span>
     <span class='ocr_line' id='line_1_67' title="bbox 1006 915 1778 964; baseline 0.019 -20"><span class='ocrx_word' id='word_1_376' title='bbox 1006 915 1081 954; x_wconf 86' lang='lat' dir='ltr'>quia</span> <span class='ocrx_word' id='word_1_377' title='bbox 1101 917 1289 957; x_wconf 79' lang='lat' dir='ltr'>adjungitur</span> <span class='ocrx_word' id='word_1_378' title='bbox 1304 921 1395 958; x_wconf 89' lang='lat' dir='ltr'>vino,</span> <span class='ocrx_word' id='word_1_379' title='bbox 1415 925 1445 953; x_wconf 88' lang='lat' dir='ltr'>et</span> <span class='ocrx_word' id='word_1_380' title='bbox 1460 923 1493 953; x_wconf 89' lang='lat' dir='ltr'>in</span> <span class='ocrx_word' id='word_1_381' title='bbox 1509 925 1614 964; x_wconf 90' lang='lat' dir='ltr'>ipsum</span> <span class='ocrx_word' id='word_1_382' title='bbox 1627 929 1778 959; x_wconf 87' lang='lat' dir='ltr'>converti-</span> 
     </span>
     <span class='ocr_line' id='line_1_68' title="bbox 1006 970 1777 1015; baseline 0.019 -18"><span class='ocrx_word' id='word_1_383' title='bbox 1006 970 1069 1006; x_wconf 83' lang='lat' dir='ltr'>tur,</span> <span class='ocrx_word' id='word_1_384' title='bbox 1092 972 1122 999; x_wconf 84' lang='lat' dir='ltr'>et</span> <span class='ocrx_word' id='word_1_385' title='bbox 1142 972 1344 1009; x_wconf 86' lang='lat' dir='ltr'>postmodum</span> <span class='ocrx_word' id='word_1_386' title='bbox 1366 974 1398 1004; x_wconf 92' lang='grc'>111</span> <span class='ocrx_word' id='word_1_387' title='bbox 1418 978 1607 1015; x_wconf 81' lang='lat' dir='ltr'>sanguinem</span> <span class='ocrx_word' id='word_1_388' title='bbox 1625 990 1632 1010; x_wconf 87' lang='lat'>:</span> <span class='ocrx_word' id='word_1_389' title='bbox 1656 982 1687 1011; x_wconf 90' lang='lat' dir='ltr'>et</span> <span class='ocrx_word' id='word_1_390' title='bbox 1708 981 1777 1012; x_wconf 92' lang='lat' dir='ltr'>ideo</span> 
     </span>
     <span class='ocr_line' id='line_1_69' title="bbox 1007 1022 1776 1072; baseline 0.021 -22"><span class='ocrx_word' id='word_1_391' title='bbox 1007 1023 1052 1051; x_wconf 88' lang='lat' dir='ltr'>est</span> <span class='ocrx_word' id='word_1_392' title='bbox 1074 1022 1111 1052; x_wconf 87' lang='lat' dir='ltr'>de</span> <span class='ocrx_word' id='word_1_393' title='bbox 1126 1025 1338 1062; x_wconf 81' lang='lat' dir='ltr'>congruitate.</span> <span class='ocrx_word' id='word_1_394' title='bbox 1358 1026 1446 1059; x_wconf 85' lang='lat' dir='ltr'>Ratio</span> <span class='ocrx_word' id='word_1_395' title='bbox 1462 1032 1567 1061; x_wconf 86' lang='lat' dir='ltr'>autem</span> <span class='ocrx_word' id='word_1_396' title='bbox 1588 1032 1685 1072; x_wconf 81' lang='lat' dir='ltr'>hujus</span> <span class='ocrx_word' id='word_1_397' title='bbox 1701 1043 1776 1065; x_wconf 90' lang='grc'>6011-</span> 
     </span>
     <span class='ocr_line' id='line_1_70' title="bbox 1007 1076 1778 1129; baseline 0.021 -25"><span class='ocrx_word' id='word_1_398' title='bbox 1007 1076 1152 1106; x_wconf 79' lang='lat' dir='ltr'>nexionis</span> <span class='ocrx_word' id='word_1_399' title='bbox 1167 1080 1213 1107; x_wconf 87' lang='lat' dir='ltr'>est</span> <span class='ocrx_word' id='word_1_400' title='bbox 1228 1081 1406 1118; x_wconf 75' lang='lat' dir='ltr'>expressior</span> <span class='ocrx_word' id='word_1_401' title='bbox 1420 1082 1568 1122; x_wconf 81' lang='lat' dir='ltr'>signatio,</span> <span class='ocrx_word' id='word_1_402' title='bbox 1587 1087 1676 1124; x_wconf 84' lang='lat' dir='ltr'>quia¹</span> <span class='ocrx_word' id='word_1_403' title='bbox 1694 1097 1778 1129; x_wconf 81' lang='lat' dir='ltr'>aqua</span> 
     </span>
     <span class='ocr_line' id='line_1_71' title="bbox 1007 1128 1777 1176; baseline 0.023 -20"><span class='ocrx_word' id='word_1_404' title='bbox 1007 1128 1114 1166; x_wconf 79' lang='lat' dir='ltr'>signat</span> <span class='ocrx_word' id='word_1_405' title='bbox 1138 1130 1306 1169; x_wconf 83' lang='lat' dir='ltr'>populum,</span> <span class='ocrx_word' id='word_1_406' title='bbox 1330 1135 1360 1163; x_wconf 92' lang='lat' dir='ltr'>et</span> <span class='ocrx_word' id='word_1_407' title='bbox 1380 1143 1436 1172; x_wconf 88' lang='lat' dir='ltr'>per</span> <span class='ocrx_word' id='word_1_408' title='bbox 1455 1138 1711 1176; x_wconf 84' lang='lat' dir='ltr'>conjunctionem</span> <span class='ocrx_word' id='word_1_409' title='bbox 1728 1144 1777 1174; x_wconf 90' lang='lat' dir='ltr'>sui</span> 
     </span>
     <span class='ocr_line' id='line_1_72' title="bbox 1008 1184 1778 1229; baseline 0.023 -19"><span class='ocrx_word' id='word_1_410' title='bbox 1008 1190 1081 1211; x_wconf 89' lang='lat' dir='ltr'>cum</span> <span class='ocrx_word' id='word_1_411' title='bbox 1093 1184 1168 1213; x_wconf 86' lang='lat' dir='ltr'>vino</span> <span class='ocrx_word' id='word_1_412' title='bbox 1183 1185 1290 1223; x_wconf 84' lang='lat' dir='ltr'>signat</span> <span class='ocrx_word' id='word_1_413' title='bbox 1299 1187 1453 1218; x_wconf 86' lang='lat' dir='ltr'>unitatem</span> <span class='ocrx_word' id='word_1_414' title='bbox 1467 1191 1578 1229; x_wconf 86' lang='lat' dir='ltr'>capitis</span> <span class='ocrx_word' id='word_1_415' title='bbox 1594 1202 1667 1224; x_wconf 88' lang='lat' dir='ltr'>cum</span> <span class='ocrx_word' id='word_1_416' title='bbox 1680 1205 1778 1227; x_wconf 90' lang='lat' dir='ltr'>mem-</span> 
     </span>
     <span class='ocr_line' id='line_1_73' title="bbox 1009 1234 1778 1280; baseline 0.025 -18"><span class='ocrx_word' id='word_1_417' title='bbox 1009 1234 1088 1271; x_wconf 80' lang='lat' dir='ltr'>bris3</span> <span class='ocrx_word' id='word_1_418' title='bbox 1106 1245 1162 1274; x_wconf 86' lang='lat' dir='ltr'>per</span> <span class='ocrx_word' id='word_1_419' title='bbox 1180 1237 1291 1267; x_wconf 85' lang='lat' dir='ltr'>vinum</span> <span class='ocrx_word' id='word_1_420' title='bbox 1304 1242 1411 1270; x_wconf 86' lang='lat' dir='ltr'>autem</span> <span class='ocrx_word' id='word_1_421' title='bbox 1427 1242 1574 1280; x_wconf 89' lang='lat' dir='ltr'>signatur</span> <span class='ocrx_word' id='word_1_422' title='bbox 1589 1247 1666 1278; x_wconf 92' lang='grc'>111110</span> <span class='ocrx_word' id='word_1_423' title='bbox 1681 1258 1778 1280; x_wconf 87' lang='lat' dir='ltr'>mem-</span> 
     </span>
     <span class='ocr_line' id='line_1_74' title="bbox 1008 1287 1778 1337; baseline 0.022 -21"><span class='ocrx_word' id='word_1_424' title='bbox 1008 1287 1138 1318; x_wconf 86' lang='lat' dir='ltr'>brorum</span> <span class='ocrx_word' id='word_1_425' title='bbox 1159 1290 1196 1319; x_wconf 84' lang='lat' dir='ltr'>ad</span> <span class='ocrx_word' id='word_1_426' title='bbox 1219 1290 1369 1323; x_wconf 84' lang='lat' dir='ltr'>invicem.</span> <span class='ocrx_word' id='word_1_427' title='bbox 1387 1293 1535 1326; x_wconf 86' lang='lat' dir='ltr'>Rationes</span> <span class='ocrx_word' id='word_1_428' title='bbox 1556 1297 1657 1337; x_wconf 85' lang='lat' dir='ltr'>igitur</span> <span class='ocrx_word' id='word_1_429' title='bbox 1675 1304 1778 1332; x_wconf 85' lang='lat' dir='ltr'>osten-</span> 
     </span>
     <span class='ocr_line' id='line_1_75' title="bbox 1008 1339 1776 1385; baseline 0.021 -16"><span class='ocrx_word' id='word_1_430' title='bbox 1008 1339 1130 1375; x_wconf 84' lang='lat' dir='ltr'>dentes,</span> <span class='ocrx_word' id='word_1_431' title='bbox 1147 1342 1230 1380; x_wconf 83' lang='lat' dir='ltr'>quod</span> <span class='ocrx_word' id='word_1_432' title='bbox 1247 1352 1328 1383; x_wconf 82' lang='lat' dir='ltr'>aqua</span> <span class='ocrx_word' id='word_1_433' title='bbox 1344 1354 1408 1376; x_wconf 91' lang='lat' dir='ltr'>non</span> <span class='ocrx_word' id='word_1_434' title='bbox 1429 1347 1468 1377; x_wconf 86' lang='lat' dir='ltr'>sit</span> <span class='ocrx_word' id='word_1_435' title='bbox 1485 1348 1523 1379; x_wconf 87' lang='lat' dir='ltr'>de</span> <span class='ocrx_word' id='word_1_436' title='bbox 1538 1350 1714 1384; x_wconf 85' lang='lat' dir='ltr'>substantia</span> <span class='ocrx_word' id='word_1_437' title='bbox 1727 1364 1776 1385; x_wconf 89' lang='lat' dir='ltr'>sa-</span> 
     </span>
     <span class='ocr_line' id='line_1_76' title="bbox 1009 1395 1496 1433; baseline 0.023 -12"><span class='ocrx_word' id='word_1_438' title='bbox 1009 1395 1175 1432; x_wconf 79' lang='lat' dir='ltr'>cramenti,</span> <span class='ocrx_word' id='word_1_439' title='bbox 1192 1399 1265 1426; x_wconf 90' lang='lat' dir='ltr'>sunt</span> <span class='ocrx_word' id='word_1_440' title='bbox 1277 1400 1496 1433; x_wconf 81' lang='lat' dir='ltr'>concedendae.</span> 
     </span>
    </p>

    <p class='ocr_par' dir='ltr' id='par_1_23' title="bbox 1004 1446 1778 1695">
     <span class='ocr_line' id='line_1_77' title="bbox 1052 1446 1778 1499; baseline 0.022 -24"><span class='ocrx_word' id='word_1_441' title='bbox 1052 1449 1077 1476; x_wconf 91' lang='lat'>1.</span> <span class='ocrx_word' id='word_1_442' title='bbox 1094 1446 1142 1477; x_wconf 85' lang='lat' dir='ltr'>Ad</span> <span class='ocrx_word' id='word_1_443' title='bbox 1155 1448 1232 1478; x_wconf 87' lang='lat' dir='ltr'>illud</span> <span class='ocrx_word' id='word_1_444' title='bbox 1248 1458 1324 1489; x_wconf 80' lang='lat' dir='ltr'>ergo</span> <span class='ocrx_word' id='word_1_445' title='bbox 1340 1453 1424 1491; x_wconf 87' lang='lat' dir='ltr'>quod</span> <span class='ocrx_word' id='word_1_446' title='bbox 1437 1454 1586 1493; x_wconf 82' lang='lat' dir='ltr'>objicitur</span> <span class='ocrx_word' id='word_1_447' title='bbox 1601 1457 1638 1488; x_wconf 87' lang='grc'>(16</span> <span class='ocrx_word' id='word_1_448' title='bbox 1653 1458 1778 1499; x_wconf 87' lang='lat' dir='ltr'>Cypria-</span> 
     </span>
     <span class='ocr_line' id='line_1_78' title="bbox 1008 1500 1776 1544; baseline 0.021 -16"><span class='ocrx_word' id='word_1_449' title='bbox 1008 1508 1059 1537; x_wconf 65' lang='grc'>110,</span> <span class='ocrx_word' id='word_1_450' title='bbox 1072 1500 1239 1531; x_wconf 84' lang='lat' dir='ltr'>dicendum</span> <span class='ocrx_word' id='word_1_451' title='bbox 1251 1503 1334 1542; x_wconf 89' lang='lat' dir='ltr'>quod</span> <span class='ocrx_word' id='word_1_452' title='bbox 1346 1504 1520 1544; x_wconf 82' lang='lat' dir='ltr'>Cyprianus</span> <span class='ocrx_word' id='word_1_453' title='bbox 1533 1509 1607 1540; x_wconf 85' lang='lat' dir='ltr'>dicit</span> <span class='ocrx_word' id='word_1_454' title='bbox 1621 1510 1698 1542; x_wconf 85' lang='lat' dir='ltr'>illud</span> <span class='ocrx_word' id='word_1_455' title='bbox 1714 1522 1776 1544; x_wconf 87' lang='lat' dir='ltr'>non</span> 
     </span>
     <span class='ocr_line' id='line_1_79' title="bbox 1008 1553 1778 1600; baseline 0.022 -20"><span class='ocrx_word' id='word_1_456' title='bbox 1008 1560 1098 1590; x_wconf 78' lang='lat' dir='ltr'>posse</span> <span class='ocrx_word' id='word_1_457' title='bbox 1111 1553 1190 1590; x_wconf 80' lang='lat' dir='ltr'>fieri,</span> <span class='ocrx_word' id='word_1_458' title='bbox 1206 1555 1290 1592; x_wconf 87' lang='lat' dir='ltr'>quod</span> <span class='ocrx_word' id='word_1_459' title='bbox 1306 1565 1369 1586; x_wconf 90' lang='grc'>11011</span> <span class='ocrx_word' id='word_1_460' title='bbox 1383 1557 1462 1589; x_wconf 89' lang='lat' dir='ltr'>bene</span> <span class='ocrx_word' id='word_1_461' title='bbox 1474 1562 1585 1600; x_wconf 86' lang='lat' dir='ltr'>potest,</span> <span class='ocrx_word' id='word_1_462' title='bbox 1598 1563 1648 1593; x_wconf 87' lang='lat' dir='ltr'>vel</span> <span class='ocrx_word' id='word_1_463' title='bbox 1663 1573 1727 1595; x_wconf 89' lang='lat' dir='ltr'>non</span> <span class='ocrx_word' id='word_1_464' title='bbox 1740 1566 1778 1597; x_wconf 91' lang='lat' dir='ltr'>de</span> 
     </span>
     <span class='ocr_line' id='line_1_80' title="bbox 1004 1605 1777 1656; baseline 0.022 -23"><span class='ocrx_word' id='word_1_465' title='bbox 1004 1605 1076 1643; x_wconf 81' lang='lat' dir='ltr'>jure</span> <span class='ocrx_word' id='word_1_466' title='bbox 1093 1607 1202 1644; x_wconf 88' lang='lat' dir='ltr'>potest.</span> <span class='ocrx_word' id='word_1_467' title='bbox 1221 1605 1307 1637; x_wconf 84' lang='lat' dir='ltr'>Unde</span> <span class='ocrx_word' id='word_1_468' title='bbox 1322 1608 1512 1650; x_wconf 76' lang='lat' dir='ltr'>Alexander,</span> <span class='ocrx_word' id='word_1_469' title='bbox 1530 1614 1585 1644; x_wconf 89' lang='lat' dir='ltr'>ubi</span> <span class='ocrx_word' id='word_1_470' title='bbox 1602 1614 1777 1656; x_wconf 87' lang='lat' dir='ltr'>Cyprianus</span> 
     </span>
     <span class='ocr_line' id='line_1_81' title="bbox 1008 1656 1469 1695; baseline 0.02 -9"><span class='ocrx_word' id='word_1_471' title='bbox 1008 1656 1102 1687; x_wconf 85' lang='lat' dir='ltr'>dicit:</span> <span class='ocrx_word' id='word_1_472' title='bbox 1120 1657 1237 1695; x_wconf 78' lang='lat' dir='ltr'>Potest,</span> <span class='ocrx_word' id='word_1_473' title='bbox 1258 1659 1350 1691; x_wconf 79' lang='lat' dir='ltr'>dicit:</span> <span class='ocrx_word' id='word_1_474' title='bbox 1369 1661 1469 1695; x_wconf 82' lang='lat' dir='ltr'>Debet.</span> 
     </span>
    </p>

    <p class='ocr_par' dir='ltr' id='par_1_24' title="bbox 1007 1710 1778 1910">
     <span class='ocr_line' id='line_1_82' title="bbox 1048 1710 1775 1760; baseline 0.023 -22"><span class='ocrx_word' id='word_1_475' title='bbox 1048 1712 1076 1740; x_wconf 70' lang='grc' dir='ltr'>Ξ.</span> <span class='ocrx_word' id='word_1_476' title='bbox 1094 1710 1142 1740; x_wconf 90' lang='lat' dir='ltr'>Ad</span> <span class='ocrx_word' id='word_1_477' title='bbox 1163 1711 1239 1742; x_wconf 91' lang='lat' dir='ltr'>illud</span> <span class='ocrx_word' id='word_1_478' title='bbox 1262 1714 1347 1752; x_wconf 91' lang='lat' dir='ltr'>quod</span> <span class='ocrx_word' id='word_1_479' title='bbox 1368 1715 1516 1755; x_wconf 80' lang='lat' dir='ltr'>objicitur</span> <span class='ocrx_word' id='word_1_480' title='bbox 1537 1719 1575 1749; x_wconf 85' lang='lat' dir='ltr'>de</span> <span class='ocrx_word' id='word_1_481' title='bbox 1593 1720 1709 1760; x_wconf 83' lang='lat' dir='ltr'>farina,</span> <span class='ocrx_word' id='word_1_482' title='bbox 1728 1723 1775 1754; x_wconf 91' lang='lat' dir='ltr'>di-</span> 
     </span>
     <span class='ocr_line' id='line_1_83' title="bbox 1008 1762 1776 1810; baseline 0.021 -19"><span class='ocrx_word' id='word_1_483' title='bbox 1008 1762 1144 1792; x_wconf 90' lang='lat' dir='ltr'>cendum</span> <span class='ocrx_word' id='word_1_484' title='bbox 1159 1764 1242 1802; x_wconf 90' lang='lat' dir='ltr'>quod</span> <span class='ocrx_word' id='word_1_485' title='bbox 1253 1773 1318 1795; x_wconf 91' lang='grc'>11011</span> <span class='ocrx_word' id='word_1_486' title='bbox 1329 1769 1375 1797; x_wconf 85' lang='lat' dir='ltr'>est</span> <span class='ocrx_word' id='word_1_487' title='bbox 1388 1767 1502 1807; x_wconf 85' lang='lat' dir='ltr'>simile,</span> <span class='ocrx_word' id='word_1_488' title='bbox 1514 1771 1589 1810; x_wconf 88' lang='lat' dir='ltr'>quia</span> <span class='ocrx_word' id='word_1_489' title='bbox 1597 1773 1699 1805; x_wconf 87' lang='lat' dir='ltr'>farina</span> <span class='ocrx_word' id='word_1_490' title='bbox 1713 1785 1776 1807; x_wconf 90' lang='lat' dir='ltr'>non</span> 
     </span>
     <span class='ocr_line' id='line_1_84' title="bbox 1007 1815 1778 1865; baseline 0.021 -21"><span class='ocrx_word' id='word_1_491' title='bbox 1007 1815 1193 1854; x_wconf 83' lang='lat' dir='ltr'>commixta,</span> <span class='ocrx_word' id='word_1_492' title='bbox 1215 1816 1281 1848; x_wconf 86' lang='lat' dir='ltr'>sive</span> <span class='ocrx_word' id='word_1_493' title='bbox 1303 1827 1359 1857; x_wconf 88' lang='lat' dir='ltr'>per</span> <span class='ocrx_word' id='word_1_494' title='bbox 1381 1828 1430 1859; x_wconf 87' lang='lat' dir='ltr'>se,</span> <span class='ocrx_word' id='word_1_495' title='bbox 1452 1830 1517 1854; x_wconf 91' lang='lat' dir='ltr'>non</span> <span class='ocrx_word' id='word_1_496' title='bbox 1538 1826 1705 1865; x_wconf 79' lang='grc'>6516111115,</span> <span class='ocrx_word' id='word_1_497' title='bbox 1724 1829 1778 1860; x_wconf 87' lang='lat' dir='ltr'>sed</span> 
     </span>
     <span class='ocr_line' id='line_1_85' title="bbox 1007 1867 1417 1910; baseline 0.015 -13"><span class='ocrx_word' id='word_1_498' title='bbox 1007 1867 1120 1898; x_wconf 89' lang='lat' dir='ltr'>vinum</span> <span class='ocrx_word' id='word_1_499' title='bbox 1136 1871 1229 1908; x_wconf 88' lang='lat' dir='ltr'>potus</span> <span class='ocrx_word' id='word_1_500' title='bbox 1243 1871 1289 1900; x_wconf 86' lang='lat' dir='ltr'>est</span> <span class='ocrx_word' id='word_1_501' title='bbox 1303 1879 1360 1910; x_wconf 87' lang='lat' dir='ltr'>per</span> <span class='ocrx_word' id='word_1_502' title='bbox 1373 1881 1417 1904; x_wconf 91' lang='grc'>56.</span> 
     </span>
    </p>

    <p class='ocr_par' dir='ltr' id='par_1_25' title="bbox 1005 1921 1776 2323">
     <span class='ocr_line' id='line_1_86' title="bbox 1048 1921 1776 1966; baseline 0.022 -16"><span class='ocrx_word' id='word_1_503' title='bbox 1048 1923 1076 1952; x_wconf 88' lang='lat'>3.</span> <span class='ocrx_word' id='word_1_504' title='bbox 1094 1921 1141 1951; x_wconf 85' lang='lat' dir='ltr'>Ad</span> <span class='ocrx_word' id='word_1_505' title='bbox 1160 1922 1239 1953; x_wconf 90' lang='lat' dir='ltr'>illud</span> <span class='ocrx_word' id='word_1_506' title='bbox 1259 1924 1342 1962; x_wconf 87' lang='lat' dir='ltr'>quod</span> <span class='ocrx_word' id='word_1_507' title='bbox 1359 1925 1519 1966; x_wconf 86' lang='lat' dir='ltr'>objicitur,</span> <span class='ocrx_word' id='word_1_508' title='bbox 1538 1931 1647 1962; x_wconf 88' lang='lat' dir='ltr'>utrum</span> <span class='ocrx_word' id='word_1_509' title='bbox 1668 1932 1776 1965; x_wconf 88' lang='lat' dir='ltr'>Domi-</span> 
     </span>
     <span class='ocr_line' id='line_1_87' title="bbox 1007 1976 1776 2026; baseline 0.022 -23"><span class='ocrx_word' id='word_1_510' title='bbox 1007 1984 1067 2004; x_wconf 89' lang='lat' dir='ltr'>nus</span> <span class='ocrx_word' id='word_1_511' title='bbox 1088 1976 1285 2015; x_wconf 82' lang='lat' dir='ltr'>apposuerit,</span> <span class='ocrx_word' id='word_1_512' title='bbox 1303 1977 1470 2010; x_wconf 87' lang='lat' dir='ltr'>dicendum</span> <span class='ocrx_word' id='word_1_513' title='bbox 1492 1983 1576 2021; x_wconf 86' lang='lat' dir='ltr'>quod</span> <span class='ocrx_word' id='word_1_514' title='bbox 1591 1984 1635 2016; x_wconf 88' lang='lat' dir='ltr'>sic</span> <span class='ocrx_word' id='word_1_515' title='bbox 1654 1986 1705 2026; x_wconf 83' lang='lat' dir='ltr'>(b),</span> <span class='ocrx_word' id='word_1_516' title='bbox 1722 1989 1776 2019; x_wconf 87' lang='lat' dir='ltr'>sed</span> 
     </span>
     <span class='ocr_line' id='line_1_88' title="bbox 1007 2030 1775 2080; baseline 0.022 -24"><span class='ocrx_word' id='word_1_517' title='bbox 1007 2036 1070 2058; x_wconf 90' lang='lat' dir='ltr'>non</span> <span class='ocrx_word' id='word_1_518' title='bbox 1102 2030 1254 2067; x_wconf 84' lang='lat' dir='ltr'>tanquam</span> <span class='ocrx_word' id='word_1_519' title='bbox 1283 2032 1513 2072; x_wconf 84' lang='lat' dir='ltr'>necessarium,</span> <span class='ocrx_word' id='word_1_520' title='bbox 1541 2036 1595 2067; x_wconf 89' lang='lat' dir='ltr'>sed</span> <span class='ocrx_word' id='word_1_521' title='bbox 1622 2041 1775 2080; x_wconf 74' lang='lat' dir='ltr'>tanquam</span> 
     </span>
     <span class='ocr_line' id='line_1_89' title="bbox 1005 2082 1773 2133; baseline 0.021 -23"><span class='ocrx_word' id='word_1_522' title='bbox 1005 2089 1202 2119; x_wconf 86' lang='lat' dir='ltr'>congruum:</span> <span class='ocrx_word' id='word_1_523' title='bbox 1224 2084 1254 2112; x_wconf 90' lang='lat' dir='ltr'>et</span> <span class='ocrx_word' id='word_1_524' title='bbox 1275 2082 1335 2113; x_wconf 94' lang='lat' dir='ltr'>hoc</span> <span class='ocrx_word' id='word_1_525' title='bbox 1349 2085 1448 2123; x_wconf 82' lang='lat' dir='ltr'>patet,</span> <span class='ocrx_word' id='word_1_526' title='bbox 1470 2087 1545 2125; x_wconf 86' lang='lat' dir='ltr'>quia</span> <span class='ocrx_word' id='word_1_527' title='bbox 1561 2089 1676 2123; x_wconf 89' lang='lat' dir='ltr'>vinum</span> <span class='ocrx_word' id='word_1_528' title='bbox 1691 2097 1773 2133; x_wconf 82' lang='lat' dir='ltr'>erat,</span> 
     </span>
     <span class='ocr_line' id='line_1_90' title="bbox 1005 2135 1775 2178; baseline 0.019 -15"><span class='ocrx_word' id='word_1_529' title='bbox 1005 2143 1043 2165; x_wconf 75' lang='lat' dir='ltr'>ex</span> <span class='ocrx_word' id='word_1_530' title='bbox 1059 2143 1121 2174; x_wconf 86' lang='lat' dir='ltr'>quo</span> <span class='ocrx_word' id='word_1_531' title='bbox 1136 2135 1268 2165; x_wconf 80' lang='lat' dir='ltr'>confecit</span> <span class='ocrx_word' id='word_1_532' title='bbox 1281 2146 1287 2166; x_wconf 90' lang='lat'><strong>:</strong></span> <span class='ocrx_word' id='word_1_533' title='bbox 1307 2145 1388 2175; x_wconf 87' lang='lat' dir='ltr'>ergo</span> <span class='ocrx_word' id='word_1_534' title='bbox 1402 2147 1486 2177; x_wconf 88' lang='lat' dir='ltr'>aqua</span> <span class='ocrx_word' id='word_1_535' title='bbox 1500 2142 1666 2175; x_wconf 86' lang='lat' dir='ltr'>transierat</span> <span class='ocrx_word' id='word_1_536' title='bbox 1680 2146 1714 2176; x_wconf 89' lang='lat' dir='ltr'>in</span> <span class='ocrx_word' id='word_1_537' title='bbox 1729 2147 1775 2178; x_wconf 89' lang='lat' dir='ltr'>vi-</span> 
     </span>
     <span class='ocr_line' id='line_1_91' title="bbox 1005 2190 1773 2240; baseline 0.02 -24"><span class='ocrx_word' id='word_1_538' title='bbox 1005 2197 1095 2225; x_wconf 86' lang='lat' dir='ltr'>num,</span> <span class='ocrx_word' id='word_1_539' title='bbox 1106 2190 1275 2227; x_wconf 85' lang='lat' dir='ltr'>antequam</span> <span class='ocrx_word' id='word_1_540' title='bbox 1291 2190 1472 2229; x_wconf 83' lang='lat' dir='ltr'>conficeret;</span> <span class='ocrx_word' id='word_1_541' title='bbox 1486 2195 1515 2223; x_wconf 87' lang='lat' dir='ltr'>et</span> <span class='ocrx_word' id='word_1_542' title='bbox 1530 2195 1605 2234; x_wconf 88' lang='lat' dir='ltr'>quia</span> <span class='ocrx_word' id='word_1_543' title='bbox 1616 2200 1773 2240; x_wconf 82' lang='lat' dir='ltr'>apposuit,</span> 
     </span>
     <span class='ocr_line' id='line_1_92' title="bbox 1005 2240 1774 2283; baseline 0.018 -14"><span class='ocrx_word' id='word_1_544' title='bbox 1005 2243 1109 2279; x_wconf 84' lang='lat' dir='ltr'>peccat</span> <span class='ocrx_word' id='word_1_545' title='bbox 1133 2240 1188 2280; x_wconf 86' lang='lat' dir='ltr'>qui</span> <span class='ocrx_word' id='word_1_546' title='bbox 1212 2250 1276 2272; x_wconf 89' lang='lat' dir='ltr'>non</span> <span class='ocrx_word' id='word_1_547' title='bbox 1298 2243 1445 2282; x_wconf 77' lang='lat' dir='ltr'>apponit,</span> <span class='ocrx_word' id='word_1_548' title='bbox 1468 2245 1677 2280; x_wconf 88' lang='lat' dir='ltr'>nihilominus</span> <span class='ocrx_word' id='word_1_549' title='bbox 1697 2261 1774 2283; x_wconf 88' lang='lat' dir='ltr'>eon-</span> 
     </span>
     <span class='ocr_line' id='line_1_93' title="bbox 1005 2293 1077 2323; baseline 0.014 -1"><span class='ocrx_word' id='word_1_550' title='bbox 1005 2293 1077 2323; x_wconf 78' lang='lat' dir='ltr'>ficit.</span> 
     </span>
    </p>

    <p class='ocr_par' dir='ltr' id='par_1_26' title="bbox 1005 2347 1775 2600">
     <span class='ocr_line' id='line_1_94' title="bbox 1046 2347 1771 2398; baseline 0.018 -21"><span class='ocrx_word' id='word_1_551' title='bbox 1046 2349 1064 2377; x_wconf 64' lang='lat'>4</span> <span class='ocrx_word' id='word_1_552' title='bbox 1077 2348 1107 2376; x_wconf 87' lang='lat' dir='ltr'>et</span> <span class='ocrx_word' id='word_1_553' title='bbox 1122 2349 1150 2376; x_wconf 74' lang='lat'>5.</span> <span class='ocrx_word' id='word_1_554' title='bbox 1168 2347 1215 2377; x_wconf 87' lang='lat' dir='ltr'>Ad</span> <span class='ocrx_word' id='word_1_555' title='bbox 1232 2347 1309 2378; x_wconf 86' lang='lat' dir='ltr'>illud</span> <span class='ocrx_word' id='word_1_556' title='bbox 1322 2349 1406 2387; x_wconf 88' lang='lat' dir='ltr'>quod</span> <span class='ocrx_word' id='word_1_557' title='bbox 1426 2351 1574 2389; x_wconf 85' lang='lat' dir='ltr'>objicitur</span> <span class='ocrx_word' id='word_1_558' title='bbox 1587 2354 1625 2384; x_wconf 86' lang='lat' dir='ltr'>de</span> <span class='ocrx_word' id='word_1_559' title='bbox 1638 2357 1771 2398; x_wconf 88' lang='lat' dir='ltr'>unione,</span> 
     </span>
     <span class='ocr_line' id='line_1_95' title="bbox 1005 2399 1775 2448; baseline 0.018 -20"><span class='ocrx_word' id='word_1_560' title='bbox 1005 2399 1175 2429; x_wconf 85' lang='lat' dir='ltr'>dicendum</span> <span class='ocrx_word' id='word_1_561' title='bbox 1188 2400 1272 2438; x_wconf 85' lang='lat' dir='ltr'>quod</span> <span class='ocrx_word' id='word_1_562' title='bbox 1287 2400 1341 2430; x_wconf 80' lang='lat' dir='ltr'>illa</span> <span class='ocrx_word' id='word_1_563' title='bbox 1358 2402 1432 2432; x_wconf 88' lang='lat' dir='ltr'>unio</span> <span class='ocrx_word' id='word_1_564' title='bbox 1447 2403 1646 2442; x_wconf 81' lang='lat' dir='ltr'>significatur</span> <span class='ocrx_word' id='word_1_565' title='bbox 1661 2418 1716 2448; x_wconf 86' lang='lat' dir='ltr'>per</span> <span class='ocrx_word' id='word_1_566' title='bbox 1730 2412 1775 2442; x_wconf 88' lang='lat' dir='ltr'>vi·</span> 
     </span>
     <span class='ocr_line' id='line_1_96' title="bbox 1006 2452 1774 2496; baseline 0.017 -13"><span class='ocrx_word' id='word_1_567' title='bbox 1006 2462 1099 2490; x_wconf 84' lang='lat' dir='ltr'>num,</span> <span class='ocrx_word' id='word_1_568' title='bbox 1112 2452 1187 2491; x_wconf 82' lang='lat' dir='ltr'>quia</span> <span class='ocrx_word' id='word_1_569' title='bbox 1200 2452 1398 2491; x_wconf 82' lang='lat' dir='ltr'>significatur</span> <span class='ocrx_word' id='word_1_570' title='bbox 1411 2455 1486 2485; x_wconf 91' lang='lat' dir='ltr'>unio</span> <span class='ocrx_word' id='word_1_571' title='bbox 1501 2459 1720 2493; x_wconf 87' lang='lat' dir='ltr'>membrorum</span> <span class='ocrx_word' id='word_1_572' title='bbox 1735 2465 1774 2496; x_wconf 88' lang='lat' dir='ltr'>ad</span> 
     </span>
     <span class='ocr_line' id='line_1_97' title="bbox 1006 2505 1773 2552; baseline 0.016 -18"><span class='ocrx_word' id='word_1_573' title='bbox 1006 2505 1158 2542; x_wconf 86' lang='lat' dir='ltr'>invicem,</span> <span class='ocrx_word' id='word_1_574' title='bbox 1182 2506 1213 2534; x_wconf 87' lang='lat' dir='ltr'>et</span> <span class='ocrx_word' id='word_1_575' title='bbox 1230 2513 1286 2544; x_wconf 89' lang='lat' dir='ltr'>per</span> <span class='ocrx_word' id='word_1_576' title='bbox 1307 2514 1504 2546; x_wconf 84' lang='lat' dir='ltr'>consequens</span> <span class='ocrx_word' id='word_1_577' title='bbox 1519 2510 1558 2540; x_wconf 91' lang='lat' dir='ltr'>ad</span> <span class='ocrx_word' id='word_1_578' title='bbox 1579 2517 1688 2552; x_wconf 85' lang='lat' dir='ltr'>caput,</span> <span class='ocrx_word' id='word_1_579' title='bbox 1709 2525 1773 2549; x_wconf 86' lang='lat' dir='ltr'>non</span> 
     </span>
     <span class='ocr_line' id='line_1_98' title="bbox 1007 2557 1775 2600; baseline 0.017 -13"><span class='ocrx_word' id='word_1_580' title='bbox 1007 2562 1111 2589; x_wconf 86' lang='lat' dir='ltr'>tamen</span> <span class='ocrx_word' id='word_1_581' title='bbox 1127 2557 1170 2587; x_wconf 84' lang='lat' dir='ltr'>ita</span> <span class='ocrx_word' id='word_1_582' title='bbox 1184 2566 1330 2596; x_wconf 83' lang='lat' dir='ltr'>expresse</span> <span class='ocrx_word' id='word_1_583' title='bbox 1343 2568 1349 2588; x_wconf 76' lang='grc' dir='ltr'>ε</span> <span class='ocrx_word' id='word_1_584' title='bbox 1367 2558 1436 2588; x_wconf 88' lang='lat' dir='ltr'>ideo</span> <span class='ocrx_word' id='word_1_585' title='bbox 1451 2563 1610 2600; x_wconf 84' lang='lat' dir='ltr'>congruit.</span> <span class='ocrx_word' id='word_1_586' title='bbox 1623 2564 1775 2600; x_wconf 86' lang='lat' dir='ltr'>Similiter</span> 
     </span>
    </p>

    <p class='ocr_par' dir='ltr' id='par_1_27' title="bbox 1041 2610 1695 2645">
     <span class='ocr_line' id='line_1_99' title="bbox 1041 2610 1695 2645; baseline 0.021 -14"><span class='ocrx_word' id='word_1_587' title='bbox 1041 2615 1073 2640; x_wconf 70' lang='lat' dir='ltr'>(a)</span> <span class='ocrx_word' id='word_1_588' title='bbox 1089 2611 1158 2635; x_wconf 75' lang='lat' dir='ltr'>Edit.</span> <span class='ocrx_word' id='word_1_589' title='bbox 1178 2611 1235 2634; x_wconf 69' lang='lat' dir='ltr'>Veri.</span> <span class='ocrx_word' id='word_1_590' title='bbox 1250 2610 1314 2633; x_wconf 67' lang='lat' dir='ltr'>deest</span> <span class='ocrx_word' id='word_1_591' title='bbox 1335 2612 1480 2643; x_wconf 80' lang='grc' dir='ltr'>11011.-(ὸ)</span> <span class='ocrx_word' id='word_1_592' title='bbox 1496 2615 1566 2639; x_wconf 81' lang='lat' dir='ltr'>Edit.</span> <span class='ocrx_word' id='word_1_593' title='bbox 1583 2617 1638 2643; x_wconf 83' lang='lat' dir='ltr'>Ven.</span> <span class='ocrx_word' id='word_1_594' title='bbox 1656 2620 1695 2645; x_wconf 81' lang='lat' dir='ltr'>sit.</span> 
     </span>
    </p>
   </div>
   <div class='ocr_carea' id='block_1_12' title="bbox 1640 2667 1678 2696">
    <p class='ocr_par' dir='ltr' id='par_1_28' title="bbox 1640 2667 1678 2696">
     <span class='ocr_line' id='line_1_100' title="bbox 1640 2667 1678 2696; baseline 0.053 -2"><span class='ocrx_word' id='word_1_595' title='bbox 1640 2667 1678 2696; x_wconf 75' lang='lat'>32</span> 
     </span>
    </p>
   </div>
  </div>
 </body>
</html>
