2017 2948
789 135 976 166 DISTINCT.
1000 134 1160 166 XXXVIII.
1711 138 1766 165 177

183 203 271 247 quod
286 208 451 247 peccatum
469 214 534 236 non
550 203 605 245 sit,
624 203 787 246 putaverit
801 228 809 244 ‚
826 201 945 246 decipit
959 202 1099 246 seipsum
1117 201 1254 246 turpiter
1266 227 1274 240 ‚
1290 212 1365 234 cum
1380 202 1553 235 honestum
1572 213 1639 235 esse
1653 202 1766 247 decep-

183 263 285 292 torem
309 261 448 294 aliorum
473 260 660 293 arbitretur.
681 272 697 291 >›
714 259 818 293 Omne
833 270 910 302 ergo
928 270 1031 302 genus
1054 258 1215 292 mendacii
1229 269 1434 302 summopere
1454 259 1530 302 fuge
1548 271 1556 292 :
1573 259 1652 304 quia
1669 270 1766 292 omne

183 317 387 350 mendacium
402 328 468 350 non
483 320 529 350 est
543 328 562 349 a
577 317 654 349 Deo.

225 375 284 407 Hic
299 375 478 408 videndum
500 379 547 407 est
576 374 653 418 quid
681 374 722 406 sit
744 373 949 407 mendacium
965 399 973 415 ‚
990 377 1021 406 et
1049 373 1129 418 quid
1152 373 1193 406 sit
1223 372 1373 415 mentiri;
1389 372 1505 406 deinde
1518 399 1527 415 ‚
1543 378 1657 406 utrum
1670 385 1766 407 omne
1788 377 1882 428 Siffi‘gſtr

181 433 385 465 mendacium
400 432 440 464 sit
458 436 641 476 peccatum,
659 435 690 464 et
704 442 817 475 quare.
836 443 853 463 <‹
870 430 1076 463 Mendacium
1092 435 1157 472 est,
1175 434 1212 463 ut
1225 430 1270 463 ait
1284 430 1492 473 Augustinus
1507 430 1528 472 ¹,
1547 430 1627 463 falsa
1641 432 1766 474 signifi-
1789 438 1880 459 dacium-

179 489 261 521 catio
276 489 362 522 vocis
385 500 460 522 cum
482 489 663 521 intentione
681 488 828 521 fallendi.
848 500 865 519 »
890 488 934 520 Ut
957 499 1034 531 ergo
1053 487 1260 520 mendacium
1282 487 1344 529 sit,
1361 498 1488 520 necesse
1515 491 1562 520 est
1590 491 1627 520 nt
1646 488 1765 521 falsum

178 546 379 589 proferatur,
397 550 428 578 et
451 558 525 578 cum
550 546 730 578 intentione
745 545 891 578 fallendi.
915 558 932 577 «
951 545 1020 577 I‘Ioc
1035 545 1122 578 enim
1137 549 1148 564 ²
1164 545 1288 577 malum
1304 548 1351 577 est
1372 544 1542 589 proprium
1557 545 1743 578 mentientis
1755 572 1763 588 ,

178 603 266 636 aliud
282 603 400 636 habere
415 604 562 637 clausum
579 604 612 635 in
631 603 739 645 corde,
756 603 846 636 aliud
861 606 1049 647 promptum
1065 602 1099 634 in
1112 602 1238 645 lingua.
1256 615 1272 633 »

222 660 353 693 Mentiri
368 672 444 694 vero
467 665 514 694 est
537 661 628 705 loqui
643 665 755 694 contra
777 661 838 693 hoc
860 660 949 705 quod
963 659 1073 692 animo
1088 659 1185 692 sentit
1199 659 1273 704 quis
1289 685 1298 702 ,
1314 659 1381 692 sive
1396 658 1480 692 illud
1495 670 1612 693 verum
1627 659 1680 702 sit,
1696 660 1763 694 sive
1806 679 1861 703 Quid

177 729 253 750 non.
272 718 386 751 Omnis
401 731 478 762 ergo
493 720 549 764 qui
566 720 714 764 loquitur
730 717 949 760 mendacium,
967 717 1124 750 mentitur
1138 743 1146 759 ,
1163 717 1241 761 quia
1262 717 1411 762 loquitur
1426 721 1537 750 contra
1551 717 1639 762 quod
1653 717 1763 750 animo
1784 709 1875 761 ⁵i²ss¹¹ssfiw

175 775 283 816 scntit,
301 776 332 808 id
348 780 406 817 est,
426 777 594 809 voluntate
609 776 744 809 fallendi
759 789 766 817 3
785 775 839 808 sed
856 786 922 808 nou
938 775 1063 815 omnis,
1083 775 1141 818 qui
1156 775 1335 817 mentitur,
1351 774 1557 808 mendacium
1571 774 1668 816 dicit,
1686 775 1764 819 quia

174 832 262 876 quod
280 844 394 865 verum
420 837 466 865 est
488 833 636 877 loquitur
658 832 834 877 aliquando
853 832 1040 864 mentiendo
1060 843 1067 863 z
1085 831 1168 864 sicut
1182 842 1199 864 e
1222 843 1377 864 converso
1399 832 1518 865 falsum
1534 832 1689 874 dicendo,
1705 832 1764 865 ali-

173 889 304 932 quando
317 901 416 922 verax
432 894 489 923 est.
506 890 600 923 Unde
623 890 667 922 ait
695 889 902 933 Augustinus
918 896 927 911 ³
947 901 953 921 :
974 902 990 920 «
1006 888 1109 921 Nemo
1133 899 1209 921 sane
1234 888 1604 932 mentiensjudicandus
1620 893 1687 931 est,
1705 891 1763 934 qui

173 946 250 978 dicit
265 947 383 980 falsum
399 948 486 992 quod
501 952 593 992 putat
608 958 723 980 verum
741 959 747 978 :
765 947 855 991 quia,
872 950 1034 990 quantum
1050 946 1084 978 in
1100 946 1168 989 ipso
1183 949 1251 987 est,
1267 956 1334 979 non
1348 945 1433 978 fallit
1446 946 1514 990 ipse
1528 971 1537 988 ‚
1553 947 1608 979 sed
1622 947 1761 980 fallitur.

172 1003 245 1036 Non
261 1016 337 1047 ergo
353 1005 512 1037 mendacii
528 1004 717 1048 arguendus
731 1008 791 1045 est,
810 1004 868 1047 qui
882 1003 964 1036 falsa
979 1003 1129 1036 incautus
1144 1002 1245 1036 credit
1258 1029 1266 1045 ‚
1284 1014 1320 1036 ac
1333 1014 1392 1048 pro
1408 1003 1494 1036 veris
1508 1003 1616 1036 habet.
1633 1003 1763 1037 Potius·-

172 1073 236 1106 que
250 1073 267 1094 e
282 1062 443 1094 contrario
459 1062 513 1094 ilie
530 1062 689 1094 mentitur
703 1087 711 1103 ‚
728 1061 786 1105 qui
801 1061 877 1093 dicit
892 1072 1007 1093 verum
1023 1086 1031 1102 ,
1047 1060 1135 1104 quod
1162 1064 1255 1104 putat
1270 1060 1402 1093 falsum.
1423 1059 1592 1099 Quantum
1619 1061 1708 1094 enim
1720 1061 1761 1094 ad

171 1119 318 1152 animum
335 1119 404 1163 ejus
427 1119 562 1158 attinet,
582 1131 648 1151 non
673 1129 789 1151 verum
812 1118 911 1159 dicit,
928 1118 1006 1162 quia
1026 1129 1092 1150 non
1117 1117 1206 1162 quod
1230 1117 1348 1159 sentit,
1364 1117 1462 1159 dicit,
1478 1118 1630 1162 quamvis
1644 1129 1760 1152 verum

172 1176 361 1208 inveniatur
385 1188 451 1209 esse
470 1177 559 1221 quod
583 1177 673 1209 dicit.
698 1176 764 1209 Nec
787 1176 843 1209 ille
871 1176 954 1208 liber
977 1180 1024 1208 est
1043 1187 1062 1208 a
1085 1175 1274 1217 mendacio,
1292 1175 1350 1220 qui
1369 1186 1424 1208 ore
1453 1175 1598 1208 nesciens
1612 1176 1761 1220 loquitur

170 1244 284 1266 verum
299 1259 307 1275 ‚
326 1234 428 1267 sciens
443 1239 552 1267 autem
570 1234 738 1267 voluntate
764 1233 934 1266 mentitur.
951 1244 968 1264 »
987 1233 1048 1266 Hic
1063 1233 1167 1277 quaeri
1181 1232 1284 1275 solet,
1299 1232 1325 1265 si
1339 1232 1474 1266 Judaeus
1495 1232 1579 1266 dicat
1593 1232 1759 1266 Christum

169 1301 235 1322 esse
249 1290 353 1324 Deum
365 1317 374 1331 ,
391 1302 466 1324 cum
482 1303 548 1324 non
573 1292 617 1324 ita
634 1291 751 1323 sentiat
767 1291 877 1323 animo
888 1316 897 1333 ‚
914 1294 1026 1323 utrum
1048 1290 1204 1334 loquatur
1227 1289 1446 1323 mendacium.
1471 1289 1546 1324 Non
1564 1294 1611 1323 est
1627 1291 1760 1324 menda-

168 1348 255 1380 cium
270 1349 357 1392 quod
374 1349 462 1391 dicit,
479 1349 556 1393 quia
574 1349 648 1381 licet
663 1349 758 1381 aliter
773 1351 880 1381 teneat
896 1348 1019 1390 animo,
1036 1359 1152 1381 verum
1169 1352 1278 1380 tamen
1293 1352 1340 1380 est
1354 1347 1442 1392 quod
1456 1347 1546 1390 dicit,
1561 1352 1591 1381 et
1604 1348 1676 1382 ideo
1690 1359 1757 1382 non

169 1409 216 1438 est
229 1406 436 1439 mendacium
456 1418 462 1438 :
481 1406 639 1439 mentitur
661 1410 768 1439 tamen
782 1432 790 1447 ‚
805 1405 889 1438 illud
913 1405 1001 1450 quod
1016 1416 1132 1438 verum
1147 1409 1194 1438 est
1215 1404 1336 1438 dicens.
1354 1404 1449 1444 Quod
1463 1416 1541 1439 vero
1556 1416 1652 1439 omne
1667 1416 1759 1440 men-

167 1462 296 1495 dacium
311 1463 352 1495 sit
367 1469 545 1508 peccatum,
562 1463 771 1506 Augustinus
787 1463 932 1496 insinuat
948 1475 956 1496 :
978 1463 1090 1496 «Mihi
1104 1489 1111 1505 ‚
1129 1463 1237 1507 inquit
1251 1462 1274 1504 ⁶,
1292 1462 1422 1496 videtur
1436 1474 1532 1496 omne
1551 1463 1757 1497 mendacium

167 1531 233 1553 esse
248 1525 426 1565 peccatum.
445 1521 507 1554 Sed
522 1521 665 1554 multum
682 1521 814 1554 interest
830 1531 896 1565 quo
911 1520 1020 1554 animo
1026 1546 1034 1563 ,
1051 1525 1081 1553 et
1095 1520 1134 1553 de
1149 1520 1270 1565 quibus
1285 1519 1383 1552 rebus
1396 1520 1538 1565 quisque
1553 1520 1730 1553 mentiatur
1747 1535 1754 1554 z

167 1589 232 1611 non
248 1579 335 1611 enim
358 1579 403 1611 sic
430 1583 538 1623 peccat
559 1579 617 1623 qui
647 1578 839 1611 consulendi
855 1604 863 1619 ‚
880 1582 918 1611 ut
940 1578 998 1622 qui
1023 1578 1160 1611 nocendi
1177 1577 1347 1612 voluntate
1362 1578 1538 1620 mentitur3
1554 1589 1613 1611 nec
1627 1581 1756 1611 tantum

164 1640 257 1668 nocet
277 1636 335 1680 qui
357 1636 515 1670 viatorem
539 1635 727 1669 mentiendo
748 1636 783 1668 in
799 1635 927 1669 diverso
947 1636 1063 1669 itinere
1085 1636 1206 1678 mittit,
1223 1640 1385 1680 quantum
1400 1635 1458 1680 qui
1473 1635 1561 1669 viam
1575 1635 1651 1670 vitae
1665 1646 1756 1669 men-

165 1693 274 1726 tiendo
291 1693 458 1737 depravat.
479 1706 495 1725 >³
519 1694 619 1726 Porro
635 1705 731 1726 omne
746 1693 953 1726 mendacium
969 1693 1041 1726 ideo
1057 1693 1231 1726 dicendum
1246 1697 1293 1726 est
1311 1704 1378 1726 esse
1396 1697 1564 1737 peecatum
1576 1706 1586 1735 ;
1603 1694 1682 1738 quia
1695 1693 1756 1728 hoc

164 1750 257 1783 debet
272 1751 363 1794 loqui
379 1751 477 1784 homo
488 1751 575 1796 quod
591 1752 700 1784 animo
710 1752 806 1794 gerit,
824 1751 891 1784 sive
906 1751 990 1783 illud
1004 1762 1121 1784 verum
1136 1751 1189 1793 sit,
1205 1751 1273 1784 sive
1288 1755 1434 1795 putetur,
1451 1755 1482 1784 et
1496 1762 1563 1784 non
1577 1751 1629 1784 sit.
1646 1751 1756 1785 Verba

164 1808 250 1840 enim
267 1808 338 1840 ideo
353 1812 429 1841 sunt
443 1809 592 1841 instituta
608 1834 616 1850 ‚
633 1820 699 1841 non
714 1813 750 1841 ut
765 1820 822 1852 per
843 1820 880 1841 ea
895 1808 1044 1841 homiues
1061 1808 1201 1842 invicem
1225 1808 1361 1850 fallant3
1382 1808 1436 1841 sed
1452 1812 1488 1841 ut
1503 1820 1560 1852 per
1574 1819 1611 1842 ea
1626 1809 1661 1841 in
1675 1809 1754 1842 alte-

162 1864 230 1896 rius
244 1865 393 1898 notitiam
417 1877 491 1898 suas
515 1866 726 1908 cogitationes
741 1866 859 1899 ferant.
876 1866 995 1899 Verbis
1010 1876 1087 1908 ergo
1106 1865 1156 1898 uti
1180 1865 1218 1898 ad
1240 1865 1401 1897 fallaciam
1414 1891 1422 1907 ,
1439 1876 1505 1898 non
1520 1865 1560 1898 ad
1575 1865 1663 1909 quod
1676 1871 1753 1899 sunt

162 1921 331 1964 instituta,
349 1926 515 1966 peccatum
531 1926 588 1955 est.
620 1936 636 1954 ‹<
650 1922 715 1955 Nec
737 1923 810 1955 ideo
825 1923 923 1955 etiam
939 1921 949 1938 ⁵
965 1922 1073 1955 ullum
1094 1922 1301 1955 mendacium
1322 1922 1506 1966 putandum
1529 1927 1576 1956 est
1597 1934 1663 1956 non
1685 1935 1751 1957 esse

160 1984 325 2022 peccatum
340 2005 348 2022 ‚
365 1980 442 2024 quia
465 1991 638 2024 possumus
661 1980 760 2013 alicui
788 1979 965 2024 aliquando
989 1979 1138 2024 prodesse
1162 1980 1360 2013 mentiendo.
1386 1980 1566 2014 Possumus
1587 1981 1696 2024 enim,
1713 1986 1751 2015 ut

158 2036 349 2080 praedictum
366 2043 411 2070 est
425 2063 433 2079 ,
452 2041 482 2070 et
496 2038 636 2070 furando
651 2063 660 2080 ,
677 2041 707 2070 et
722 2037 937 2070 adulterando
952 2038 1114 2081 prodesse.
1131 2037 1339 2070 Mendacium
1355 2049 1487 2083 quoque
1503 2050 1569 2072 non
1585 2042 1663 2072 tunc
1680 2043 1748 2072 tan-

157 2097 227 2126 tum
243 2104 308 2126 esse
324 2106 496 2138 possumus
510 2095 628 2137 dicere,
645 2095 776 2139 quando
792 2095 911 2138 aliquis
924 2095 1053 2128 laeditur
1071 2107 1077 2127 :
1095 2106 1170 2128 cum
1191 2095 1278 2128 enim
1303 2107 1321 2128 a
1336 2095 1455 2129 sciente
1471 2096 1589 2130 dicitur
1603 2096 1722 2130 falsum
1736 2123 1744 2139 ,

156 2151 362 2184 mendacium
378 2155 445 2194 est,
462 2152 529 2185 sive
545 2152 634 2196 quis,
657 2152 724 2186 sive
740 2164 836 2185 nemo
851 2152 1002 2186 laedatur.
1020 2164 1036 2184 »
1056 2153 1134 2185 Eece
1155 2164 1194 2186 ex
1217 2153 1267 2186 his
1282 2157 1406 2186 constat
1424 2165 1520 2188 omne
1539 2155 1746 2188 mendacium

156 2219 222 2240 esse
238 2213 414 2251 peccatum.
430 2209 504 2242 Non
526 2213 634 2242 tamen
658 2210 698 2242 de
719 2210 809 2243 omni
833 2210 1002 2243 mendacio
1018 2210 1244 2254 accipiendum
1260 2214 1307 2243 est
1330 2211 1413 2244 illud
1437 2211 1561 2245 Psalmi
1576 2215 1585 2230 ‘³'
1603 2225 1610 2245 :
1628 2212 1745 2246 Perdes

155 2276 281 2305 omneS,
302 2266 357 2310 qui
370 2267 548 2311 loquuntur
562 2266 772 2300 mendacium
787 2279 800 2308 ,·
823 2279 882 2300 nec
905 2267 989 2300 illud
1002 2267 1013 2283 ⁷
1032 2279 1039 2300 z
1060 2270 1103 2300 Os
1122 2267 1209 2312 quod
1224 2268 1408 2309 mentitur,
1434 2269 1553 2302 occidit
1578 2270 1740 2304 animam.

154 2322 219 2355 Nec
234 2334 329 2355 omne
345 2324 551 2357 mendacium
567 2324 627 2358 isto
644 2328 803 2369 praecepto
817 2325 983 2370 prohiberi
1005 2325 1155 2367 videtur,
1171 2337 1230 2359 nec
1244 2326 1412 2370 praemissa
1423 2327 1638 2372 descriptione
1652 2339 1744 2362 men-

154 2380 282 2414 dacium
294 2381 359 2425 joci
373 2381 509 2414 includi.

197 2439 285 2472 Illud
306 2439 403 2472 etiam
420 2439 588 2473 sciendum
602 2444 665 2482 est,
678 2440 766 2486 quod
782 2446 793 2465 ⁸
813 2453 830 2474 ‹<
844 2441 879 2473 in
894 2440 1090 2485 quibusdam
1114 2440 1212 2474 rebus
1231 2451 1351 2484 magno
1370 2442 1457 2476 malo
1469 2467 1478 2484 ,
1495 2442 1529 2476 in
1544 2442 1741 2487 quibusdam
1759 2457 1800 2480 nbi
1813 2465 1863 2482 cum

188 2543 194 2558 ¹
210 2543 284 2573 Aug.¹
299 2543 361 2566 cont.
375 2541 496 2571 Merulae„
513 2550 534 2565 c.
549 2547 585 2566 ιιι
596 2559 602 2571 ,
617 2549 641 2566 n.
659 2545 696 2566 26.
707 2556 732 2560 —
745 2543 815 2572 21d.,
835 2543 979 2573 Enchm‘d„
994 2551 1016 2566 c.
1033 2548 1115 2572 xvui,
1127 2550 1153 2566 n.
1169 2543 1253 2568 6.—⁸
1264 2543 1326 2567 Ibt'cl.
1341 2555 1371 2562 —
1381 2544 1391 2559 ⁸
1402 2543 1464 2567 Ibc'rl.
1480 2556 1510 2561 —
1522 2542 1530 2557 ”
1544 2544 1591 2576 id..
1611 2546 1635 2570 in
1650 2547 1739 2578 Levit„

156 2585 180 2607 q.
196 2578 344 2602 avim—⁶
359 2577 398 2601 Ps.
414 2583 436 2605 v,
450 2578 473 2601 7.
484 2577 531 2594 -'¹
545 2578 614 2607 sup„
631 2582 649 2605 1,
667 2576 703 2600 Η.
714 2590 744 2595 —
755 2578 765 2593 Β
779 2579 853 2608 Aug„
867 2578 1005 2606 Enclzz'ricl„
1021 2586 1044 2601 c.
1060 2584 1115 2609 xix5
1130 2585 1156 2602 u.
1172 2580 1198 2603 ὓ.

275 2630 348 2652 Tou.
365 2630 399 2653 v.
1558 2629 1595 2657 12
