2017 2948
492 197 587 228 DlS'l'.
610 197 740 228 xxxiv.
765 196 880 228 PAltT.
906 197 927 227 Ι.

128 262 301 293 manebunt
312 263 344 292 in
355 263 464 302 patria,
484 266 704 294 verumtamen
719 264 893 295 secundum

126 315 294 346 nobiliores
315 318 345 346 et
369 316 603 348 excellentiores
628 327 704 348 usus
729 320 759 348 ct
785 319 892 354 actus,

127 377 222 406 quam
238 368 299 398 sint
319 369 353 398 in
368 369 430 406 via,
449 370 529 400 sicut
544 370 631 409 prius
644 370 765 400 dictum
783 370 839 400 fuit
856 370 894 399 de

127 421 338 451 cardinalibus
351 422 534 453 virtutibus.
550 423 588 453 Et
606 424 630 453 si
653 426 687 454 tu
712 424 805 461 dicas,
823 432 894 463 quae

127 476 165 503 snt
179 473 295 504 horum
311 475 477 505 habituum
493 477 668 514 necessitas,
685 486 759 507 cum
775 477 812 507 ad
829 486 896 516 per-

127 525 238 556 fectam
253 527 479 559 beatitudinem
496 529 631 560 sufficiat
656 529 755 560 Deum
776 530 893 566 videre,

127 581 157 609 et
170 589 287 618 amare,
297 583 327 611 et
335 583 441 613 tenere
452 583 585 622 perfecte
595 594 602 620 ;
613 583 838 614 attendendum
851 586 896 614 est

127 630 248 668 adhoc,
265 632 349 672 quod
367 633 466 664 multo
488 634 618 674 majoris
632 635 834 665 abundantiae
850 637 896 665 est

127 684 274 723 perfectio
300 686 424 725 gloriae,
453 696 551 726 quam
579 688 726 727 perfectio
753 688 866 727 gratiae
888 697 894 717 :

128 738 274 777 perfectio
293 742 401 770 autem
422 741 546 779 gratiae,
569 742 689 772 ratione
702 751 767 772 suae
785 741 896 780 digni-

128 792 198 821 tatis
225 794 256 822 et
283 793 481 832 eminentiae,
502 795 612 825 tribuit
635 795 759 825 homini
786 804 897 826 omnes

128 844 254 875 habitus
281 846 428 877 facientes
458 847 495 877 ad
521 848 736 886 integritatem
763 848 896 887 justitiae

127 898 303 929 secundum
319 900 586 939 comparationem
608 901 729 931 variam
744 901 783 931 ad
809 903 897 933 actus

127 952 158 981 et
171 951 305 990 obJecta,
321 955 351 983 et
366 953 539 984 secundum
556 956 655 984 status
670 957 700 984 et
714 954 898 994 opportuni-

128 1007 215 1043 tates,
233 1015 304 1045 quae
317 1008 520 1046 reperiuntur
535 1008 568 1038 in
586 1010 669 1038 statu
691 1008 752 1039 viae
771 1018 778 1038 :
798 1008 897 1038 multo

129 1058 230 1097 igitur
249 1060 359 1090 fortius
381 1060 484 1099 gloria
499 1085 506 1098 ‚
531 1071 603 1101 quae
633 1062 734 1092 reddit
757 1062 897 1091 animam

130 1120 186 1151 per
215 1113 321 1143 omnia
350 1113 546 1152 deiformem,
578 1117 608 1145 et
635 1115 725 1146 bonis
750 1115 898 1145 omnibus

128 1165 353 1203 abundantem,
371 1169 401 1197 et
422 1167 455 1197 in
475 1167 564 1198 nullo
583 1168 791 1206 deficientem,
806 1168 896 1199 habi-

128 1220 179 1248 tus
193 1219 344 1258 perfectos
358 1220 390 1250 in
404 1221 510 1251 anima
525 1221 625 1260 exigit
636 1222 767 1260 reperiri
782 1231 895 1252 sccun-

127 1272 205 1303 dum
233 1282 363 1304 omnen]
396 1274 494 1314 ipsius
527 1276 794 1315 comparationem
827 1286 837 1305 :
866 1278 896 1306 et

128 1329 292 1365 propterea
308 1327 452 1366 virtutes
477 1330 507 1359 et
525 1329 618 1367 dona,
640 1332 669 1360 et
690 1330 899 1360 beatitudines

129 1382 287 1418 quantum
314 1381 353 1410 ad
376 1390 486 1412 omnes
514 1382 651 1420 habitus,
680 1383 735 1422 qui
767 1386 841 1413 sunt
868 1383 898 1413 in

129 1435 212 1463 statu
226 1433 297 1471 vite,
315 1436 423 1464 etnon
445 1435 564 1465 habent
580 1436 654 1475 quid
671 1437 834 1467 essentiale
851 1446 899 1467 re-

130 1496 277 1526 pugnans
292 1487 475 1527 perfectioni
498 1489 630 1527 gloriae,
656 1489 689 1519 in
712 1490 779 1529 ipsa
797 1490 900 1528 gloria

130 1541 338 1579 perficiuntur
353 1544 382 1571 et
397 1544 680 1573 consummantur:
696 1546 726 1573 ct
740 1543 814 1582 qnia
829 1553 898 1574 om-

130 1594 182 1624 nia
199 1594 280 1624 dona
294 1597 368 1624 sunt
389 1595 584 1634 hujusmodi,
607 1596 688 1626 sicut
707 1599 802 1636 patet,
825 1597 900 1636 qnia

131 1648 237 1678 omnia
250 1648 379 1679 fuerunt
402 1649 433 1679 in
459 1649 591 1687 Christo,
614 1650 726 1689 inquo
745 1650 802 1680 fuit
826 1660 899 1690 pcr—

131 1702 219 1732 fectae
251 1701 288 1741 (a)
315 1702 519 1733 beatitudinis
545 1703 729 1742 plenitudo;
757 1704 832 1733 hinc
854 1706 900 1734 est

131 1754 215 1794 quod
230 1755 456 1786 rationabiliter
478 1755 606 1794 dicitur,
632 1758 662 1786 et
685 1757 900 1787 communiter

132 1810 268 1846 tenetur,
286 1808 370 1848 quod
393 1808 476 1839 dona
500 1808 532 1838 in
557 1809 658 1848 patria
678 1818 742 1839 non
764 1818 900 1840 evacua-

133 1861 264 1899 buntur,
275 1862 327 1892 sed
345 1861 511 1901 perfectius
520 1862 740 1892 remanebunt.
752 1862 838 1893 Unde
849 1872 900 1893 ra-

133 1915 245 1950 tiones,
255 1924 329 1954 quae
337 1915 397 1945 hoc
408 1915 588 1952 ostendant,
599 1916 806 1945 concedendae
814 1918 899 1946 sunt.

179 1970 203 1997 1.
221 1967 267 1997 Ad
285 1967 362 1997 illud
387 1976 464 2006 ergo
487 1967 572 2006 quod
588 1968 690 2007 primo
705 1969 853 2007 objicitur
868 1969 901 1998 in

135 2020 341 2058 contrarium,
358 2020 442 2060 quod
457 2020 539 2050 dona
561 2023 634 2051 sunt
657 2021 696 2051 ad
711 2021 899 2059 sanandum,

134 2073 304 2104 dicendum
318 2073 401 2113 quod
418 2073 561 2112 perfectae
583 2074 747 2104 medicinae
766 2084 842 2104 usus
857 2076 902 2105 cst

133 2136 196 2158 non
218 2129 343 2157 tantum
369 2127 402 2156 in
427 2127 622 2158 restituendo
636 2128 821 2164 sanitatem,
847 2128 901 2159 sed

131 2183 225 2213 etiam
241 2182 274 2212 in
293 2182 514 2222 praeservando
532 2185 563 2213 et
576 2182 799 2213 continuando.
816 2182 902 2214 Unde

133 2236 214 2266 dona
228 2236 261 2265 in
280 2238 361 2266 statu
377 2235 565 2266 innocentiae
583 2236 713 2266 fuissent
729 2236 767 2266 ad
785 2236 901 2266 sanita-

133 2291 197 2319 tem
213 2289 487 2328 prcescrvandam3
518 2289 550 2319 in
572 2291 654 2319 statu
678 2298 754 2320 vero
779 2292 902 2320 naturae

134 2342 229 2382 lapsae
255 2344 329 2372 sunt
353 2341 392 2372 ad
420 2341 585 2372 sanitatem
612 2343 838 2382 reparandam;
870 2343 903 2374 in

134 2398 216 2426 statu
233 2404 308 2426 vero
322 2395 432 2434 gloriae
451 2397 544 2426 erunt
567 2395 605 2425 ad
621 2396 785 2426 sanitatem
800 2396 903 2426 conti-

134 2449 295 2480 nuandam
312 2450 472 2489 perpetue.
490 2448 574 2479 Licet
595 2449 680 2479 enim
701 2449 733 2479 in
751 2449 804 2480 illo
820 2452 904 2480 statu

136 2502 248 2533 nonsit
262 2501 462 2541 aegritudinis
471 2502 608 2540 curatio;
622 2504 669 2533 est
680 2504 785 2533 tamen
803 2503 834 2533 in
851 2503 904 2534 illo

136 2555 335 2595 sempiternae
350 2554 459 2585 salutis
473 2555 678 2586 continuatio.

176 2611 205 2639 Ξ).
219 2608 263 2639 Ad
281 2607 356 2638 illud
366 2607 451 2647 quod
464 2607 624 2647 objicitur,
636 2609 721 2648 quod
736 2609 818 2640 dona
832 2612 906 2641 sunt

170 2676 176 2692 ¹
193 2673 279 2704 Arist„
293 2672 370 2703 Post„
384 2672 428 2696 lib.
445 2673 464 2702 l,
478 2680 500 2695 c.
516 2677 587 2696 xxiv.
601 2685 632 2690 —
646 2673 679 2703 (n)
690 2673 731 2697 Al.
741 2675 859 2704 perfecte.

952 197 1041 227 Alt‘l'.
1067 197 1103 227 ll.
1123 197 1270 234 QUJ'EST.
1296 199 1348 230 lll.
1678 206 1716 233 83

952 263 988 293 ad
1005 265 1093 293 actus
1104 264 1233 302 medios,
1245 267 1275 295 et
1287 274 1397 296 omnes
1406 268 1493 298 actus
1504 268 1615 307 gloriae
1626 271 1718 300 erunt

952 316 1089 354 perfecti,
1106 316 1273 348 dicendum
1286 319 1381 358 quod,
1405 320 1484 350 sicut
1507 322 1539 351 in
1555 324 1637 353 statu
1657 323 1718 353 viae

951 369 1109 408 quoddam
1127 379 1232 407 genus
1247 371 1349 411 operis
1365 372 1519 409 dignitate
1535 377 1564 404 et
1585 378 1657 405 actu
1673 375 1719 405 al-

953 424 1054 452 terum
1073 423 1240 461 antecellit,
1257 425 1300 454 sic
1314 425 1373 455 crit
1396 428 1426 455 et
1442 426 1474 456 in
1495 428 1577 457 statu
1594 428 1717 465 glorian,

952 475 1031 505 sicut
1051 475 1144 506 ctiam
1176 482 1344 516 possumus
1370 478 1476 509 videre
1506 479 1538 509 in
1568 481 1720 510 membris

952 528 1094 567 ejusdem
1110 530 1249 569 corporis
1266 541 1271 561 ι
1287 531 1370 561 unde
1384 531 1464 562 sicut
1481 533 1623 562 membra
1640 534 1721 571 ejus-

952 581 1023 611 dem
1039 583 1177 622 corporis
1187 584 1294 614 omnia
1304 584 1439 623 perfecta
1451 587 1555 623 exunt,
1571 588 1601 616 et
1615 588 1721 616 tamen

953 644 1054 665 unum
1066 637 1245 666 membrum
1258 637 1394 676 quodam
1410 638 1504 668 modo
1519 638 1723 669 excellentius

953 688 1050 719 altero
1067 689 1276 727 judicabitur,
1293 690 1373 721 sicut
1388 691 1498 721 oculus
1520 692 1723 723 excellentior

953 742 1048 781 pede3
1067 743 1110 773 sic
1125 743 1219 773 etiam
1234 744 1479 782 intelligendum
1495 747 1541 775 est
1560 745 1592 775 in
1609 746 1720 785 patria,

953 795 1037 834 quod
1055 797 1142 826 actus
1169 796 1338 830 virtutum.
1360 797 1517 828 donorum
1539 800 1570 829 et
1593 799 1723 830 beatitu-

954 848 1065 879 dinum
1081 849 1197 879 ibidem
1209 859 1318 880 omnes
1332 851 1547 890 perficientur,
1563 854 1592 882 et
1615 854 1721 883 tamen

954 901 1034 931 nihil
1063 903 1241 941 prohibebit
1261 904 1344 942 qnod
1369 906 1524 942 quantum
1553 905 1590 935 ad
1621 915 1723 943 genus

953 954 1058 993 operis
1072 955 1201 993 quidam
1214 958 1303 986 actus
1319 956 1449 995 priore&
1466 960 1496 986 et
1513 957 1643 996 quidam
1659 967 1722 989 me—

954 1007 1007 1045 dii,
1030 1010 1060 1038 et
1078 1009 1206 1047 quidam
1231 1008 1334 1039 ultimi
1352 1009 1508 1040 dicantur.
1526 1010 1558 1040 Si
1583 1011 1668 1041 enim
1685 1011 1723 1041 ad

954 1069 1064 1091 omnes
1078 1061 1176 1091 bonas
1190 1062 1386 1101 operationes
1402 1064 1432 1092 et
1453 1062 1626 1093 laudabiles
1652 1064 1724 1094 ani-

955 1123 1016 1144 mae
1032 1114 1074 1144 illi
1097 1115 1190 1145 statui
1205 1115 1426 1146 convenientes
1441 1116 1560 1147 erimus
1574 1117 1722 1156 expediti,

955 1167 1031 1207 quid
1048 1167 1165 1197 mirum
1187 1168 1224 1205 si,
1252 1168 1284 1198 in
1310 1171 1396 1199 lanta
1418 1169 1569 1200 varietate
1593 1173 1723 1201 actuum

955 1223 985 1251 ct
999 1229 1144 1260 operum,
1166 1224 1321 1260 quantum
1337 1221 1374 1252 ad
1386 1232 1490 1261 genus
1506 1224 1610 1264 operis
1625 1227 1725 1264 potest

955 1284 1039 1305 unus
1054 1277 1142 1305 actus
1156 1275 1244 1305 alteri
1261 1276 1407 1315 anteponi
1418 1278 1432 1306 ἶ)

996 1330 1024 1358 3.
1041 1328 1087 1358 Ad
1104 1329 1179 1359 illud
1205 1329 1288 1368 quod
1305 1329 1453 1368 objicitur
1475 1330 1512 1361 de
1535 1331 1618 1362 dono
1632 1332 1725 1363 intel-

956 1382 1063 1420 lectus,
1080 1381 1249 1412 dicendum
1260 1382 1355 1421 quod,
1369 1384 1516 1422 quamvis
1527 1384 1559 1414 in
1570 1387 1652 1416 statu
1664 1386 1724 1417 viae

955 1435 1074 1465 donum
1104 1435 1281 1465 intellectus
1313 1436 1367 1466 fiat
1398 1445 1454 1476 per
1484 1437 1660 1468 discursum
1695 1440 1726 1469 et

955 1489 1127 1527 quamdam
1149 1489 1406 1528 inquisitioncm;
1432 1490 1465 1520 in
1489 1491 1591 1530 patria
1620 1494 1725 1523 lamen

955 1542 1014 1571 erit
1036 1551 1092 1581 per
1116 1542 1289 1581 simplicem
1315 1545 1494 1582 aspectum,
1519 1545 1574 1575 ubi
1595 1544 1677 1575 Deus
1691 1546 1724 1576 in

955 1595 1102 1625 omnibus
1109 1595 1261 1625 creaturis
1272 1596 1430 1626 videbitur
1441 1598 1614 1629 manifeste.
1625 1598 1722 1637 Unde,

956 1649 1037 1678 sicut
1058 1648 1132 1679 dicit
1156 1648 1366 1689 Philosophus
1380 1652 1401 1688 ¹,
1418 1650 1442 1680 si
1464 1660 1606 1682 essemus
1629 1661 1725 1692 supra

955 1701 1076 1740 lunam,
1090 1711 1153 1732 non
1164 1711 1382 1741 quaereremus
1395 1706 1521 1744 propter
1532 1706 1617 1744 quod
1632 1706 1723 1746 eclip-

956 1758 1095 1793 saretur,
1126 1757 1202 1795 quia
1230 1756 1412 1787 videremus
1435 1758 1569 1798 simplici
1598 1763 1726 1799 aspectu

956 1809 1227 1849 interpositionem
1264 1812 1357 1840 terrae
1381 1820 1388 1847 3
1430 1811 1473 1840 sic
1486 1835 1493 1848 ,
1529 1811 1594 1842 imo
1626 1813 1726 1843 multo

956 1862 1161 1893 excellentius
1176 1862 1208 1892 in
1228 1863 1387 1902 proposito
1410 1863 1653 1903 intelligendum
1668 1869 1725 1897 cst.

997 1919 1026 1946 [ι.
1043 1916 1089 1946 Ad
1101 1916 1177 1946 illud
1192 1916 1275 1955 qnod
1285 1917 1433 1955 objicitur
1443 1917 1480 1947 de
1494 1918 1576 1949 dono
1591 1919 1724 1956 consilii,

957 1970 1126 2000 dicendum
1147 1970 1231 2009 quod
1250 1970 1281 1999 in
1305 1970 1387 2000 dono
1411 1972 1532 2001 consilii
1547 1972 1610 2003 duo
1629 1976 1722 2004 sunt:

957 2023 1102 2063 qnaedam
1132 2023 1270 2062 partium
1297 2024 1468 2063 ponderata
1495 2025 1662 2063 discussio,
1696 2029 1726 2057 et

957 2077 1122 2113 excellens,
1141 2079 1171 2107 et
1195 2077 1313 2107 stabilis
1326 2101 1334 2114 ,
1357 2078 1496 2109 melioris
1517 2082 1548 2110 et
1569 2080 1726 2119 dignioris

957 2131 1055 2171 partis
1070 2131 1179 2162 electio
1196 2133 1244 2161 :et
1259 2131 1398 2171 primum
1410 2134 1455 2162 est
1470 2132 1724 2172 imperfectionis,

957 2188 987 2216 ct
1001 2185 1144 2222 tolletur;
1164 2185 1340 2215 secundum
1357 2194 1433 2215 vero
1460 2186 1671 2225 perfectionis,
1697 2191 1727 2219 ct

959 2240 1108 2272 manebit.
1124 2239 1268 2271 Primum
1284 2240 1368 2270 enim
1385 2249 1448 2270 non
1468 2242 1513 2271 est
1534 2241 1572 2271 de
1594 2243 1727 2273 essentia

957 2294 1078 2326 consilii
1095 2294 1179 2331 doni,
1196 2293 1247 2324 sed
1263 2294 1449 2324 secundum.

999 2350 1027 2378 5.
1045 2347 1090 2378 Ad
1108 2346 1183 2377 illud
1199 2346 1282 2386 quod
1298 2347 1446 2386 objicitur
1460 2347 1497 2378 de
1511 2347 1593 2379 dono
1608 2349 1728 2380 fortitu-

959 2401 1052 2438 dinis,
1078 2400 1162 2440 quod
1190 2400 1222 2430 in
1250 2400 1350 2439 patria
1373 2409 1436 2431 non
1463 2402 1623 2438 manebit,
1652 2402 1728 2441 quia

960 2454 1047 2485 nulla
1061 2455 1135 2484 sunt
1146 2453 1187 2483 ibi
1199 2453 1335 2493 pericula
1349 2454 1544 2493 sustinenda,
1559 2455 1726 2487 dicendum

959 2507 1054 2547 quod,
1065 2507 1145 2537 sicut
1155 2506 1276 2537 dictum
1287 2509 1333 2537 est
1344 2508 1381 2537 de
1395 2507 1509 2538 virtute
1524 2508 1725 2548 fortitudinis,

960 2560 1003 2591 ita
1024 2560 1061 2591 dc
1083 2559 1165 2590 dono
1187 2560 1378 2590 fortitudinis
1400 2560 1645 2600 intelllgcndum
1668 2564 1725 2600 est,

961 2612 1037 2652 quia
1062 2612 1266 2643 excellentior
1288 2614 1358 2651 cJus
1380 2622 1457 2643 usus
1479 2613 1538 2644 erit
1558 2614 1591 2644 in
1614 2615 1725 2654 patria.

962 2665 1086 2696 Donum
1109 2665 1196 2696 enim
1218 2665 1409 2696 fortitudinis
1429 2666 1572 2706 disponet
1593 2668 1632 2698 ad
1656 2667 1726 2706 hoc,
