2017 2948
73 1381 145 1402 ivisio.

821 150 1011 182 DISTINCT.
1036 151 1097 183 XL.

1690 161 1746 190 227

158 219 226 251 sine
242 219 345 261 gratia
359 218 488 263 impleri
503 229 568 250 non
592 220 705 261 potest.
723 217 834 249 Gratia
848 221 957 249 autem
973 217 1081 249 deerat
1096 243 1103 259 ‚
1121 222 1152 250 et
1166 218 1238 252 ideo
1251 219 1358 253 littera
1373 222 1519 255 occidens
1539 228 1617 257 erat.
1637 224 1740 258 Distat

158 280 265 307 autem
284 276 453 318 Evangelii
476 275 582 307 littera
602 286 620 306 a
642 274 737 316 Legis
750 274 857 306 littera
870 300 877 314 ‚
895 274 994 317 quia¹
1012 274 1137 307 diversa
1159 281 1235 308 sunt
1260 278 1417 320 promissa
1434 291 1441 311 :
1459 279 1504 311 ibi
1523 284 1650 314 terrena
1663 307 1671 323 ‚
1688 282 1740 314 hic

159 333 301 365 coelestia
324 333 571 377 promittuntur.
590 331 724 364 Diversa
739 331 835 363 etiam
851 336 1049 364 sacramenia
1068 344 1074 363 :
1092 333 1170 376 quia
1185 333 1242 366 illa
1257 338 1384 367 tantun]
1406 336 1654 380 significabant,
1672 339 1741 372 haec

159 390 330 422 conferunt
344 389 492 433 graham.
510 390 674 433 Praecepta
686 389 783 421 etiam
798 389 927 421 diversa
949 394 1109 432 quantum
1124 390 1163 422 ad
1185 393 1421 425 caeremonialia
1439 406 1445 424 :
1464 405 1540 426 nam
1553 420 1561 436 ,
1579 401 1740 438 quantum

160 446 196 478 ad
216 447 362 488 moralia,
381 451 456 479 sunt
471 447 581 479 eaden]
595 459 601 486 ;
620 446 673 478 sed
689 446 819 489 plenius
833 445 867 477 in
881 445 1059 488 Evangelio
1073 447 1291 481 continentur.

203 504 349 536 Audistis
372 504 481 536 decem
503 503 638 536 chordas
658 503 807 536 Psalterii
828 502 959 546 utrique
979 504 1071 536 sexui
1091 505 1273 549 impositaS‚
1302 519 1374 551 quae
1395 508 1550 542 charitate
1574 511 1742 553 tangendae

159 565 247 602 sunt,
264 565 301 593 ut
315 561 470 593 vitiorum
486 561 563 594 ferae
579 560 778 593 occidantur.

351 691 554 722 EXPOSITIO
576 690 738 721 TEXTUS.

345 774 449 797 Sextum
464 775 619 804 praeceptum
634 775 681 803 est,
697 775 745 796 ete.

200 848 302 888 Supra
324 849 545 878 determinavit
563 848 714 886 Magister
738 848 775 878 de
797 848 927 878 distinc-

160 901 245 931 tione
277 901 499 932 mandatorum
536 901 682 939 Decalogi
707 902 863 940 quantum
889 900 927 930 ad

160 956 315 992 praecepta
326 954 438 993 primae
449 952 576 991 tabulae,
589 955 619 983 et
631 955 788 992 quantum
798 953 837 983 ad
850 961 928 992 prae-

159 1009 248 1045 cepta
276 1007 420 1037 secundae
450 1006 566 1036 tabulae
580 1030 587 1043 ,
620 1015 692 1045 quae
723 1006 928 1036 attenduntur

160 1056 241 1086 circa
255 1066 350 1096 opera
364 1057 538 1094 exteriora,
560 1059 588 1086 et
609 1057 647 1087 de
668 1056 906 1095 obliquitatibus
919 1080 926 1094 ,

160 1118 231 1148 quae
248 1109 364 1140 habent
378 1119 450 1140 cum
466 1111 509 1140 eis
525 1110 751 1149 oppositionem
772 1112 802 1139 et
816 1119 928 1149 repug-

159 1162 314 1199 nantiam;
333 1163 366 1192 in
378 1163 436 1193 hac
449 1172 524 1193 vero
539 1163 630 1193 tertia
644 1165 731 1202 parte
742 1163 929 1192 determinat

159 1215 196 1245 de
224 1215 423 1246 distinctione
450 1217 587 1246 duorum
615 1218 846 1255 praeceptorum
858 1239 865 1252 ,
894 1215 926 1244 in

159 1268 276 1306 quibus
296 1269 441 1307 prohibet
462 1269 613 1299 Dominus
633 1268 789 1307 duplicem
813 1277 928 1297 concu-

159 1320 343 1358 piscentiam
353 1322 386 1351 in
397 1323 630 1361 comparatione
639 1322 677 1351 ad
686 1321 779 1359 Legis
787 1323 816 1350 et
827 1320 929 1351 Evan-

161 1373 235 1411 gelii
249 1374 470 1405 differentiam.
492 1374 646 1405 Dividitur
661 1376 768 1404 autem
784 1374 842 1403 ista
857 1383 929 1412 pars

159 1427 191 1456 in
207 1429 269 1457 tres
283 1417 386 1466 partes
406 1438 411 1458 z
436 1428 469 1457 in
484 1428 586 1467 prima
601 1427 689 1466 ponit
705 1427 928 1466 praedictorum

159 1480 378 1510 mandatorum
390 1480 619 1510 distinctionem
631 1491 638 1517 ;
649 1480 681 1509 in
693 1479 829 1509 secunda
839 1488 926 1516 vero,

158 1532 232 1571 quia
244 1533 276 1562 in
292 1533 448 1572 praedietis
463 1533 619 1563 mandatis
633 1532 685 1562 lex
699 1535 791 1562 vetus
801 1532 929 1562 videtur

158 1586 327 1615 convenire
341 1595 413 1616 cum
424 1595 517 1622 nova,
532 1585 665 1624 inquirit
678 1585 770 1623 Legis
786 1587 815 1614 et
828 1584 928 1614 Evan-

157 1638 231 1676 gelii
244 1638 471 1676 differentiam,
487 1638 549 1668 ibi:
568 1638 631 1669 Sed
652 1646 722 1668 cum
742 1638 793 1668 hic
815 1637 926 1676 prolit-

157 1690 298 1722 he'beacur
311 1692 566 1731 concupiscentia
581 1691 693 1722 aliena)
706 1692 834 1728 uxoris,
852 1693 923 1727 etc.;

158 1743 190 1772 in
206 1744 296 1773 tertio
311 1753 387 1774 vero
407 1744 545 1774 breviter
566 1744 674 1774 decem
695 1743 843 1773 mandata
864 1743 926 1782 epi-

158 1795 261 1834 logat,
287 1797 356 1827 ibi:
384 1797 535 1829 Audistis
554 1797 656 1828 decem
678 1797 824 1828 chordas.
849 1796 926 1826 Par-

158 1848 238 1878 tium
262 1851 368 1880 autem
394 1850 567 1881 subdivisio
593 1850 667 1879 satis
693 1849 859 1879 manifesta
881 1851 927 1878 est

159 1901 190 1930 in
207 1901 320 1932 littera.

486 1976 553 1997 DUB.
578 1976 596 1995 1.

158 2038 264 2061 Sextum
275 2040 430 2068 praeceptum
445 2039 491 2062 est.
508 2040 564 2062 Non
578 2039 732 2062 desiderabis
747 2045 862 2068 uxorem,
877 2040 924 2061 etc.

198 2112 309 2143 Contra
329 2124 335 2142 :
363 2114 394 2143 Si
418 2115 501 2144 enim
524 2114 611 2153 prius
637 2117 683 2144 est
707 2114 926 2153 concupiscere

158 2179 255 2209 quam
271 2171 423 2201 moechari
434 2196 442 2209 ‚
459 2172 585 2202 videtur
601 2173 685 2212 quod
700 2172 777 2202 illud
794 2171 924 2201 manda-

159 2225 226 2252 tum
242 2232 304 2253 non
321 2224 445 2255 deberet
459 2227 547 2255 sexto
562 2225 630 2256 loco
641 2249 648 2262 ,
664 2225 728 2255 imo
749 2225 839 2255 tertio
858 2225 926 2254 loco

159 2275 233 2314 poni
248 2276 329 2306 inter
343 2279 499 2316 praecepta
517 2278 661 2308 secundae
678 2278 805 2308 tabulae.
829 2277 923 2315 ltem,

159 2328 239 2357 nihil
255 2328 345 2358 debet
362 2330 490 2369 praecipi
501 2353 508 2367 ,
525 2331 584 2360 nisi
601 2331 684 2370 quod
706 2333 751 2361 est
766 2330 798 2360 in
819 2332 927 2360 nostra

160 2382 310 2418 potestate
323 2392 328 2410 :
343 2381 395 2410 sed
406 2385 530 2419 natura,
543 2383 696 2422 quamdiu
707 2385 855 2422 corrupta
867 2385 924 2420 cst,

160 2432 255 2462 habet
269 2433 458 2472 pronitatem
474 2435 711 2474 concupiscendi
726 2446 731 2465 :
749 2444 828 2474 ergo
839 2435 927 2465 vide—

160 2487 212 2515 tur
227 2487 311 2525 quod
323 2487 572 2526 concupiscentia
586 2496 650 2517 uon
664 2487 773 2518 debeat
785 2488 819 2517 in
838 2488 928 2518 Deca—

160 2537 234 2576 logo
248 2539 418 2578 prohiberi.
440 2540 533 2578 Item,
548 2540 627 2570 sicut
642 2540 796 2579 contingit
810 2549 925 2571 concu-

194 2600 282 2631 wag„
291 2601 679 2631 Enarr.inPs.i,xx1u„n.2.—
689 2602 698 2618 ²
707 2601 792 2632 Eccli.,
804 2608 878 2632 xvux,
888 2603 926 2626 20.

985 691 1104 730 piscere
1114 702 1248 724 uxorem
1263 695 1419 735 hominis,
1434 697 1477 727 ita
1491 697 1585 728 etiam
1600 699 1755 738 contingIt

985 745 1205 784 concupiscere
1230 747 1343 786 filiam,
1369 751 1399 779 et
1419 751 1629 781 concubinam
1652 759 1755 790 :ergo

986 805 1051 826 non
1069 798 1196 829 videtur
1211 800 1296 839 quod
1313 801 1346 830 in
1362 803 1510 833 mandato
1525 803 1577 834 illo
1595 804 1753 835 sufficien-

984 851 1031 878 ter
1046 850 1251 888 prohibeatur
1266 854 1368 884 carnis
1382 856 1647 894 concupiscentia.

1025 901 1116 942 Resp.
1132 904 1302 935 Dicendum
1317 907 1401 945 quod
1416 908 1551 938 moechia
1561 919 1593 939 se
1607 909 1702 940 habet
1715 919 1755 941 ex

984 954 1142 986 additione
1155 957 1193 987 ad
1207 959 1503 997 concupiscentiam,
1516 961 1590 1000 quia
1602 963 1755 993 moechari

985 1006 1083 1035 estin
1107 1007 1199 1037 corde
1224 1010 1254 1038 et.
1270 1018 1379 1048 opere3
1406 1012 1627 1050 concupiscere
1652 1015 1697 1043 est
1722 1013 1754 1043 in

984 1058 1087 1088 corde.
1111 1058 1148 1089 Et
1169 1060 1243 1099 quia
1260 1061 1430 1099 prohibitio
1455 1063 1528 1094 dicit
1551 1065 1755 1103 negationem

984 1111 1150 1150 utriusque
1165 1123 1170 1141 :
1187 1113 1262 1151 quia
1276 1115 1463 1152 negationes
1480 1125 1512 1145 se
1525 1117 1671 1147 habente
1686 1127 1756 1148 con-

984 1164 1081 1193 trariO
1096 1164 1375 1203 affirmationibus,
1394 1167 1463 1196 ideo
1482 1169 1653 1206 prohibitio
1678 1179 1753 1200 con-

985 1217 1183 1255 eupiseentiae
1201 1218 1287 1248 addit
1303 1228 1399 1258 supra
1414 1220 1661 1258 prohibitionem
1675 1232 1755 1253 moe-

985 1269 1064 1299 chiae
1076 1281 1081 1299 :
1096 1272 1127 1299 et
1137 1270 1328 1309 generaliter
1340 1272 1511 1311 prohibitio
1524 1276 1641 1313 peccati
1652 1276 1756 1306 cordis

985 1321 1069 1351 addit
1095 1332 1190 1361 supra
1212 1323 1458 1362 prohibitionem
1479 1327 1597 1364 peccati
1620 1329 1724 1367 operis
1746 1340 1753 1360 :

984 1374 1055 1413 plus
1078 1375 1163 1405 enim
1189 1378 1235 1405 est
1255 1376 1423 1415 prohibere
1446 1381 1610 1417 peccatum
1633 1382 1752 1420 cordis,

984 1435 1081 1465 quam
1097 1431 1259 1466 peccatum
1274 1430 1393 1468 operis,
1410 1431 1485 1469 quia
1499 1435 1663 1470 peccatum
1676 1443 1754 1473 ope-

984 1481 1027 1509 ris
1048 1482 1266 1520 praesupponit
1286 1484 1449 1521 peccatum
1472 1485 1574 1514 cordis
1596 1497 1602 1515 :
1628 1488 1659 1516 et
1684 1487 1754 1518 ideo

984 1534 1043 1564 isia
1057 1535 1120 1565 duo
1133 1535 1292 1573 mandata,
1308 1535 1343 1565 in
1354 1536 1470 1575 quibus
1484 1538 1671 1576 prohibetur
1684 1550 1756 1572 con—

984 1589 1190 1627 cupiscentia,
1217 1590 1328 1620 ultimo
1349 1590 1417 1620 Ioco
1442 1594 1515 1621 sunt
1537 1593 1692 1625 ordinata.
1716 1595 1754 1626 Et

985 1650 1041 1679 per
1055 1642 1114 1671 hoc
1127 1644 1211 1681 patet
1225 1643 1388 1681 responsio
1404 1644 1442 1674 ad
1457 1643 1535 1674 illud
1550 1647 1634 1685 quod
1650 1647 1754 1686 primo

983 1694 1142 1732 objicitur.
1160 1695 1207 1724 Ad
1228 1695 1305 1725 illud
1319 1696 1403 1734 quod
1419 1697 1578 1735 objicitur,
1602 1700 1686 1738 quod
1701 1701 1753 1730 ni-

983 1748 1027 1778 hil
1056 1750 1146 1780 debet
1166 1750 1295 1789 praecipi
1322 1751 1407 1789 quod
1433 1760 1497 1781 non
1519 1755 1565 1782 est
1593 1753 1627 1783 in
1647 1757 1753 1786 nostra

984 1805 1145 1841 potestate,
1157 1803 1327 1833 dicendum
1342 1804 1427 1843 quod
1439 1807 1485 1834 est
1499 1806 1752 1845 concupiscentia

986 1864 1058 1894 quae
1074 1855 1214 1885 consistit
1228 1856 1261 1885 in
1278 1856 1493 1894 sensualitate,
1519 1860 1550 1887 et
1571 1861 1617 1888 est
1635 1869 1753 1892 concu-

986 1908 1136 1947 piscentia
1151 1916 1223 1947 quae
1238 1910 1284 1938 est
1298 1908 1331 1938 in
1352 1917 1506 1939 consensu
1526 1911 1656 1942 rationis
1678 1923 1752 1953 pro—

983 1961 1125 1999 gressive
1146 1960 1184 1991 ad
1204 1969 1293 2000 opus.
1319 1960 1425 1991 Prima
1442 1964 1489 1992 est
1510 1966 1674 2002 peccatum
1692 1976 1750 1998 ve-

983 2013 1079 2051 niale,
1105 2023 1162 2043 nec
1191 2013 1388 2052 prohibetur,
1411 2014 1465 2044 sed
1492 2011 1674 2056 cohibetur;
1701 2028 1749 2050 se-

983 2067 1087 2097 cunda
1101 2076 1178 2097 vero
1192 2068 1239 2097 est
1251 2069 1416 2105 peccatum
1432 2068 1564 2099 mortale
1574 2093 1583 2107 ,
1600 2072 1630 2101 et
1643 2072 1751 2111 prohi-

983 2119 1075 2149 betur
1090 2119 1123 2149 in
1138 2122 1295 2159 quantum
1310 2121 1356 2149 est
1378 2121 1582 2158 progressiva
1599 2123 1638 2153 ad
1658 2132 1750 2163 opuS.

983 2171 1071 2201 Unde
1086 2172 1177 2202 istius
1191 2171 1330 2202 mandati
1346 2172 1514 2211 explicatio
1529 2176 1558 2204 et
1575 2174 1751 2209 intellectus

982 2224 1172 2261 insinnatur,
1189 2224 1245 2254 ubi
1263 2224 1397 2254 dicitur²
1412 2234 1420 2254 ε
1438 2225 1504 2256 Fili
1513 2249 1523 2263 ,
1546 2230 1618 2265 post
1635 2236 1751 2261 concu-

981 2277 1156 2314 piscentias
1172 2279 1246 2307 tuas
1257 2283 1322 2307 non
1334 2284 1387 2306 eas
1397 2284 1408 2306 .·
1423 2275 1478 2306 ubi
1494 2277 1678 2317 simpliciter
1687 2291 1751 2313 non

982 2328 1168 2367 prohibetur
1183 2329 1402 2367 concupiscere
1412 2352 1420 2365 ,
1437 2329 1490 2359 sed
1506 2332 1575 2368 post
1590 2335 1751 2373 concupis-

983 2381 1100 2411 centias
1113 2381 1276 2412 atnbulare
1291 2381 1530 2419 consentiendo,
1548 2385 1578 2413 et
1592 2384 1625 2414 in
1645 2389 1749 2418 actum

984 2434 1226 2472 progrediendo.
1255 2434 1302 2463 Ad
1328 2433 1404 2464 illud
1429 2434 1513 2473 quod
1538 2436 1688 2475 objicitur
1712 2441 1750 2472 de

983 2487 1235 2526 concupiscentia
1244 2487 1318 2516 filiae
1327 2488 1358 2516 et
1367 2487 1552 2518 concubinae
1559 2512 1567 2526 ,
1580 2489 1748 2525 dicendum

983 2539 1067 2578 quod
1081 2540 1145 2569 filia
1159 2542 1189 2569 et
1204 2540 1380 2571 concubina
1390 2539 1558 2578 dupliciter
1566 2545 1669 2582 potest
1677 2555 1750 2577 con-

984 2592 1120 2631 cupisci:
1138 2595 1193 2623 aut
1207 2593 1240 2622 in
1256 2591 1502 2631 possessionem,
1528 2595 1563 2624 ut
1583 2597 1749 2638 redigatur
