2017 2948
224 138 281 168 286
783 136 1092 168 SENTENTIARUM
1114 138 1187 168 ΗΒ.
1208 138 1257 169 lv.

223 204 348 235 cuativa
363 203 546 243 figurarum
558 206 589 235 et
599 205 780 243 signorum,
797 205 873 243 quia
887 207 994 244 aperte

224 256 373 297 praedicat
384 257 566 288 veritatem:
581 266 661 297 ergo
674 258 700 288 si
712 258 908 287 sacramenta
920 258 994 287 sunt

224 312 394 351 figuralia,
416 313 598 343 nullatenus
619 312 683 351 legi
700 312 894 351 evangelicae
915 321 993 342 cou-

223 366 367 396 veniunt.

264 420 293 449 5.
311 418 401 457 Item,
419 419 470 449 lex
485 418 653 456 Evangelii
669 420 714 447 est
729 418 780 448 lex
796 416 947 448 libertatis
961 420 968 436 ¹
985 427 991 447 :

228 471 288 504 Vos
304 476 406 503 aulem
418 495 427 509 ‚
444 473 572 511 fratre&
589 472 625 503 in
640 471 813 502 libertatem
827 471 932 502 vocati
946 478 994 502 es-

223 526 266 556 tis
280 536 291 556 .·
313 534 391 564 ergo
411 525 449 555 ad
469 526 576 555 minus
600 533 664 555 non
679 524 857 554 debuerunt
871 522 995 553 institui

224 580 419 608 sacramenta
442 578 501 609 snb
525 580 702 618 praecepto,
730 577 781 608 sed
809 577 912 607 solum
936 576 994 606 sub

222 630 362 661 consilio.
388 631 424 661 Et
447 631 506 661 hoc
528 632 654 662 videtur
675 631 778 661 dicere
802 630 932 669 Hug0²‚
957 629 995 660 <Ie

224 684 437 715 Sacramenll's
451 693 461 714 .·
483 684 613 715 «Primo
629 684 779 724 parvulos
793 683 924 714 consilio
937 691 995 713 nu-

222 737 328 775 trivit,
345 737 396 767 vel
412 738 567 775 erudivit;
585 738 722 768 secundo
738 738 902 777 provectos
916 745 995 776 prae-

222 793 310 830 cepto
332 792 482 829 tentavit3
509 791 603 822 tertio
619 792 772 831 perfectos
796 791 828 820 in
850 790 994 820 libertate

223 844 351 883 spiritus
372 845 537 875 ambulare
559 844 712 884 permisit.
729 856 743 872 »
765 843 825 874 Sed
845 843 905 874 hoc
928 851 993 873 non

222 900 323 937 potest
338 901 438 935 stare,
455 898 529 938 quia
548 898 660 929 dicitur
674 900 684 916 ³
701 909 707 928 :
726 898 800 928 Nisi
815 898 888 936 quis
904 905 994 928 rena-

223 954 274 982 tus
290 952 402 990 fuerit,
418 954 476 982 etc.

489 1064 713 1097 CONCLUSIO.

223 1155 289 1181 Cum
304 1156 406 1188 tempus
420 1154 531 1181 rcmcclz'i
550 1155 688 1188 incoeperit
709 1161 725 1180 a
744 1153 836 1187 lapsu,
851 1154 994 1187 profecerit

257 1200 286 1224 in
308 1199 377 1233 lege,
398 1200 422 1225 et
445 1201 654 1225 consummatum
675 1199 758 1231 suerit
781 1199 809 1224 z'n
833 1198 992 1232 Evangelio,-

258 1243 317 1269 ideo
333 1243 385 1269 lzaec
402 1247 519 1277 tempora
534 1244 643 1275 fuerunt
658 1243 841 1269 convenientia
862 1243 898 1269 ad
919 1244 995 1269 insei-

257 1288 384 1313 tutz'oucm
399 1289 632 1314 sacrameulsuvtm.

261 1376 353 1415 Resp.
375 1376 413 1405 ad
429 1385 500 1413 arg.
519 1376 692 1406 Dicendum
708 1376 792 1415 quod
815 1376 924 1406 omnia
940 1384 993 1405 sa-

224 1432 386 1459 cramenta
410 1429 552 1459 instituta
576 1431 650 1460 suut
667 1429 700 1459 in
720 1429 899 1460 remedium
921 1438 994 1468 spe-

222 1482 341 1513 cialiter
351 1484 381 1512 ct
391 1482 616 1522 principaliter,
629 1484 760 1522 excepto
776 1482 992 1520 matrimonio,

222 1535 307 1575 quod
328 1535 432 1575 primo
450 1535 632 1565 institutum
653 1538 700 1565 est
719 1536 751 1565 in
775 1535 914 1565 officium
932 1547 938 1565 :
965 1538 995 1565 et

223 1588 298 1628 quia
314 1591 439 1628 tempus
455 1588 586 1618 remedii
602 1588 715 1627 incepit
727 1598 745 1618 a
760 1588 862 1627 lapsu,
880 1590 910 1618 et
922 1597 995 1628 pro-

224 1639 295 1669 fecit
311 1639 343 1669 in
361 1639 446 1678 lege,
466 1641 496 1669 et
512 1641 769 1669 consummatum
784 1641 830 1669 est
846 1639 878 1669 in
895 1639 996 1669 Evan-

227 1692 328 1731 geli03
345 1692 414 1722 ideo
431 1692 489 1722 ista
504 1692 563 1722 tria
578 1694 721 1731 tempora
731 1692 997 1722 conveniuntins-

228 1745 381 1782 titutioni,
399 1747 504 1775 tamen
519 1745 694 1775 secundum
713 1745 818 1783 magis
833 1746 862 1775 et
878 1745 993 1775 minus.

268 1798 374 1829 Primo
392 1798 430 1829 ad
449 1798 526 1829 illud
542 1807 620 1837 ergo
636 1798 719 1838 quod
734 1799 895 1837 objicitur,
911 1799 996 1838 quod

227 1852 421 1882 conveniunt
431 1852 565 1891 tempori
575 1854 698 1882 uaturae
707 1851 860 1882 institutae
870 1853 997 1891 propter

227 1905 485 1942 matrimonium,
502 1904 669 1935 dicendum
685 1904 769 1944 quod
784 1907 861 1935 tunc
875 1906 923 1935 est
936 1905 998 1935 ins-

227 1958 369 1995 titutum,
387 1958 463 1997 quia
478 1958 535 1988 fuit
551 1957 733 1988 institutum
748 1958 780 1988 in
795 1957 947 1989 officium.

268 2013 297 2041 1.
314 2010 361 2041 Ad
376 2010 454 2041 illud
469 2011 553 2050 quod
568 2011 717 2050 objicitur
731 2011 769 2041 de
783 2015 881 2050 'poena
894 2020 997 2050 ange-

227 2063 343 2101 lorum,
358 2065 442 2103 patet
458 2063 632 2103 responsio,
649 2064 722 2103 quia
738 2073 832 2103 poena
845 2064 895 2095 vel
910 2064 998 2101 ignis

228 2118 355 2147 revocat
377 2125 395 2146 a
416 2116 528 2156 culpa:
553 2116 606 2147 sed
629 2116 784 2147 medicina
803 2117 997 2148 occasionem

228 2171 357 2209 praestat
369 2180 375 2199 :
387 2169 457 2200 ideo
471 2177 537 2199 non
551 2168 594 2198 sic
607 2169 740 2199 debebat
753 2178 821 2200 esse
831 2179 871 2201 ex
883 2170 941 2200 ista
958 2170 995 2209 (a)

229 2224 330 2262 parte.

269 2277 299 2306 2.
315 2275 363 2306 Ad
382 2274 461 2306 illud
480 2274 564 2314 quod
579 2275 725 2314 objicitur
738 2276 776 2306 de
799 2285 875 2315 usu,
892 2277 998 2308 dicen-

229 2329 304 2360 dum
321 2328 405 2368 quod
425 2327 588 2358 humiliari
611 2329 670 2358 sub
694 2329 863 2367 creaturis,
889 2330 928 2360 ab
954 2331 999 2361 eis

230 2381 365 2417 erudiri,
388 2383 419 2411 et
433 2381 465 2411 in
482 2381 526 2411 eis
541 2390 559 2410 a
574 2381 696 2411 fastidio
711 2382 852 2422 liberari,
873 2392 937 2414 non
952 2386 999 2415 est

229 2435 267 2465 de
288 2437 401 2465 natura
420 2433 560 2464 hominis
579 2433 732 2472 instituti,
750 2435 803 2465 sed
820 2436 924 2475 potius
938 2436 998 2467 hoc

261 2497 269 2512 ἱ
283 2496 378 2524 Calah,
397 2501 420 2526 v,
440 2498 474 2520 13.
488 2509 518 2513 -
536 2496 546 2510 ‘2
566 2496 639 2526 [lug-3„
655 2496 699 2520 lib.
717 2498 734 2523 Ι,
751 2505 773 2520 c.
792 2503 826 2521 iv.
846 2511 870 2514 —
894 2499 901 2511 ³
917 2499 998 2527 Joan„

230 2537 272 2561 111,
289 2533 312 2555 3.
328 2544 358 2548 -
379 2532 388 2547 ⁴
405 2532 444 2561 Cf.
466 2531 536 2555 Alex.
554 2531 649 2560 Alens„
670 2539 695 2562 p.
715 2532 757 2563 lv,
773 2540 796 2563 q.
820 2540 844 2563 v,
863 2535 956 2558 memb.
974 2537 999 2564 2,

231 2569 277 2590 art.
301 2568 324 2597 ἠ
346 2566 497 2597 Ricliardus,
521 2567 550 2590 lv
577 2566 655 2597 Sent.²
677 2567 735 2591 dist.
757 2574 785 2598 11,
808 2576 832 2599 q.
856 2575 887 2596 ιιι
910 2571 997 2600 isleph.

231 2602 334 2632 Brulet,
355 2603 384 2626 {V
408 2603 486 2632 Seni„
501 2602 558 2626 dist.
578 2608 606 2632 ιι,
625 2610 651 2633 q.
672 2609 704 2633 1¹5
728 2604 816 2627 Petrus
836 2606 866 2628 de
884 2606 998 2636 Tarum„

1050 204 1152 244 exigit
1168 214 1260 245 poena
1277 205 1434 244 damnati,
1453 205 1528 246 quia
1543 206 1640 237 homo
1654 207 1817 238 institutus

1050 260 1115 288 erat
1142 258 1264 288 medius
1290 258 1371 289 inter
1395 261 1554 289 creaturas
1577 261 1608 290 et
1635 260 1760 290 Deum:
1783 261 1817 291 in

1050 311 1193 341 Creatore
1210 312 1293 342 euim
1313 321 1345 341 se
1360 311 1559 350 expressius,
1577 321 1674 352 quam
1695 312 1728 342 in
1749 312 1818 343 aliis

1050 365 1276 403 cognoscebat,
1294 367 1324 396 et
1340 365 1371 395 in
1393 365 1459 404 ipso
1473 364 1697 402 delectabatur,
1714 366 1745 396 et
1759 374 1817 396 va-

1050 417 1159 448 rietate
1181 427 1290 448 rerum
1310 417 1347 448 ad
1368 417 1557 456 fug-siendum
1578 417 1738 448 fastidium
1753 426 1819 449 non

1050 470 1178 509 egebat.

1090 525 1120 553 2.
1132 524 1178 553 Ad
1191 523 1267 554 illud
1277 524 1362 563 quod
1372 524 1519 562 objicitur
1535 523 1572 553 de
1584 525 1724 563 tempore
1738 522 1820 562 legis

1050 578 1184 614 naturae,
1199 577 1366 607 dicendum
1378 577 1460 616 quod
1472 577 1522 607 lex
1539 579 1662 607 naturae
1672 576 1819 616 quaedam

1050 630 1142 660 dictat
1159 632 1194 660 ut
1209 630 1395 667 necessaria,
1409 630 1554 669 quaedam
1566 629 1817 669 utexpedientia;

1050 685 1080 713 ct
1094 684 1208 713 iterum
1224 683 1371 722 quaedam
1388 683 1481 713 dictat
1494 691 1533 713 ex
1549 692 1593 720 se,
1605 682 1753 722 quaedam
1767 682 1821 713 ad-

1046 737 1158 775 juncia
1179 736 1240 765 side
1262 738 1291 766 et
1320 735 1527 775 inspiratione
1550 745 1557 766 :
1583 737 1614 766 et
1643 735 1712 766 dico
1735 735 1820 776 quod

1050 789 1153 829 primo
1169 789 1262 819 modo
1277 789 1371 819 dictat
1381 791 1539 828 praecepta
1554 789 1666 826 moris;
1683 788 1820 820 secundo

1051 843 1144 873 modo
1157 845 1313 882 praecepta
1321 850 1394 881 quae
1403 842 1559 872 dictabant
1570 842 1603 872 in
1616 841 1770 881 generali,
1783 844 1817 872 ut

1050 904 1116 926 esse
1134 895 1169 934 ib)
1184 895 1246 926 Deo
1260 895 1502 925 sacrificandum
1518 904 1525 925 :
1540 897 1571 926 et
1582 895 1642 926 hoc
1656 895 1734 926 fides
1745 904 1819 926 cum

1050 949 1254 988 inspiratione
1270 949 1365 979 etiam
1383 948 1516 979 ulterius
1530 948 1772 980 determinabat:
1789 951 1820 979 et

1049 1001 1093 1032 sic
1109 1004 1194 1041 patet
1209 1001 1299 1032 illud.

1091 1057 1118 1085 3.
1136 1055 1182 1085 Ad
1199 1055 1275 1085 illud
1297 1054 1379 1094 quod
1396 1054 1544 1093 objicitur
1561 1054 1599 1085 de
1615 1056 1760 1095 tempore
1774 1054 1817 1086 le-

1049 1108 1099 1145 gis
1123 1108 1264 1147 scriptae,
1285 1107 1354 1138 dico
1378 1107 1460 1147 quod
1486 1107 1538 1138 lex
1558 1108 1673 1147 scripta
1691 1117 1710 1138 a
1733 1107 1820 1138 duris

1049 1161 1278 1191 observabatur
1292 1160 1468 1199 carnaliter,
1483 1163 1514 1191 et
1527 1161 1596 1199 ejus
1610 1163 1817 1198 sacramenta,

1049 1216 1079 1243 et
1094 1214 1125 1243 in
1146 1214 1261 1243 talibus
1278 1213 1397 1243 nullan]
1411 1213 1548 1243 babebat
1562 1214 1750 1252 et'sscaciam3
1766 1214 1820 1245 sed

1050 1276 1068 1295 a
1079 1265 1296 1305 spiritualibus
1309 1266 1538 1297 observabatur
1554 1267 1772 1306 spiritualiter,
1788 1270 1820 1298 et

1049 1328 1114 1349 non
1129 1322 1195 1349 crat
1211 1320 1242 1349 in
1258 1328 1350 1357 onus,
1368 1320 1422 1350 sed
1437 1320 1471 1349 in
1487 1320 1571 1350 viam
1586 1320 1715 1351 salutis:
1732 1323 1762 1351 et
1777 1322 1821 1352 ta-

1050 1372 1135 1402 libus
1151 1375 1348 1402 sacramenta
1362 1372 1415 1402 illa
1429 1375 1520 1403 erant
1533 1373 1568 1402 in
1584 1373 1784 1404 medicinam.

1090 1428 1118 1456 4.
1136 1426 1183 1456 Ad
1204 1426 1280 1456 illud
1301 1426 1384 1466 quod
1408 1427 1556 1465 objicitur
1575 1426 1614 1457 de
1634 1427 1819 1466 Evangelio,

1049 1479 1133 1519 quod
1149 1482 1281 1510 evacuat
1296 1480 1427 1518 figuras.
1447 1480 1615 1510 dicendum
1630 1481 1715 1520 quod
1730 1489 1818 1520 qnae-

1050 1533 1122 1562 dam
1144 1534 1259 1570 {igin-ae
1283 1536 1373 1563 erant
1398 1536 1521 1564 tantum
1545 1534 1583 1564 ad
1605 1533 1818 1573 signandnm3

1050 1586 1197 1625 quaedam
1213 1589 1320 1616 autem
1333 1589 1407 1617 sunt
1422 1587 1460 1617 ad
1477 1587 1680 1626 signandum,
1691 1590 1722 1618 et
1736 1596 1822 1618 sanc—

1051 1639 1247 1670 tificandum.
1265 1639 1402 1677 figuras
1416 1641 1534 1679 primas
1548 1643 1694 1678 evacuat;
1709 1641 1763 1671 sed
1777 1649 1822 1671 se-

1051 1693 1170 1723 cundas
1185 1693 1330 1730 institnit,
1347 1693 1484 1732 quia-lex
1497 1696 1544 1723 est
1555 1694 1819 1733 sanctificationis,

1051 1755 1115 1776 non
1129 1748 1252 1776 tantum
1270 1745 1422 1776 veritatis.

1092 1801 1120 1829 5.
1134 1799 1183 1830 Ad
1192 1799 1270 1829 illud
1284 1798 1368 1838 quod
1383 1799 1541 1838 objicitur,
1555 1799 1638 1839 quod
1654 1800 1706 1831 lex
1720 1799 1822 1832 Evan-

1052 1852 1129 1891 gelii
1145 1854 1191 1882 est
1205 1852 1256 1882 lex
1276 1852 1447 1888 libertatis,
1464 1854 1535 1890 etc„
1552 1853 1721 1884 dicendum
1738 1853 1823 1894 quod

1052 1907 1210 1945 praecepta
1223 1907 1298 1935 sunt
1311 1905 1344 1935 in
1360 1906 1544 1936 servitutem
1559 1906 1756 1944 timentibus,
1769 1906 1823 1937 sed

1053 1958 1171 1988 suntin
1185 1957 1361 1988 libertatem
1376 1958 1572 1989 amantibus:
1588 1959 1665 1999 quia
1679 1967 1758 1998 ergo
1772 1959 1824 1990 lex

1053 2012 1241 2051 evangelica
1258 2015 1304 2043 est
1326 2012 1379 2044 lex
1400 2013 1532 2050 amoris,
1552 2013 1621 2044 ideo
1639 2013 1756 2044 dicitur
1771 2013 1824 2044 lex

1054 2065 1226 2103 libertatis,
1252 2075 1317 2096 non
1341 2066 1415 2106 quia
1438 2075 1503 2097 non
1529 2066 1744 2106 praecipiebat,
1770 2066 1825 2097 sed

1054 2116 1130 2155 quia
1149 2125 1213 2147 non
1233 2117 1272 2147 ad
1289 2116 1453 2154 timorem,
1475 2117 1529 2148 sed
1546 2117 1583 2148 ad
1602 2126 1744 2148 amorem
1760 2119 1823 2148 tra-

1054 2170 1159 2201 hebat.

1304 2232 1506 2270 QUAEs'rio
1536 2233 1577 2265 11.

1090 2314 1136 2339 An
1157 2314 1187 2340 in
1208 2313 1322 2340 diversis
1345 2315 1505 2349 temporibus
1526 2314 1663 2342 debuerint
1685 2315 1790 2343 diversa

1278 2361 1447 2386 sacramenta
1462 2360 1573 2386 institui
1583 2358 1602 2386 ³.

1097 2436 1208 2468 Utrum
1233 2437 1266 2468 in
1287 2438 1422 2469 diversis
1444 2438 1638 2478 temporibus
1660 2438 1825 2469 debuerint
1840 2449 1944 2472 Fundam.

1055 2489 1116 2520 alia
1132 2493 1161 2521 et
1180 2490 1241 2521 alia
1259 2494 1454 2523 sacramenta
1473 2492 1610 2528 institui,
1632 2491 1681 2521 vel
1701 2500 1824 2531 semper

1057 2572 1088 2595 lv
1106 2572 1186 2597 Sem..
1201 2572 1258 2596 dist.
1272 2579 1301 2602 11,
1317 2580 1341 2604 q.
1359 2580 1380 2603 1;
1398 2574 1497 2598 Gabriel
1512 2573 1583 2604 Biel.‚
1599 2573 1629 2597 Ν
1643 2573 1722 2604 Seni„
1734 2573 1783 2597 dist
1795 2579 1823 2602 uy

1055 2614 1080 2638 q.
1094 2614 1111 2631 1.
1122 2621 1152 2625 -—
1163 2608 1196 2638 (a)
1210 2608 1279 2632 Edit.
1297 2609 1352 2633 Ven.
1366 2610 1429 2640 ipsa.
1441 2623 1472 2627 -
1484 2609 1518 2639 (b)
1533 2612 1607 2633 esset.
