2017 2948
33 1589 105 1610 funda
109 1597 136 1610 ni.

512 193 611 224 DIST.
634 191 765 223 XXXIV.
791 190 905 222 PART.
931 190 968 220 II.
992 190 1081 221 ART.
1107 191 1129 220 1.
1154 190 1301 227 QUAEST.
1327 193 1380 224 III.

152 264 247 294 quem
262 257 351 289 timet
367 267 375 289 :
391 259 446 299 qui
467 259 553 290 enim
568 259 658 289 timet
672 259 841 288 habentem
856 257 921 287 cul⁴

151 308 273 347 tellum,
293 320 357 341 uno
379 314 409 342 et
430 312 541 342 eodem
564 312 676 342 timore
701 311 790 341 timet
811 310 921 340 cultel-

151 359 230 398 lum,
248 362 314 393 sive
337 363 464 402 plagam
482 364 611 402 cultelli,
629 366 659 394 et
681 364 835 393 actionem
855 371 923 402 per-

152 414 297 445 cutientis
321 426 327 445 ;
354 419 384 446 et
413 416 482 447 ideo
504 425 568 447 non
590 419 637 447 est
660 416 761 446 simile
782 416 867 452 hinc,
893 417 924 445 et

152 466 235 497 inde.

191 522 220 550 6.
237 520 285 551 Ad
309 521 385 551 illud
409 522 493 561 quod
518 522 630 553 ultimo
651 522 815 561 objicitur,
839 521 924 560 quod

151 572 262 603 timere
286 574 460 612 serviliter,
484 578 531 605 est
556 575 666 605 timere
691 584 764 605 cum
786 574 922 604 circuni-

151 626 264 656 stantia
278 627 414 666 peccati,
423 628 591 659 dicendum
616 629 701 668 quod
716 628 770 658 illa
786 628 921 658 circum-

151 679 278 716 stantia,
302 680 368 710 sive
391 680 572 711 deformitas
588 681 705 721 peccati
731 683 832 721 potest
848 681 923 720 poni

151 731 234 762 circa
254 735 359 763 actum
383 734 513 764 timendi
537 735 659 764 ratione
690 734 788 773 ipsius
814 736 922 771 actus,

151 784 201 814 vel
218 786 338 816 ratione
360 787 509 817 timentis.
537 786 574 817 Et
598 787 623 816 si
650 790 785 826 ponatur
800 788 922 817 ratione

150 835 249 875 ipsius
264 840 361 875 actuS,
378 841 453 868 tunc
475 840 585 879 utique
602 841 690 869 actus
713 839 922 876 deformatur,

151 891 181 918 et
196 889 331 920 efficitur
344 891 447 921 malus
458 892 581 922 ratione
593 892 721 929 annexi,
739 892 820 921 sicut
836 892 924 931 prius

152 941 211 972 fuit
225 943 415 982 expositum.
442 943 502 974 Sed
518 944 542 973 si
563 944 606 974 ita
621 944 660 974 sit
682 944 767 983 quod
789 947 925 984 ponatur

152 994 273 1025 ratione
289 995 388 1034 ipsius
403 996 554 1034 timentis,
575 997 618 1026 sic
634 999 736 1036 potest
757 1005 824 1026 esse
840 997 924 1036 quod

153 1049 240 1077 actus
255 1057 318 1077 non
332 1048 371 1078 sit
386 1048 591 1087 deformatus,
615 1049 668 1079 sed
685 1050 759 1088 quia
774 1049 922 1079 deformi-

152 1102 199 1130 tas
211 1103 258 1130 est
271 1101 353 1131 circa
367 1101 542 1139 timentem,
561 1102 632 1132 licet
647 1103 822 1132 secuudum
836 1102 923 1132 illam

152 1153 381 1184 deformitatem
402 1163 466 1184 uon
490 1155 652 1185 actualiter
676 1158 865 1186 moveatur:
895 1158 925 1186 et

152 1209 316 1245 propterea
330 1215 394 1237 non
411 1209 456 1237 est
472 1210 689 1247 opportunum
712 1208 797 1248 quod
812 1208 924 1238 timere

153 1259 308 1290 serviliter
325 1269 449 1300 semper
460 1261 498 1291 sit
515 1264 689 1300 peccatum,
707 1261 774 1291 imo
790 1261 849 1291 hoc
865 1271 924 1300 po-

153 1314 212 1342 test
233 1322 300 1343 esse
322 1313 416 1351 utile,
440 1317 470 1344 et
493 1315 758 1353 praeparatorium
780 1317 924 1353 respectu

153 1365 276 1404 gratiae.

413 1436 591 1474 QUAESTlo
614 1437 667 1467 111.

170 1510 216 1537 An
232 1511 311 1537 timor
324 1511 430 1538 servilis
440 1511 593 1545 eoepellatur
607 1511 699 1544 qratia
712 1510 869 1537 adveniente
887 1513 904 1535 ¹.

191 1589 233 1620 De
249 1589 361 1620 timore
376 1589 482 1620 servili
498 1590 530 1619 in
546 1589 781 1629 comparatione
797 1590 836 1620 ad
853 1599 925 1628 gra-

152 1642 204 1672 tiae
220 1642 503 1682 compIementum3
527 1644 557 1673 et
580 1643 735 1682 quaeritur
758 1643 924 1672 111111111ῖί-

152 1704 221 1725 mor
244 1695 367 1727 servilis
390 1696 566 1735 expellatur
591 1696 696 1734 gratia
723 1695 921 1725 adveniente.

151 1749 190 1780 Et
205 1750 290 1789 quod
306 1750 360 1787 sic,
377 1750 504 1780 videtur
528 1750 632 1789 primo
657 1749 842 1779 auctoritate
857 1749 922 1779 Au-

153 1803 284 1842 gustini,
302 1812 398 1842 quam
414 1802 563 1842 Magister
580 1802 706 1832 adducit
720 1802 753 1832 in
768 1802 873 1832 littera
914 1813 919 1832 ι

156 1867 170 1884 «
183 1856 292 1887 Timor
307 1856 411 1886 Iocum
426 1858 583 1896 praeparat
597 1856 762 1892 charitati;
781 1865 855 1885 cum
871 1865 924 1886 au-

151 1910 216 1938 tem
240 1909 326 1939 venit
347 1909 499 1947 charitas,
528 1908 656 1948 pellitur
682 1909 787 1945 timor,
813 1909 867 1947 qui
896 1909 923 1938 ei

152 1962 344 2001 praeparavit
365 1962 480 1993 Iocum.
498 1974 511 1990 ›>
540 1962 599 1992 Sed
621 1964 743 1992 constat
757 1961 841 2000 quod
864 1962 924 1991 Iioc

152 2013 341 2053 intelligitur
352 2014 389 2045 de
402 2015 514 2045 timore
526 2015 632 2045 servili
645 2024 651 2043 z
664 2023 741 2052 ergo
758 2014 852 2044 timor
862 2022 924 2044 ser-

152 2065 225 2096 vilis
241 2066 367 2106 pellitur
379 2068 622 2107 superveniente
637 2066 750 2105 gratia.

192 2122 220 2150 9..
250 2119 328 2150 Item
351 2120 481 2160 spiritus
500 2120 654 2150 libertatis
676 2122 834 2159 repugnat
857 2119 923 2158 spi-

152 2172 228 2202 ritui
244 2173 404 2203 servitutis
419 2184 424 2203 :
443 2173 496 2203 sed
520 2172 649 2212 spiritus
675 2172 789 2211 gratiae
804 2173 835 2202 et
849 2171 924 2201 cha-

153 2225 253 2255 ritatis
281 2228 328 2256 est
351 2227 481 2266 spiritus
502 2226 672 2262 libertatis,
697 2226 826 2265 spiritus
848 2234 923 2255 vero

155 2278 279 2308 timoris
294 2279 416 2309 servilis
429 2282 475 2310 est
492 2280 622 2319 spiritus
642 2279 805 2309 servitutis
820 2289 826 2308 :
844 2287 923 2317 ergo

153 2333 395 2371 superveniente
419 2334 522 2372 gratia
537 2334 663 2373 pellitur
678 2333 771 2363 timor
787 2333 920 2363 servilis.

193 2387 222 2416 3.
244 2385 331 2423 Item,
356 2386 463 2416 nullus
476 2387 596 2417 habens
613 2387 750 2425 gratiam
765 2388 795 2416 et
819 2386 922 2416 chari-

151 2441 248 2469 tatem
274 2439 486 2479 principaliter
508 2441 649 2471 intuetur
674 2450 820 2480 plenam,
848 2440 923 2479 quia

153 2492 358 2532 principalius
390 2493 528 2524 intuetur
558 2494 698 2524 divinam
724 2493 923 2533 complacen-

184 2582 245 2613 ¹Cs.
261 2584 286 2607 S.
302 2583 421 2613 Thomas,
440 2584 515 2613 11-11,
528 2589 642 2614 (1101111,
658 2587 704 2608 art.
717 2586 743 2613 {33
757 2586 782 2608 et
796 2585 826 2608 111
843 2585 921 2614 Seni„

151 2617 208 2642 dist.
224 2624 311 2646 xxxiv,
324 2626 349 2650 q.
364 2625 392 2649 11,
408 2621 454 2643 art.
471 2620 502 2648 3;
518 2618 587 2643 etde
611 2620 695 2649 Veril„
712 2627 736 2650 q.
755 2625 806 2649 xiv,
831 2621 878 2643 art.
890 2620 902 2642 7
913 2637 920 2647 ,

150 2652 182 2677 ad
195 2656 221 2684 t;
240 2653 397 2685 Richardus,
414 2655 444 2678 111
458 2655 536 2683 Seni„
549 2653 605 2678 dist.
616 2660 693 2678 ,111-ιν
705 2673 712 2685 ,
724 2657 770 2678 art.
786 2658 817 2684 2,
829 2662 853 2685 q.
868 2661 919 2683 11¹3

249 2707 322 2730 ΤΟΠ.
346 2708 378 2730 V.

1703 194 1741 224 97

975 257 1071 287 tiam:
1100 257 1154 287 sed
1177 258 1271 288 timor
1290 259 1412 289 servilis
1435 260 1649 300 principaliter
1670 259 1744 290 facit

976 310 1091 340 intueri
1106 319 1232 349 poenam
1248 321 1254 340 :
1273 320 1352 349 ergo
1367 312 1462 342 timor
1474 313 1597 343 servilis
1611 321 1676 343 non
1692 320 1744 351 po-

977 364 1036 393 test
1050 364 1132 393 stare
1145 372 1216 393 cum
1232 364 1345 402 gratia.

1017 420 1046 448 4.
1065 418 1154 455 Item,
1178 418 1257 448 sicut
1272 428 1303 448 se
1319 419 1412 449 habet
1427 427 1517 449 amor
1533 419 1588 458 qui
1611 421 1658 449 est
1672 420 1745 449 anto

979 471 1126 510 gratiani,
1143 472 1182 502 ad
1198 481 1340 502 amorem
1364 473 1417 512 qui
1434 474 1480 502 est
1502 481 1542 502 ex
1564 472 1678 511 gratia,
1703 472 1747 501 sic

978 524 1119 555 sehabet
1138 525 1233 555 timor
1256 525 1379 555 servilis
1395 526 1434 556 ad
1460 525 1607 555 timorem
1623 524 1745 563 gratui-

978 578 1047 607 tum
1060 588 1066 606 t
1084 577 1138 607 sed
1153 586 1244 607 amor
1259 578 1418 616 gratuitus
1433 577 1515 608 alius
1527 580 1573 608 est
1587 577 1626 607 ab
1641 585 1748 607 amore

978 630 1142 669 acquisito,
1169 630 1219 660 vel
1236 630 1336 669 gratis
1353 631 1425 661 dato
1441 641 1447 661 ε
1464 639 1544 669 ergo
1568 630 1663 660 timor
1683 629 1747 659 ini-

979 683 1060 713 tialis
1070 683 1150 713 alius
1160 686 1206 714 est
1220 693 1238 714 a
1251 684 1363 714 timore
1377 683 1495 714 servili.
1511 683 1544 714 Si
1559 692 1639 722 ergo
1655 683 1749 713 timor

979 737 1102 767 servilis
1113 746 1176 767 non
1184 739 1285 777 potest
1295 737 1365 767 fieri
1380 737 1519 775 initialis,
1531 737 1657 767 videtur
1664 736 1748 776 quod

979 799 1108 821 manere
1127 800 1191 821 non
1215 791 1321 830 possit,
1349 800 1423 821 cum
1446 791 1582 821 charitas
1595 798 1751 830 superve-

979 844 1072 874 nerit.

1020 899 1048 926 5.
1073 896 1131 926 Sed
1147 898 1256 926 eontra
1274 907 1280 927 z
1299 897 1385 927 Sicut
1400 906 1432 927 se
1449 896 1545 927 habet
1558 897 1636 927 fides
1651 896 1748 927 infor-

979 949 1040 979 mis
1055 949 1093 978 ad
1108 949 1202 979 fidem
1224 950 1403 987 formatam,
1430 949 1473 979 sic
1488 958 1520 979 se
1536 949 1631 979 habet
1655 949 1750 979 timor

979 1001 1102 1031 servilis
1117 1002 1155 1032 ad
1170 1001 1317 1032 timorem
1331 1002 1507 1041 gratuitum
1523 1011 1529 1030 ε
1547 1001 1601 1032 sed
1616 1001 1693 1032 fides
1706 1002 1750 1032 in-

979 1055 1088 1084 formis
1112 1055 1278 1093 formatur,
1307 1056 1480 1085 secundum
1496 1055 1580 1095 quod
1603 1055 1749 1085 habitum

979 1109 1026 1136 est
1047 1107 1079 1136 in
1110 1107 1360 1145 praecedentibus
1384 1117 1392 1138 ς
1414 1116 1495 1146 ergo
1519 1107 1645 1138 videtur
1665 1107 1750 1146 quod

979 1160 1074 1190 timor
1089 1160 1214 1191 servilis
1237 1161 1446 1199 gratificetur,
1473 1170 1546 1191 cum
1570 1160 1674 1200 gratia
1699 1160 1750 1190 in-

979 1213 1132 1243 funditur.

1020 1269 1048 1297 6.
1067 1266 1156 1304 Item,
1174 1268 1245 1306 plus
1261 1267 1354 1297 distat
1371 1267 1474 1306 gratia
1489 1269 1618 1306 gratum
1634 1266 1750 1296 faciens

979 1329 997 1350 a
1011 1323 1137 1358 natura,
1152 1329 1248 1359 quam
1268 1320 1359 1350 distet
1373 1329 1391 1350 a
1406 1320 1489 1350 dono
1512 1319 1625 1358 gratiae
1650 1319 1751 1358 gratis

979 1373 1059 1403 datae
1078 1383 1084 1403 z
1102 1373 1155 1403 sed
1170 1373 1273 1411 gratia
1287 1373 1514 1413 superveniens
1529 1375 1677 1403 naturam
1691 1381 1748 1403 no-

979 1428 1077 1456 stram
1092 1435 1156 1456 non
1167 1426 1316 1464 excludit,
1333 1427 1387 1456 sed
1403 1426 1506 1466 potius
1519 1426 1640 1466 perficit
1652 1436 1659 1456 :
1671 1435 1750 1464 ergo

979 1487 1052 1508 cum
1075 1479 1170 1509 timor
1184 1479 1307 1510 servilis
1332 1479 1372 1509 sit
1387 1479 1507 1510 donum
1522 1479 1634 1518 gratiae
1650 1479 1750 1518 gratis

979 1532 1071 1569 datae,
1097 1532 1223 1563 videtur
1237 1533 1321 1572 quod
1335 1541 1399 1563 non
1414 1532 1600 1572 expellatur,
1625 1532 1679 1563 sed
1694 1541 1750 1572 po-

978 1585 1040 1616 tius
1056 1586 1247 1625 perficiatur,
1266 1586 1452 1616 adveniente
1474 1586 1579 1624 gratia
1593 1588 1624 1616 et
1645 1585 1748 1616 chari-

978 1640 1050 1668 tate.

1020 1694 1048 1722 7.
1078 1691 1155 1722 Item
1170 1692 1284 1722 timore
1302 1691 1409 1722 servili
1431 1691 1561 1721 timetur
1575 1699 1682 1730 poena;
1709 1691 1748 1720 tim

979 1754 1067 1776 more
1089 1745 1201 1776 initiali
1218 1746 1347 1775 timetur
1363 1754 1466 1784 poena,
1490 1747 1521 1774 et.
1535 1744 1588 1774 Dei
1603 1744 1723 1774 offensa
1740 1754 1746 1773 ε

979 1808 1057 1838 ergo
1072 1799 1167 1829 timor
1179 1799 1308 1829 initialis
1325 1808 1357 1829 se
1376 1798 1471 1828 habet
1486 1807 1526 1828 ex
1541 1798 1679 1838 quadam
1694 1797 1751 1828 ad-

979 1853 1095 1883 ditione
1120 1852 1160 1883 ad
1174 1853 1321 1883 timorem
1343 1851 1491 1882 servilem
1509 1860 1515 1880 2
1536 1851 1589 1881 sed
1610 1850 1695 1890 quod
1718 1859 1750 1880 se

979 1906 1074 1936 habet
1086 1915 1126 1935 ex
1136 1905 1294 1936 additione
1308 1905 1346 1935 ad
1359 1905 1506 1941 alterum,
1519 1904 1659 1934 continet
1672 1903 1750 1933 illud

980 1959 1012 1988 in
1028 1968 1071 1996 se,
1088 1962 1119 1989 et
1134 1958 1236 1988 adhuc
1251 1957 1403 1996 amplius:
1421 1966 1498 1996 ergo
1511 1957 1545 1987 in
1560 1957 1674 1987 timore
1688 1956 1749 1986 ini-

981 2011 1045 2042 tiali
1060 2011 1239 2041 continetur
1254 2011 1349 2041 timor
1364 2009 1503 2047 servilis;
1530 2012 1561 2040 et
1575 2009 1600 2039 si
1616 2009 1687 2047 hoc,
1709 2009 1748 2040 ti-

979 2074 1049 2095 mor
1073 2064 1195 2094 servilis
1218 2072 1281 2093 non
1307 2062 1474 2102 expellitur
1498 2071 1554 2101 per
1576 2062 1750 2093 adventum

979 2117 1150 2148 charitatis.

1019 2175 1048 2201 8.
1067 2171 1143 2201 Item
1166 2169 1282 2209 gratia,
1308 2171 1464 2208 quantum
1486 2170 1533 2199 est
1555 2169 1593 2199 de
1616 2177 1659 2207 se,
1686 2177 1751 2199 non

978 2226 1137 2264 repugnat
1158 2223 1219 2253 nisi
1238 2224 1374 2262 peccato,
1400 2222 1450 2253 vel
1465 2222 1494 2252 ei
1508 2222 1592 2262 quod
1609 2231 1650 2253 ex
1678 2231 1751 2262 pec-

979 2280 1046 2309 eato
1062 2277 1161 2307 trahit
1175 2276 1344 2315 originem,
1360 2275 1440 2305 sicut
1455 2277 1501 2305 est
1516 2275 1642 2311 vitium,
1660 2277 1691 2305 et
1706 2285 1751 2306 se-

979 2331 1086 2371 quela:
1113 2330 1166 2360 sed
1182 2329 1278 2360 timor
1296 2328 1419 2358 servilis
1434 2337 1497 2358 non
1513 2330 1559 2358 est
1574 2331 1748 2367 peccatum,

978 2393 1036 2414 nec
1049 2393 1088 2413 ex
1105 2385 1229 2422 peccato
1254 2381 1406 2411 trahitur:
1433 2390 1511 2419 ergo
1525 2381 1553 2411 ei
1570 2380 1673 2419 gratia
1686 2389 1751 2411 non

978 2438 1138 2476 repugnat
1156 2448 1161 2466 :
1178 2438 1208 2466 et
1223 2435 1248 2465 si
1273 2435 1343 2472 hoc,
1368 2436 1443 2464 tunc
1467 2443 1531 2465 non
1555 2433 1679 2464 videtur
1693 2442 1751 2464 ex-

978 2491 1051 2531 pelli
1066 2500 1121 2531 per
1139 2489 1289 2528 gratiam.

979 2580 1065 2611 Str-ph.
1089 2579 1191 2607 Brutos„
1208 2579 1236 2601 111
1256 2579 1334 2606 Suet„
1347 2577 1403 2600 dist.
1420 2581 1510 2605 xxxw,
1527 2582 1551 2606 q.
1566 2581 1607 2605 1v;
1622 2575 1750 2600 Guilielm.

978 2616 1068 2640 Voril..
1084 2616 1115 2638 111
1130 2615 1208 2644 δειιι.,
1221 2614 1278 2637 (list.
1296 2617 1383 2637 xxxw,
1401 2619 1425 2642 q.
1438 2617 1456 2634 1.
1470 2624 1499 2628 —
1509 2611 1520 2627 ³
1532 2613 1605 2642 Aug,
1629 2612 1656 2634 in
1668 2611 1750 2641 Epist.

977 2652 1057 2679 Joun„
1074 2652 1143 2674 tract.
1157 2656 1198 2677 ix,
1216 2656 1241 2672 u.
1258 2652 1281 2672 ὅ.

1637 2694 1653 2722 7

1767 915 1801 937 Ad
1820 922 1870 942 opp.
