2017 2948
605 208 701 239 DIST.
723 206 838 238 XXXV.
862 206 952 237 ART.
977 208 1000 238 Ι.
1022 206 1171 244 QUAEST.
1196 207 1247 237 Ill.

126 273 280 311 scientiae,
304 277 335 305 et
353 275 528 314 sapientiae,
545 275 805 313 distinguuntur,
822 274 898 314 quia

126 326 185 356 hoc
199 328 245 356 est
259 327 341 357 circa
357 327 557 367 temporalia,
572 330 601 357 et
616 327 693 357 illud
708 327 789 357 circa
801 329 897 357 aeter-

126 387 183 417 na,
212 382 270 410 etc.
285 404 293 417 ,
314 381 381 420 jam
410 383 494 420 patet
526 380 705 420 responsio,
733 380 806 419 quia
834 389 897 409 non

127 435 173 462 est
194 433 307 463 simile.
330 433 489 473 Sapientia
509 434 594 463 enim
616 433 797 471 negotiatur
816 433 897 462 circa

127 486 244 515 aeterna
258 486 434 516 secundum
447 486 582 516 rationes
599 488 752 523 aeternas3
770 485 898 515 scientia

126 547 201 568 vcro
222 538 303 568 circa
324 541 444 576 creata,
463 539 632 569 secundum
650 539 786 569 rationes
807 547 898 568 crea-

126 594 189 621 tas:
207 593 237 621 et
259 591 335 631 quia
355 592 472 622 habent
494 592 616 622 diversa
640 593 776 631 obJecta,
802 592 897 621 etiam

126 644 300 674 secundum
316 644 471 674 rationem
496 645 644 675 movendi
666 647 697 675 et
715 644 895 683 dirigendi;

126 697 200 727 hinc
215 699 260 727 est
275 697 359 736 quod
379 699 452 727 sunt
466 697 549 727 dona
566 697 700 727 diversa.
719 697 898 728 Intellectus

127 759 203 780 vero
213 774 220 787 ,
237 750 303 780 sive
321 750 403 780 circa
418 752 610 787 creaturam,
628 751 694 780 sive
709 751 791 781 circa
806 750 899 781 Crea-

127 805 228 833 torem
243 803 436 842 negotietur,
458 812 583 842 semper
598 804 692 833 refert
706 803 742 833 ad
760 804 898 834 rationes

128 859 281 894 aeternas,
296 856 334 886 ad
349 865 428 895 quas
443 864 498 895 per
512 857 670 886 creaturas
686 855 781 885 etiam
797 855 899 886 elevat

129 909 402 949 contemplandas:
422 910 453 939 et
464 909 533 939 ideo
545 917 648 938 unum
662 908 765 938 solum
777 908 898 938 donum

128 965 191 1000 est,
206 963 355 1002 quamvis
370 962 423 992 illa
438 962 500 992 sint
518 962 609 1001 plura
625 970 632 991 :
651 964 681 991 et
697 971 737 991 ex
751 961 811 991 hoc
832 961 898 991 col-

127 1015 185 1054 ligi
200 1017 302 1055 potest
318 1015 402 1054 quod
423 1015 542 1045 donum
563 1014 736 1045 intellectus
757 1017 804 1045 est
818 1014 899 1045 infra

128 1068 327 1108 sapientiam,
344 1070 373 1098 et
386 1077 483 1107 supra
497 1067 669 1097 scientiam.

168 1124 196 1152 3.
218 1121 265 1151 Ad
285 1120 364 1151 illud
382 1120 466 1159 quod
491 1120 652 1158 objicitur,
674 1119 758 1158 quod
777 1119 898 1150 donum

126 1174 304 1204 intellectus
319 1175 373 1203 aut
386 1175 431 1202 est
445 1172 628 1212 simpliciter
642 1172 675 1202 in
695 1172 896 1211 speculando,

126 1229 180 1257 aut
203 1227 237 1256 in
261 1226 449 1266 speculando
474 1228 505 1256 et
527 1225 711 1263 afficiendo,
729 1225 898 1256 dicendum

125 1281 209 1320 quod
230 1283 276 1311 est
300 1280 438 1319 cognitio
460 1280 674 1319 experientiae,
696 1288 769 1319 quae
792 1282 898 1309 atten-

126 1333 210 1363 ditur
237 1333 413 1363 secundum
438 1335 589 1370 gustum,
614 1335 643 1362 et
668 1333 726 1362 ista
752 1335 798 1362 est
825 1333 898 1363 doni

127 1386 288 1425 sapientiae
312 1386 492 1425 acquisitae;
509 1388 539 1415 et
559 1388 605 1415 est
624 1386 762 1424 cognitio
784 1395 898 1425 specu-

126 1439 252 1469 lationis
266 1441 416 1476 extensfe,
435 1448 507 1478 quae
524 1439 662 1478 quodam
679 1439 771 1469 modo
789 1439 838 1469 via
854 1441 899 1469 est

127 1491 164 1521 ad
186 1493 328 1529 gustum,
346 1491 428 1521 sicut
450 1491 590 1529 cognitio
608 1491 680 1521 fidei
704 1491 743 1521 ad
763 1491 899 1521 delecta-

127 1545 243 1574 tionem
255 1568 264 1581 ,
281 1553 337 1574 seu
356 1544 555 1574 dilectionem
577 1544 756 1574 charitatis:
780 1547 811 1574 et
830 1544 898 1574 haec

127 1600 172 1627 est
181 1597 253 1627 doni
263 1597 449 1634 intellectus,
460 1606 532 1636 quae
543 1597 671 1636 quidem
683 1597 768 1627 viam
779 1598 899 1637 praebet

126 1650 165 1680 ad
173 1659 267 1680 usum
282 1650 355 1680 doni
371 1650 543 1689 sapientiae,
559 1659 630 1689 quae
646 1660 664 1680 a
680 1650 742 1680 Deo
759 1652 899 1689 gratuita

126 1704 184 1740 est,
200 1703 352 1742 quoniam
364 1712 459 1742 super
470 1712 635 1733 assensum
646 1704 718 1734 fidei
734 1704 896 1741 fundatur,

127 1758 157 1786 et
181 1755 312 1786 ulterius
333 1756 456 1786 ordinat
480 1756 519 1786 ad
546 1757 708 1796 sapientiae
737 1760 869 1795 gustum
889 1769 895 1788 z

127 1809 338 1839 nihilominus
363 1811 468 1839 tamen
494 1810 527 1839 in
551 1812 625 1839 actu
652 1810 827 1841 intellectus
852 1813 899 1841 est

127 1862 274 1901 quaedam
289 1863 462 1900 delectatio,
475 1863 528 1893 sed
538 1863 635 1902 longe
646 1863 786 1901 inferior,
801 1874 897 1904 quam

127 1914 160 1943 in
175 1914 258 1944 dono
281 1915 453 1954 sapientiae.
476 1915 650 1946 Delectatur
671 1916 756 1946 enim
778 1917 848 1956 quis
865 1918 898 1948 in

127 1968 307 2006 cognitione
317 1967 468 2006 veritatis,
480 1968 533 1998 sed
544 1978 608 1999 non
618 1969 698 1999 sicut
708 1969 740 1999 in
749 1972 846 2009 gustu
858 1972 894 2011 (α.)

127 2029 262 2050 summae
277 2021 450 2051 suavitatis.

168 2075 197 2103 4.
221 2073 267 2103 Ad
297 2073 373 2104 illud
398 2074 482 2112 quod
508 2074 676 2113 objicitur,
704 2076 789 2115 quod
818 2077 899 2107 sicut

129 2126 284 2165 contingit
301 2126 401 2156 Deum
421 2136 612 2165 cognoscere
627 2128 660 2158 in
676 2129 817 2168 imagine
830 2154 837 2168 ,
854 2130 898 2161 sic

128 2179 222 2209 etiam
242 2178 275 2208 in
296 2179 448 2218 vestigio,
473 2180 641 2211 dicendum
663 2183 748 2221 quod
770 2192 833 2213 non
853 2186 898 2214 est

129 2231 311 2261 omnimoda
339 2232 510 2263 similitudo
532 2244 538 2263 ε
566 2234 598 2263 in
624 2234 766 2273 imagine
791 2236 896 2274 enim,

129 2284 204 2323 quia
218 2284 321 2323 magis
333 2285 576 2325 appropinquat,
593 2287 697 2326 magis
710 2288 791 2319 clare
804 2289 898 2320 habet

129 2337 295 2376 cognosci3
321 2338 353 2367 in
380 2338 515 2377 vestigio
539 2348 635 2378 vero,
660 2341 736 2380 quia
760 2343 898 2373 multum

130 2390 234 2426 distat,
251 2390 309 2420 sub
324 2391 437 2429 majori
453 2392 640 2423 obscuritate
662 2396 692 2424 et
713 2395 897 2434 aenigmate.

132 2442 170 2473 Et
192 2443 266 2482 quia
287 2443 325 2473 ad
351 2443 469 2473 donum
491 2444 665 2476 intellectus
687 2450 804 2486 spectat
823 2458 900 2479 con-

133 2495 294 2535 templatio
316 2496 429 2526 clarior
452 2499 482 2526 et
505 2498 719 2538 excellentior,
742 2510 839 2540 quam
863 2504 902 2534 sit

134 2549 273 2588 cognitio
288 2549 375 2586 fidei;
389 2550 463 2580 hinc
476 2552 522 2580 est
535 2552 619 2590 quod
636 2553 675 2583 ad
687 2553 807 2585 donum
824 2555 903 2587 illud

135 2610 200 2632 non
215 2605 332 2641 spectat
346 2611 534 2641 cognoscere
544 2604 644 2636 Deum
656 2606 689 2637 in
699 2616 903 2649 quacumque

169 2663 202 2694 (α)
213 2663 273 2688 Coet.
288 2664 346 2688 edit.
363 2665 472 2695 gustum.

1667 213 1723 241 117

953 277 1112 311 creatura,
1135 273 1188 303 sed
1209 273 1242 303 in
1265 282 1302 303 ea
1325 283 1397 313 quae
1419 277 1465 305 est
1482 277 1551 314 ejus
1570 277 1679 315 imago
1697 268 1727 307 et

953 327 1125 357 similitudo
1141 335 1305 366 expressa,
1322 327 1402 357 sicut
1416 327 1535 358 dictum
1556 332 1602 360 est
1617 339 1724 370 supra.

993 382 1022 410 5.
1046 379 1091 410 Ad
1108 379 1185 409 illud
1209 380 1295 418 quod
1317 380 1480 419 objicitur,
1497 383 1581 420 quod
1604 385 1725 414 donum

954 433 1128 463 intellectus
1151 432 1350 462 combinatur
1370 433 1452 463 dono
1474 435 1653 473 sapientiae,
1677 436 1726 466 di-

953 486 1089 516 cendum
1113 485 1197 524 quod
1222 485 1298 524 quia
1321 485 1442 516 donum
1466 487 1626 526 sapientiae
1649 498 1725 519 con-

953 539 1032 568 sistit
1051 539 1083 568 in
1098 540 1196 577 gustu
1206 561 1215 575 ,
1231 537 1351 568 donum
1366 548 1442 570 vero
1458 540 1633 571 intellectus
1648 551 1725 572 con-

953 591 1034 620 sistit
1047 591 1080 620 in
1093 590 1213 620 lumine
1228 591 1374 629 rationis;
1392 594 1422 622 et
1437 593 1573 632 amplius
1587 595 1726 625 ascendit

954 643 1075 673 affectio
1089 652 1185 682 quam
1207 644 1297 681 ratio,
1315 646 1345 674 et
1361 645 1439 674 unio
1458 654 1554 684 quam
1571 647 1723 685 cognitio,

954 696 1128 726 secundum
1153 697 1239 735 quod
1268 697 1335 727 vult
1362 697 1548 737 Dionysius;
1578 699 1655 729 hinc
1679 702 1727 730 est

954 751 1037 789 quod
1058 750 1179 781 donum
1201 751 1363 790 sapientiae
1379 752 1412 782 in
1429 755 1501 783 actu
1521 761 1580 784 suo
1602 763 1667 784 non
1681 754 1726 784 sic

954 803 1074 842 indiget
1110 804 1303 834 adminiculo
1339 807 1490 836 creaturae
1503 831 1511 845 ,
1550 808 1726 838 secundum

954 856 1039 895 quod
1055 856 1175 886 donum
1191 857 1376 888 intellectus.
1394 857 1431 888 Et
1451 859 1520 889 ideo
1535 859 1656 889 donum
1674 869 1724 890 sa-

954 907 1080 946 pientiae
1104 908 1137 938 in
1160 911 1233 939 actu
1256 918 1313 939 suo
1339 913 1484 941 versatur
1512 912 1616 942 solum
1643 913 1727 943 circa

954 963 1072 991 aeterna
1088 972 1094 990 2
1115 961 1234 991 donum
1250 971 1326 992 vero
1342 962 1518 993 intellectus
1537 973 1601 994 non
1622 965 1727 995 solum

954 1013 1036 1043 circa
1057 1016 1186 1052 aeterna,
1211 1014 1264 1045 sed
1286 1015 1381 1045 etiam
1404 1015 1485 1046 circa
1508 1019 1621 1047 creata.
1648 1016 1727 1048 Cum

954 1075 1031 1105 ergo
1046 1067 1119 1096 dicit
1133 1067 1217 1106 quod
1235 1067 1327 1104 dona,
1345 1077 1417 1107 quae
1433 1068 1471 1098 ad
1487 1068 1625 1099 invicem
1640 1078 1728 1100 com-

954 1119 1115 1157 binantur,
1130 1120 1245 1150 debent
1257 1120 1374 1151 habere
1389 1121 1473 1151 idem
1484 1121 1655 1161 objectum,
1668 1123 1728 1154 hoc

955 1181 1067 1202 verum
1083 1175 1128 1202 est
1142 1173 1180 1203 de
1195 1173 1317 1212 objecto
1333 1174 1518 1214 principali,
1542 1184 1606 1205 non
1620 1178 1727 1207 autem

954 1225 992 1255 de
1007 1235 1043 1256 eo
1064 1226 1148 1265 quod
1168 1226 1262 1256 habet
1282 1227 1438 1257 rationem
1458 1227 1725 1260 adininiculantis.

994 1281 1023 1309 6.
1045 1280 1092 1309 Ad
1118 1280 1195 1309 illud
1220 1289 1295 1310 vero
1317 1280 1401 1319 quod
1424 1280 1537 1311 ultimo
1561 1281 1726 1320 objicitur,

954 1333 1039 1372 quod
1066 1332 1242 1362 intellectus
1258 1332 1343 1363 videt
1365 1342 1421 1372 per
1444 1333 1623 1372 speculum,
1647 1334 1728 1366 sicut

954 1388 984 1415 et
1002 1385 1089 1422 fides,
1107 1385 1275 1415 dicendum
1295 1385 1379 1425 quod
1397 1385 1429 1415 in
1445 1386 1566 1416 visione
1580 1396 1637 1426 per
1650 1397 1725 1427 spe-

954 1439 1062 1469 culum
1077 1440 1152 1468 sunt
1165 1438 1257 1468 multi
1275 1438 1410 1477 gradus,
1433 1439 1609 1470 secundum
1624 1442 1727 1480 maj0-

954 1501 1020 1522 rem
1038 1494 1067 1521 et
1087 1492 1242 1521 minorem
1262 1491 1501 1530 depurationem
1519 1492 1558 1522 ab
1580 1493 1723 1524 obscuri-

954 1547 1015 1575 tate
1030 1544 1227 1582 aenigmatis3
1244 1547 1274 1574 et
1284 1544 1458 1574 secundum
1473 1544 1534 1575 hoc
1546 1545 1607 1575 alio
1620 1548 1650 1576 et
1663 1546 1725 1578 alio

954 1597 1047 1628 modo
1071 1597 1165 1628 habet
1186 1597 1360 1627 illuminari
1385 1599 1416 1627 et
1434 1597 1611 1629 habilitare.
1637 1598 1724 1631 Unde

954 1651 1031 1681 fides
1050 1651 1193 1681 habilitat
1215 1650 1253 1681 ad
1269 1651 1505 1681 assentiendum
1522 1651 1585 1682 Deo
1599 1651 1632 1682 in
1646 1652 1725 1683 arti-

954 1705 1051 1741 culis,
1076 1705 1161 1744 quod
1187 1704 1244 1734 etsi
1267 1713 1330 1734 non
1355 1704 1460 1734 videat
1484 1704 1515 1734 in
1540 1714 1590 1743 se,
1618 1708 1725 1737 tamen

953 1758 1039 1788 videt
1053 1757 1086 1787 in
1097 1759 1251 1795 creatura,
1268 1757 1487 1796 cognoscendo
1497 1758 1573 1797 quid
1584 1759 1725 1798 estquod

954 1820 1009 1850 per
1024 1820 1142 1841 nomen
1158 1810 1291 1840 dieitur:
1309 1820 1475 1850 nunquam
1489 1811 1575 1841 enim
1591 1820 1726 1850 cognos-

954 1864 995 1894 cit
1009 1864 1122 1903 aliquis
1135 1863 1264 1894 credens
1278 1863 1354 1902 quid
1368 1863 1407 1893 sit
1418 1863 1564 1902 Trinitas,
1576 1864 1637 1894 nisi
1648 1865 1726 1904 quia

954 1916 1039 1947 videt
1054 1916 1130 1955 quid
1145 1916 1184 1946 sit
1202 1916 1358 1946 ternarius
1378 1916 1411 1946 in
1428 1918 1582 1946 creatura.
1599 1915 1660 1947 Sed
1676 1917 1727 1948 ul-

954 1970 1071 2006 terius,
1094 1970 1214 1999 donum
1238 1969 1414 1999 intellectus
1432 1969 1591 2000 illuminat
1613 1970 1651 2000 ad
1675 1970 1724 2000 in-

954 2023 1161 2061 telligendum
1184 2031 1247 2052 non
1269 2022 1371 2052 solum
1396 2022 1470 2061 quid
1495 2024 1541 2052 est
1561 2022 1647 2062 quod
1670 2032 1726 2062 per

954 2085 1072 2106 nomen
1093 2075 1219 2112 dicitur,
1241 2075 1294 2105 sed
1315 2075 1409 2105 etiam
1426 2075 1465 2105 ad
1488 2075 1658 2106 videndam
1672 2085 1724 2107 ra-

954 2130 1089 2166 tionem,
1110 2128 1196 2168 quod
1220 2128 1344 2158 trinitas
1366 2128 1477 2158 debeat
1499 2129 1531 2158 in
1556 2129 1618 2159 Deo
1641 2139 1723 2168 esse,

958 2191 1010 2221 per
1029 2182 1088 2212 hoc
1106 2182 1190 2221 quod
1209 2181 1295 2211 videt
1317 2182 1350 2211 in
1372 2181 1440 2221 ipsa
1461 2181 1604 2221 imagine
1618 2192 1726 2222 egres-

955 2243 1027 2264 sum
1043 2235 1131 2265 verbi
1153 2244 1171 2264 a
1192 2237 1297 2265 mente
1317 2244 1372 2274 per
1392 2235 1477 2265 viam
1498 2236 1723 2275 generationis,

956 2293 986 2320 et
1000 2290 1117 2320 amoris
1132 2290 1171 2319 ab
1185 2292 1318 2329 utroque
1332 2299 1388 2329 per
1403 2290 1489 2321 viam
1504 2291 1722 2322 connexionis.

956 2342 1003 2373 Ex
1024 2343 1073 2372 his
1099 2345 1192 2382 patet,
1214 2343 1299 2382 quod
1320 2344 1375 2373 etsi
1398 2343 1476 2374 fides
1496 2346 1527 2374 et
1550 2344 1725 2375 intellectus

956 2396 1018 2426 sint
1042 2405 1096 2436 per
1119 2396 1300 2435 speculum,
1321 2398 1427 2427 tamen
1451 2397 1484 2426 in
1500 2398 1594 2427 modo
1617 2407 1725 2436 specu-

957 2449 1043 2479 landi
1057 2449 1206 2479 differunt
1216 2473 1223 2485 ,
1240 2451 1270 2479 et
1284 2449 1353 2480 ideo
1367 2452 1442 2479 sunt
1455 2449 1571 2480 diversi
1586 2450 1723 2482 habitus,

959 2501 1045 2532 Patet
1059 2501 1153 2532 etiam
1168 2502 1311 2532 similiter
1326 2511 1399 2532 cum
1414 2502 1484 2539 hoc,
1500 2502 1572 2541 quis
1585 2503 1625 2533 sit
1639 2505 1727 2534 actus

960 2555 1034 2585 doni
1058 2556 1247 2592 intellectus,
1265 2555 1385 2595 etquid
1407 2555 1587 2594 objectum,
1603 2558 1633 2587 et
1653 2566 1727 2596 quae

961 2608 1138 2639 differentia
1167 2609 1265 2648 ipsius
1295 2609 1440 2649 respectu
1474 2608 1610 2641 aliorum
1637 2609 1729 2641 habi-

963 2664 1065 2692 tuum.
