2017 2948
71 2118 174 2139 Fundam.

579 238 674 269 DIST.
698 237 764 268 XII.
790 236 904 267 PART.
929 236 951 266 1.
976 235 1064 266 ΛΒΤ.
1087 235 1124 265 II.
1149 234 1296 271 QUAEST.
1321 236 1344 265 I.

170 307 296 347 generis
312 317 320 338 ι
338 306 422 337 unde
442 314 507 336 non
533 305 673 335 salvatur
696 305 853 343 quantitas
874 303 934 333 nisi

170 361 266 391 etiam
280 359 423 390 extensio
435 382 442 394 ‚
455 358 509 388 sed
524 360 631 388 tamen
654 356 819 387 causaIIter
840 356 936 385 habet

171 423 190 444 a
203 413 397 449 substantia,
413 413 443 441 et
463 411 532 441 ideo
552 410 626 450 quia
647 418 715 440 esse
738 408 934 448 quantitatis,

171 468 200 496 et
215 468 330 496 natura
344 467 449 495 ortum
464 464 558 494 habet
573 472 592 493 a
606 461 782 493 substantia
799 472 805 490 :
824 461 877 490 sed
890 460 936 490 di-

170 519 245 549 vina
256 518 358 548 virtus
371 517 454 554 facit,
472 508 556 556 quod
570 516 609 546 sit
621 515 780 555 quantitas
801 523 891 551 vere,
908 515 939 543 et

172 571 239 600 sine
255 569 429 600 substantia
444 580 451 606 3
469 571 499 599 et
512 569 574 599 hoc
587 569 739 606 faciendo,
754 575 879 598 necesse
894 567 940 595 est

172 623 388 653 extensionem
414 621 529 653 salvari
554 621 621 652 sine
644 621 801 652 materia:
828 621 858 649 et
881 619 940 649 1100

172 675 316 706 miraculi
330 677 387 713 est,
401 684 466 706 non
481 676 615 706 naturae.

213 731 242 759 3.
260 728 308 758 Ad
335 727 414 758 illud
439 727 523 767 quod
549 727 697 767 objicitur
724 727 762 757 de
784 724 938 761 albedine,

174 781 258 821 quod
273 783 320 811 est
332 780 389 811 lux
404 780 620 820 incorporata,
637 781 739 820 potest
758 777 942 818 responderi

174 834 358 873 dupliciter:
371 833 475 873 primo
490 833 574 873 quod
588 841 653 863 non
678 834 723 862 est
736 831 770 861 in
785 833 867 868 actu,
888 829 941 860 sed

175 886 324 926 potentia,
337 888 367 916 et
381 886 451 916 ideo
466 885 569 916 adhue
581 887 720 916 cessante
735 892 866 923 corpore
881 892 944 912 ma-

176 941 229 969 net
243 939 348 969 adhuc
362 939 396 969 in
412 939 568 978 potentia;
595 937 744 973 secundo,
773 936 848 975 quia
875 944 944 965 om-

177 992 254 1022 nino
265 1000 331 1022 non
345 993 445 1022 cessat
459 1000 584 1030 eorpuS‚
601 991 664 1020 imo
681 989 829 1029 quamvis
848 989 947 1018 cesset

178 1044 363 1082 substantia,
380 1046 487 1074 manet
501 1046 608 1074 tamen
623 1043 776 1073 dimensio
786 1066 793 1079 ,
810 1041 946 1080 superli—

179 1097 252 1134 cies,
269 1099 299 1127 et
311 1097 504 1134 terminatio,
516 1098 546 1126 et
562 1096 632 1126 ideo
646 1094 756 1125 albedo
770 1093 946 1124 secundum

179 1149 270 1180 illum
281 1151 385 1179 actum
401 1149 515 1186 solum,
532 1158 627 1188 quem
642 1148 731 1187 prius
746 1147 891 1177 habebat.

406 1267 646 1301 ABTICULUS
672 1267 714 1298 II.

223 1362 382 1397 Quantum
393 1360 430 1391 ad
445 1359 622 1390 secundum
640 1357 822 1395 articulum,
835 1357 951 1387 scilicet

183 1414 221 1444 de
235 1414 355 1445 actione
365 1416 396 1444 et
406 1413 581 1443 mutatione
591 1411 718 1441 illorum
728 1409 949 1447 accidentium,

184 1468 376 1506 quaeruntur
392 1465 538 1496 similiter
562 1465 645 1494 tria:
669 1463 772 1503 primo
798 1462 953 1502 quaeritur

185 1522 295 1549 utrum
309 1519 362 1548 illa
371 1518 543 1548 accidentia
552 1517 672 1556 possint
687 1516 828 1546 converti
845 1515 878 1545 in
893 1515 952 1545 ali-

186 1573 345 1608 mentum;
358 1570 506 1608 secundo,
518 1573 627 1600 utrum
649 1569 768 1609 possint
788 1568 864 1598 alias
878 1576 953 1606 spe-

186 1624 248 1654 cies
271 1624 337 1654 sive
360 1625 489 1653 naturas
504 1624 688 1652 convertere
714 1621 745 1651 in
772 1629 954 1650 sacramen-

186 1678 256 1707 tum
284 1677 344 1715 (α);
367 1676 458 1706 tertio
480 1676 590 1705 utrum
612 1674 733 1713 aliquas
750 1673 955 1712 ¹operationes

186 1728 323 1759 habeant
344 1737 400 1768 per
423 1730 582 1765 naturam,
606 1736 647 1758 an
671 1726 793 1765 aliquas
818 1725 956 1756 habeant

187 1789 243 1820 per
258 1780 460 1811 miraculum.
485 1814 492 1820 ,

461 1884 640 1921 QUAESTIO
662 1884 685 1914 1.

216 1972 261 1998 An
280 1971 330 1997 illa
349 1969 498 1996 accidentia
517 1970 616 2003 possint
637 1970 754 1995 converti
774 1970 803 1995 in
822 1968 931 2002 alitum,

447 2021 491 2040 seu
509 2014 664 2039 alimentum
679 2012 698 2040 ¹.

231 2100 342 2131 Utrum
357 2099 474 2139 species
488 2099 562 2137 illae,
583 2098 649 2129 sive
670 2097 858 2135 accidentia,
882 2107 957 2137 pos-

191 2153 253 2183 sint
270 2152 411 2182 eonverti
431 2152 465 2182 in
485 2152 595 2182 alitum
606 2175 616 2189 ,
633 2159 689 2181 seu
705 2151 891 2181 alimentum
904 2162 911 2188 ;
929 2153 959 2181 et

191 2205 275 2245 quod
299 2205 353 2242 sie,
368 2204 493 2235 videtur
521 2214 576 2244 per
601 2206 736 2242 textum,
754 2206 785 2234 et
804 2204 956 2241 Glossam,

192 2258 247 2288 uhi
275 2257 389 2287 dicitur
411 2261 421 2277 ²
447 2269 453 2288 :
477 2258 694 2297 Unusquisque
720 2266 840 2289 coenam
868 2266 958 2289 suam

188 2311 356 2349 prcesumit
369 2310 412 2341 ad
434 2310 695 2342 manducandum
711 2321 721 2339 .·
738 2314 766 2342 et
787 2310 871 2342 alius
885 2311 958 2349 qui-

192 2363 263 2394 dem
273 2363 385 2400 esurit,
399 2363 483 2394 alius
494 2366 599 2394 autem
609 2363 713 2394 ebrius
727 2366 782 2395 est.
799 2363 838 2394 Et
851 2363 959 2394 Glossa

192 2416 252 2447 hoc
265 2416 394 2456 exponit
407 2416 444 2446 de
459 2416 620 2453 divitibus,
637 2417 692 2455 qui
707 2416 881 2447 offerebant
900 2426 959 2456 pa-

192 2478 266 2500 nem
280 2470 319 2500 ad
334 2469 580 2500 consecrandum
595 2469 627 2499 in
651 2478 771 2508 magna
789 2470 956 2501 abundan-

193 2522 246 2560 tia,
263 2525 293 2554 et
306 2522 374 2553 aliis
388 2531 453 2552 non
466 2521 581 2552 dabant
597 2532 604 2552 z
622 2531 703 2560 ergo
720 2522 746 2552 si
759 2523 848 2561 panis
861 2525 892 2553 et
909 2525 957 2554 vi-

225 2584 286 2614 'Cf-
306 2584 378 2608 Alex.
398 2584 493 2613 Ateus„
512 2591 538 2614 p.
557 2584 599 2613 IV,
621 2591 646 2614 q.
666 2589 692 2614 x,
714 2583 808 2608 memb.
826 2585 849 2614 Ἰ,
867 2587 913 2608 art.
929 2586 960 2616 2,

193 2620 247 2650 §h
265 2619 402 2648 S.Tbom.‚
419 2627 444 2650 p.
466 2620 510 2650 Ill,
529 2626 552 2649 q.
570 2624 667 2649 Lxxvn,
682 2620 728 2641 art.
745 2620 775 2649 3;
794 2621 819 2643 et
835 2620 864 2644 lV
881 2621 960 2650 sent„

194 2654 252 2678 dist.
264 2660 315 2684 1111,
339 2661 364 2686 q.
387 2660 413 2684 1,
436 2656 482 2678 art.
498 2655 525 2684 2,
537 2661 561 2685 q.
578 2660 605 2684 v;
618 2653 745 2683 Richard.,
764 2655 796 2678 IV
806 2655 883 2685 Sent„
902 2655 960 2679 dist.

194 2693 247 2720 111,
265 2691 311 2714 art.
327 2690 350 2719 3,
371 2696 396 2720 q.
414 2695 449 2720 11;
461 2689 551 2714 Thom.
568 2690 682 2720 Argent„
698 2689 730 2713 lv
746 2689 824 2720 Sem„
835 2690 891 2715 dist.
913 2696 960 2721 xii,

313 2743 388 2767 ΙῸΜ.
403 2743 437 2767 V.

1699 237 1756 265 513

991 311 1069 332 num
1095 310 1159 332 non
1182 302 1284 332 solum
1309 302 1436 331 reficere
1463 303 1624 340 poterant,
1645 310 1759 332 verum

993 355 1086 385 etiam
1114 354 1270 385 inebriare
1290 356 1360 393 post
1383 355 1660 393 consecrationem,
1682 363 1759 393 ergo

996 407 1028 437 in
1042 407 1230 438 alimentum
1245 406 1296 438 vel
1310 406 1421 437 alitum
1434 407 1551 437 cedere.

1034 461 1111 490 Item
1123 484 1130 497 ,
1148 460 1228 490 sieut
1245 460 1329 490 calor
1343 459 1428 498 ignis
1449 460 1612 490 ordinatur
1634 460 1673 489 ad
1688 469 1762 490 con-

995 513 1183 544 vertendum
1208 512 1241 542 in
1262 512 1400 543 cinerem
1421 512 1498 542 illud
1524 512 1609 551 quod
1634 512 1766 542 offertur

995 565 1027 595 in
1042 565 1212 604 pabulum,
1232 565 1276 595 sic
1299 565 1383 595 calor
1398 565 1549 595 naturalis
1570 564 1609 595 ad
1630 573 1763 596 conver-

997 618 1126 648 tendum
1142 618 1174 648 in
1197 627 1323 648 carnem
1343 618 1533 656 sanguinem
1550 627 1557 648 :
1574 617 1628 648 sed
1649 617 1767 656 species

997 672 1135 710 proiecta
1148 671 1182 701 in
1205 670 1315 709 ignem
1329 670 1526 701 comburitur
1538 695 1546 708 ,
1562 673 1592 701 et
1606 671 1766 702 converti-

999 726 1051 754 tur
1079 724 1111 754 in
1138 724 1293 762 cinerem,
1319 726 1434 762 agente
1462 723 1609 754 exter'10ri
1640 723 1741 754 calore
1759 734 1766 754 ε

998 786 1078 816 ergo
1093 777 1161 817 pari
1175 777 1295 807 ratione
1316 778 1348 806 in
1362 777 1552 816 sanguinem
1576 778 1676 816 potest
1691 785 1766 807 con-

1000 830 1098 868 verti,
1113 833 1227 869 agente
1243 830 1344 860 calore
1357 830 1509 861 interiori.

1041 883 1119 913 Item
1129 907 1136 920 ‚
1153 883 1233 913 sicut
1246 884 1431 922 putrefactio
1448 884 1612 914 ordinatur
1625 885 1664 915 ad
1676 894 1772 924 gene-

1001 935 1154 965 rationem
1170 936 1304 972 vermis,
1321 936 1364 966 sie
1382 936 1514 974 digestio
1539 937 1580 967 ad
1594 938 1775 975 generatio-

1002 997 1076 1018 nem
1090 988 1234 1018 humoris
1245 1013 1254 1026 ,
1271 991 1302 1019 et
1326 989 1420 1019 etiam
1441 990 1544 1019 earnis
1561 999 1568 1020 ε
1588 990 1640 1020 sed
1657 991 1776 1029 species

1002 1040 1065 1071 illae
1082 1044 1312 1072 convertuntur
1330 1041 1362 1071 in
1386 1051 1527 1080 vermes,
1544 1043 1570 1072 si
1585 1044 1773 1082 putrefiant,

1003 1094 1084 1124 sieut
1112 1094 1329 1133 experimento
1362 1096 1465 1134 patet,
1495 1095 1521 1125 si
1545 1096 1615 1135 quis
1644 1097 1778 1135 probare

1004 1147 1114 1184 vellet,
1132 1150 1162 1177 et
1186 1147 1277 1177 credo
1292 1147 1375 1186 quod
1397 1157 1453 1187 per
1471 1148 1702 1187 negligentiam
1720 1150 1777 1179 ali-

1005 1200 1131 1238 quando
1145 1200 1309 1238 contingat
1327 1211 1333 1230 ;
1351 1210 1427 1239 ergo
1442 1201 1511 1240 pari
1526 1202 1647 1232 ratione
1663 1202 1696 1232 in
1710 1211 1778 1232 oar-

1007 1262 1093 1282 116111.

1048 1305 1124 1335 Item
1139 1306 1199 1336 hoo
1213 1306 1367 1345 probatur
1382 1306 1564 1337 deducendo
1581 1307 1620 1337 ad
1634 1307 1781 1339 inconve-

1007 1358 1097 1388 niens
1121 1358 1260 1398 duplex:
1286 1359 1443 1398 primum,
1469 1360 1554 1399 quod
1574 1360 1652 1390 illud
1678 1370 1780 1391 sacra-

1008 1413 1152 1441 mentum
1177 1413 1223 1441 est
1245 1412 1278 1441 in
1302 1412 1524 1451 praejudIcium
1548 1415 1690 1451 naturae,
1707 1414 1782 1453 quia

1008 1464 1135 1503 quando
1147 1466 1178 1494 et
1187 1464 1310 1503 quoties
1320 1465 1355 1494 fit
1371 1465 1688 1504 transsubstantiatio,
1699 1466 1784 1506 perit

1009 1516 1096 1546 cibus
1111 1517 1276 1553 naturalis,
1294 1517 1343 1547 vel
1360 1518 1504 1556 carnalis,
1521 1518 1781 1562 irrevocabiliter,

1009 1578 1049 1599 ex
1063 1579 1126 1608 quo
1148 1570 1237 1600 nullo
1253 1570 1346 1600 modo
1370 1571 1564 1600 convertitur
1586 1571 1618 1601 in
1641 1571 1782 1611 aliquid,

1010 1622 1095 1661 quod
1110 1624 1221 1652 natum
1238 1625 1284 1652 est
1303 1623 1421 1660 cibare3
1439 1623 1613 1654 secundum
1637 1624 1784 1656 inconve-

1010 1675 1099 1705 niens
1125 1677 1190 1713 est,
1216 1676 1300 1715 quod
1326 1676 1404 1706 illud
1425 1680 1678 1715 sacramentum,
1693 1679 1718 1708 si
1739 1681 1785 1709 est

1010 1728 1071 1764 ita,
1088 1730 1134 1758 est
1152 1729 1184 1758 in
1202 1729 1424 1768 praejudicium
1440 1729 1532 1760 fidei:
1554 1731 1580 1760 si
1601 1731 1685 1761 enim
1702 1732 1783 1762 acci·
1814 1755 1819 1758 »

1011 1781 1117 1811 dentia
1130 1790 1195 1812 non
1210 1782 1328 1812 habent
1349 1783 1563 1822 operationem
1578 1784 1761 1815 substantiae
1770 1808 1781 1823 ,

1012 1834 1201 1873 deprehendi
1216 1837 1317 1874 potest
1339 1836 1418 1866 illud
1436 1839 1669 1868 sacramentum
1683 1838 1781 1868 sensi-

1012 1887 1066 1916 bili
1088 1888 1320 1926 experimento,
1340 1890 1370 1919 et
1394 1889 1437 1918 ita
1455 1890 1605 1920 merItum
1620 1890 1693 1922 fidei
1708 1900 1782 1923 eva·

1013 1940 1100 1970 cuari
1118 1951 1124 1970 ε
1141 1941 1193 1971 sed
1208 1943 1381 1980 utrumque
1404 1942 1519 1972 horum
1540 1945 1586 1973 est
1604 1944 1783 1975 maximum

1012 1993 1237 2023 inconveniens
1246 2017 1255 2031 ,
1271 1995 1302 2024 et
1315 1995 1423 2024 eontra
1436 1994 1514 2025 illud
1528 1998 1762 2028 sacramentum
1773 2021 1781 2036 ,

1013 2055 1086 2076 cum
1101 2046 1141 2076 sIt
1155 2046 1189 2076 in
1203 2046 1353 2076 meritum
1367 2046 1440 2077 fidei
1455 2047 1645 2079 institutum.

1053 2098 1112 2128 Sed
1131 2100 1239 2129 contra
1263 2108 1270 2129 :
1296 2102 1323 2129 1.
1349 2099 1396 2130 Ex
1415 2100 1531 2130 eisdem
1549 2102 1726 2141 nutrimur,
1743 2111 1783 2134 ex

1013 2151 1129 2189 quibus
1161 2160 1294 2189 sumus,
1319 2152 1397 2182 sieut
1425 2153 1499 2183 dicit
1525 2153 1781 2194 Philosophus³:

1014 2204 1066 2234 sed
1082 2213 1147 2234 non
1161 2213 1272 2234 sumus
1286 2213 1326 2235 ex
1342 2205 1571 2244 accidentibus,
1589 2207 1642 2237 sed
1657 2217 1697 2238 ex
1713 2209 1784 2239 sub-

1013 2257 1136 2288 stantiis
1155 2267 1161 2287 :
1178 2266 1256 2296 ergo
1271 2266 1343 2287 cum
1358 2258 1476 2297 species
1492 2258 1553 2290 illae
1568 2259 1631 2290 sint
1644 2261 1784 2291 acciden-

1014 2311 1072 2347 tia,
1088 2311 1172 2349 patet
1187 2310 1270 2348 quod
1286 2319 1350 2340 non
1365 2311 1522 2341 nutriunt.
1539 2310 1570 2342 Si
1587 2312 1682 2350 dieas,
1699 2313 1783 2352 quod

1016 2364 1203 2394 miraculose
1225 2367 1455 2395 convertuntur
1487 2366 1521 2395 in
1549 2366 1758 2397 substantiam
1773 2377 1780 2404 ;

1013 2418 1123 2447 contra
1146 2427 1152 2446 z
1177 2416 1210 2447 Si
1232 2420 1462 2449 convertuntur
1492 2418 1525 2448 in
1549 2419 1780 2457 substantiam,

1015 2479 1088 2500 cum
1111 2470 1176 2499 sint
1197 2470 1297 2500 multa
1311 2470 1480 2501 accidentia
1493 2494 1501 2509 ,
1518 2479 1596 2509 ergo
1619 2472 1652 2501 in
1668 2472 1782 2503 multas

1014 2523 1204 2553 substantias
1223 2523 1335 2553 debent
1360 2523 1499 2553 converti
1517 2534 1523 2552 z
1540 2532 1620 2562 ergo
1637 2527 1714 2564 quot
1727 2534 1783 2555 ac·

1015 2587 1040 2610 q.
1057 2585 1091 2610 iv,
1103 2582 1149 2603 art.
1165 2582 1188 2610 2;
1205 2581 1291 2610 Stepli.
1307 2580 1408 2608 inulas„
1425 2581 1455 2604 IV
1474 2581 1553 2611 Sciit„
1568 2580 1625 2605 dist.
1641 2587 1689 2612 xil,
1706 2589 1730 2612 q.
1746 2588 1781 2606 ιν.

1016 2615 1090 2674 {fl-‚21¹1
1100 2616 1214 2674 Cgr.1,vxi‚
1230 2617 1268 2639 21.
1283 2629 1308 2632 —
1324 2616 1333 2631 ³
1345 2615 1430 2645 Arist„
1443 2615 1472 2638 cle
1487 2615 1600 2639 Gener-ut.
1617 2618 1641 2640 et
1656 2617 1783 2648 Com-apt„

1051 2667 1058 2674 .
1097 2667 1102 2678 ,
1133 2667 1139 2673 .
1185 2668 1188 2672 .

1048 2690 1081 2721 (α)
1100 2690 1159 2714 Coet.
1172 2690 1230 2715 edit.
1246 2691 1413 2715 sacramento.

1800 2121 1834 2142 Ad
1850 2127 1901 2148 opp.

1629 2741 1666 2770 33
