2017 2948
140 307 204 332 Hesp.
219 307 244 326 ..cl

141 338 177 358 ul.
207 346 244 366 μί]

140 369 243 391 Fundam.

153 1540 225 1560 Oratio

147 1578 194 1597 quai
201 1578 211 1590 c

136 1606 237 1622 inst-tuta.

257 125 316 154 618

259 191 289 220 ct
304 188 479 228 Gregorius
507 189 639 220 mittunt
657 198 676 218 a
694 187 796 219 vocali
817 187 960 217 oratione
988 185 1027 216 ad

261 242 439 273 mentalem.

299 295 344 326 Ad
362 295 440 326 illud
455 295 539 335 quod
554 295 722 335 objicitur,
740 292 822 332 quod
843 292 974 331 impedit
989 300 1029 322 ne

260 349 389 386 feratur,
406 348 573 379 dicendum
589 347 673 387 quod
691 347 805 376 salsum
821 347 877 383 est,
895 345 958 375 imo
972 354 1026 375 ex-

258 403 332 433 citat
353 402 499 432 affectum
515 402 676 441 tepidum,
693 409 749 429 1166
770 400 815 429 est
833 399 928 428 homo
943 398 1028 428 divi-

258 465 322 494 suS,
340 456 405 486 imo
420 456 468 486 vis
484 455 612 485 inse-rior
627 452 783 490 superiori
797 454 993 492 cooperatur.

299 512 312 539 1
331 511 362 539 et
375 509 405 538 2.
420 508 467 539 Ad
482 507 558 537 illud
573 506 658 545 quod
669 506 827 544 objicitur,
841 505 926 544 quod
940 513 1030 535 voca-

257 561 296 592 lis
309 561 414 600 magis
425 563 469 591 cst
483 559 626 599 poenalis,
637 558 807 589 dicendum
820 557 903 597 quod
915 566 1029 587 verum

257 617 303 646 est
317 614 438 645 caeteris
453 613 593 652 paribus.

297 670 326 698 3.
349 667 397 698 Ad
422 666 498 696 illud
524 665 608 705 quod
630 665 797 703 objicitur,
821 664 905 703 quod
929 664 1030 695 oratio

256 720 458 760 gemebunda
471 721 587 758 spectat
610 719 648 749 ad
667 718 905 755 contritionem,
922 717 1027 748 diceu-

255 775 331 805 dum
347 773 431 813 quod
448 782 560 803 verum
576 774 639 802 est:
655 772 708 802 sed
732 780 827 811 super
842 771 929 801 illam
943 770 1030 800 addit

253 826 516 868 postulationem,
538 826 619 855 sicut
642 825 831 865 publicanus
848 825 854 840 ¹
872 824 996 863 petebat
1012 833 1029 853 a

254 881 388 912 Domino
404 881 434 911 in
448 880 564 920 templo
580 879 799 910 remissionem
814 889 820 908 :
839 880 869 908 et
886 878 929 907 sic
945 879 1031 917 patet

254 935 342 966 illud.

293 991 322 1019 4.
347 987 393 1019 Sit
410 996 488 1027 ergo
506 987 574 1018 haec
597 995 724 1017 summa
746 985 902 1015 dictorum
915 1008 923 1021 ,
944 983 1029 1023 quod

253 1043 358 1073 omnis
375 1041 476 1072 oratio
489 1050 527 1071 ex
543 1040 695 1070 charitate
708 1039 799 1076 facta,
815 1038 842 1067 si
859 1039 943 1067 recte
961 1036 1026 1074 fiat,

254 1095 387 1135 poenalis
402 1097 460 1132 est,
478 1096 509 1124 et
524 1094 729 1124 satisfactoria
743 1094 844 1132 potest
858 1100 936 1128 esse,
953 1091 1030 1130 quia

253 1157 421 1188 nunquam
436 1150 483 1178 est
500 1148 542 1177 ita
562 1145 791 1182 delectationis,
808 1144 885 1183 quin
901 1144 941 1173 sit
960 1152 1029 1182 poe-

253 1202 331 1233 nalis
356 1201 578 1231 antecedenter
589 1224 598 1235 ,
626 1200 676 1230 vel
701 1199 948 1237 consequenter,
979 1196 1029 1226 vel

253 1253 512 1284 concomitanter.
531 1252 585 1282 llla
602 1255 707 1282 tamen
722 1251 804 1280 inter
819 1258 930 1280 omnes
946 1257 1030 1288 prae-

253 1306 345 1346 cipue
358 1306 525 1344 satisfacit,
543 1315 614 1345 quae
630 1307 676 1335 est
691 1304 796 1342 magis
813 1301 1026 1341 gemebunda,

253 1362 283 1390 et
298 1360 329 1390 in
346 1368 409 1399 qua
424 1360 527 1398 maj0r
549 1359 668 1389 clamor
683 1357 786 1388 cordis
801 1358 847 1387 est
869 1355 908 1386 ad
929 1355 1030 1385 Deum

254 1422 311 1453 pro
335 1413 428 1444 venia
451 1413 675 1452 peccatorum:
697 1411 765 1441 haec
788 1411 897 1440 autem
918 1409 950 1439 in
972 1409 1030 1439 ali-

254 1466 372 1505 quibus
387 1468 434 1496 est
454 1465 616 1500 mentalis,
634 1465 666 1494 in
682 1464 842 1503 aliquibus
857 1462 986 1493 vocalis.

295 1519 381 1550 Unde
408 1518 583 1549 notandum
607 1517 693 1557 quod
717 1516 834 1555 triplex
859 1518 905 1546 est
929 1515 1028 1553 ratio,

254 1581 353 1612 quare
369 1572 487 1603 vocalis
507 1571 608 1601 oratio
624 1573 670 1600 est
686 1570 838 1600 instituta.
857 1568 980 1605 Prima,
1000 1570 1030 1598 et

255 1625 416 1665 potissima
431 1626 477 1655 est
492 1625 531 1654 ad
546 1623 679 1654 affectus
690 1622 909 1653 accensionem
924 1631 931 1651 :
945 1621 1030 1651 uude

254 1679 338 1710 Beda
353 1687 448 1718 super
463 1678 541 1708 illud
552 1678 582 1708 ²:
599 1677 691 1708 Pater
703 1678 818 1713 noster,
834 1677 893 1705 etc.
907 1683 914 1704 :
933 1686 947 1703 «
961 1674 1030 1704 Non

252 1733 302 1763 his
327 1732 400 1763 solis
424 1731 530 1763 verbis
553 1733 682 1768 oratur,
704 1729 758 1760 sed
783 1729 852 1759 aliis
876 1727 1030 1758 contentis

254 1785 314 1816 sub
337 1785 449 1816 eodem
472 1793 568 1815 sensu
581 1808 588 1821 ‚
605 1783 722 1823 quibus
738 1791 792 1813 cor
809 1784 954 1812 nostrum
977 1789 1028 1811 ac-

253 1839 409 1870 cenditur.
426 1850 440 1866 »
467 1838 614 1869 Secunda
629 1837 708 1868 ratio
731 1838 778 1866 est
795 1836 834 1867 ad
855 1835 1031 1865 intellectus

254 1892 493 1923 instructionem
506 1902 513 1928 ;
526 1891 612 1921 unde
627 1889 710 1920 Beda
726 1889 843 1919 ibidem
856 1899 862 1918 :
880 1900 894 1917 «
910 1887 1030 1919 Oratio-

254 1955 328 1976 nem
344 1945 495 1976 brevibus
510 1944 616 1975 verbis
634 1943 822 1982 composuit,
841 1941 957 1982 quihus
972 1950 1030 1971 nec

254 2007 334 2038 opus
349 2000 395 2028 est
410 1998 497 2038 loqui
514 1998 553 2028 ad
569 2005 643 2027 eum
659 1996 715 2036 qui
731 1995 838 2026 omnia
853 1995 960 2033 novit,
977 1995 1030 2025 sed

256 2054 292 2081 ut
306 2050 362 2090 qui
377 2060 451 2081 cum
470 2050 533 2080 Deo
548 2050 627 2088 agit,
645 2049 777 2079 disceret
794 2057 845 2078 res
862 2057 941 2088 quas
957 2057 1030 2078 ora-

254 2106 314 2141 ret,
332 2112 396 2134 non
408 2103 505 2134 verba
514 2111 586 2142 quae
600 2103 725 2133 (liceret.
738 2113 752 2130 »
769 2101 873 2132 Tertia
888 2102 969 2132 ratio
984 2104 1031 2132 est

255 2156 295 2186 ad
327 2156 500 2186 faciliorem
522 2155 791 2191 recordationem;
822 2154 906 2185 uude
936 2164 1031 2194 super

256 2209 372 2240 illud³z
390 2209 494 2240 Nolite
510 2207 689 2239 assimilari
707 2208 768 2245 eis,
786 2206 910 2237 Glossa:
933 2218 946 2235 (t
961 2207 1030 2238 Non

257 2262 340 2302 apud
355 2262 455 2293 Deum
472 2261 634 2300 agendum
649 2264 695 2291 est
710 2261 828 2298 verbis,
846 2260 900 2290 sed
916 2260 1027 2298 rebus;

256 2315 429 2346 intentione
442 2314 556 2352 cordis,
568 2313 684 2344 affectu
694 2313 827 2353 simplici
842 2324 848 2344 z
860 2322 932 2353 quae
944 2314 1029 2344 enim

259 2368 404 2405 dicimus,
432 2376 495 2398 11011
518 2376 593 2398 eum
615 2367 783 2402 docemus,
800 2366 854 2397 sed
874 2375 932 2396 nos
947 2369 1028 2397 tem-

258 2421 344 2461 poris
356 2420 467 2451 orandi
482 2420 695 2451 recordamur.
709 2430 724 2448 »
743 2418 781 2450 Et
793 2419 836 2449 sic
851 2421 934 2459 patet
949 2419 1030 2450 ratio

290 2484 294 2496 ¹
308 2483 375 2513 Luc„
391 2488 466 2513 xviii,
486 2484 524 2507 13.
540 2496 572 2501 -
587 2483 594 2497 ²
609 2483 710 2513 Mami„
725 2488 758 2512 w,
776 2484 798 2506 9.
814 2495 845 2500 -
858 2483 865 2497 ³
886 2483 949 2512 lbc'sl,
966 2484 989 2507 8.
1000 2495 1029 2501 -

257 2520 266 2535 '⁴
283 2519 301 2542 11
317 2518 413 2547 Ριιναί.,
433 2523 534 2548 xxxm,
551 2519 587 2542 13.
603 2531 634 2537 —-
650 2518 660 2535 ὕ
675 2518 716 2548 Cf.
734 2518 805 2542 Alex.
828 2518 923 2548 Aleus„
940 2526 963 2549 p.
987 2520 1028 2549 lv,

258 2561 281 2583 q.
306 2559 378 2584 xxn',
400 2554 508 2577 membr.
531 2555 560 2584 5,
582 2556 629 2578 art.
654 2556 682 2583 t,
713 2553 868 2582 Richardus,
894 2555 924 2577 lv
949 2555 1028 2582 Sem„

259 2588 315 2612 dist.
336 2594 382 2618 xv,
411 2590 458 2613 art.
485 2591 514 2619 ὓ,
534 2596 559 2620 q.
587 2591 613 2619 ¹3
638 2588 729 2614 Thom.
752 2591 867 2620 Argent„
892 2590 923 2613 lV
949 2590 1029 2620 Sene„

818 117 1127 150 SENTENTIARUM
1147 117 1219 148 ΗΒ.
1243 118 1292 149 IV.

1083 185 1289 215 institutionis
1307 186 1456 217 orationis
1479 186 1597 218 vocalis
1609 211 1616 224 ‚
1633 187 1708 226 quia
1724 189 1852 228 propter

1084 238 1253 269 mentalem
1264 241 1320 276 est,
1334 249 1430 279 quam
1442 240 1522 271 Deus
1534 241 1692 280 praecipue
1702 243 1850 280 acceptat,

1084 294 1114 322 et
1128 292 1215 322 illam
1231 293 1336 331 magis
1351 294 1388 323 ad
1403 294 1620 324 remissionem
1635 297 1664 323 et
1676 294 1854 324 satisfactio-

1085 354 1174 382 nem,
1206 345 1238 375 iu
1264 355 1326 385 qua
1349 355 1401 376 cor
1423 347 1526 385 magis
1554 348 1663 377 contra
1691 347 1854 385 peccatum

1084 397 1282 428 intenditur:
1311 399 1379 428 ideo
1405 399 1537 438 perutile
1563 402 1609 429 est
1639 398 1855 438 peccatoribus

1085 451 1243 481 orationes
1258 452 1465 490 frequentare,
1483 453 1516 482 in
1534 452 1651 492 quihus
1666 452 1721 481 [iat
1736 451 1855 482 mentio

1084 503 1122 534 de
1145 504 1227 534 male
1252 505 1442 542 commissis,
1467 505 1546 536 sicut
1574 505 1633 535 suit
1661 504 1762 536 oratio
1787 503 1854 535 Ma-

1085 565 1177 587 nasse
1191 557 1212 587 ⁴.

1345 612 1526 651 QUAESTIO
1546 612 1596 644 IV.

1188 691 1231 717 An
1245 691 1378 718 restitutio
1395 691 1430 718 sit
1443 698 1509 725 pars
1524 691 1719 723 satisfactionis
1728 690 1749 717 ⁸.

1126 769 1238 800 Utrum
1254 769 1411 799 restitutio
1426 769 1464 799 sit
1488 778 1560 808 pars
1575 767 1810 805 satisfactionis3
1827 769 1858 798 et

1085 823 1168 861 quod
1180 823 1235 859 sic,
1245 822 1372 852 videtur
1386 834 1392 852 z
1408 824 1435 852 1.
1448 822 1522 861 quia
1531 822 1637 861 aliquo
1646 823 1771 861 peccato
1785 829 1858 860 pec-

1085 885 1195 906 camus
1216 877 1248 906 in
1268 876 1365 906 Deum
1382 878 1523 913 tautum,
1541 875 1648 915 aliquo
1664 875 1696 905 111
1713 874 1813 905 Deum
1827 875 1858 904 et

1085 930 1267 970 proximum
1281 954 1288 967 ,
1306 932 1341 960 ut
1355 930 1476 968 rapina.
1496 929 1553 959 Sed
1568 930 1691 959 constat
1706 927 1792 967 quod
1806 936 1856 957 sa-

1085 984 1217 1014 tisfactio
1246 983 1414 1022 respondet
1437 983 1588 1022 injuriae:
1612 990 1689 1020 ergo
1713 980 1858 1011 satisfieri

1085 1037 1175 1067 (lebet
1201 1037 1233 1066 in
1259 1036 1317 1066 1106.
1340 1035 1402 1066 Deo
1424 1038 1453 1066 et
1470 1036 1643 1075 proximo:
1669 1034 1723 1065 sed
1748 1034 1859 1065 satisfit

1085 1089 1231 1129 proximo
1248 1098 1304 1128 per
1320 1089 1553 1119 restitutionem
1571 1099 1577 1118 :
1595 1096 1684 1127 ergo,
1703 1090 1761 1118 etc.

1125 1145 1154 1173 Ξ.
1180 1142 1254 1172 item
1271 1143 1327 1182 qui
1343 1144 1447 1181 peccat
1464 1150 1520 1181 per
1538 1141 1754 1180 gulositatem,
1769 1140 1858 1171 nullo

1085 1195 1179 1226 modo
1209 1195 1323 1225 melius
1351 1194 1514 1232 satisfacit,
1538 1203 1636 1234 quam
1660 1203 1716 1233 per
1743 1192 1859 1233 jeJunii

1086 1248 1288 1278 sobrietatem
1304 1258 1310 1277 z
1328 1256 1408 1286 ergo
1432 1247 1486 1286 qui
1510 1249 1617 1286 peccat
1634 1255 1702 1276 rem
1722 1246 1859 1276 alienam

1086 1302 1274 1339 auferendo,
1291 1310 1356 1331 nou
1377 1300 1491 1330 melius
1513 1299 1677 1337 satisfacit,
1692 1307 1790 1339 quam
1807 1307 1858 1329 re-

1086 1355 1262 1385 stituendo:
1282 1363 1376 1393 ergo,
1394 1357 1452 1384 etc.

1128 1411 1156 1439 3.
1182 1408 1260 1438 Item
1281 1416 1336 1447 per
1356 1408 1488 1446 signum
1512 1406 1709 1444 ostenditur,
1735 1405 1811 1446 quia
1833 1404 1860 1436 si

1086 1464 1149 1493 duo
1168 1464 1241 1493 sunt
1263 1464 1425 1501 raptores,
1443 1470 1579 1500 quorum
1599 1460 1677 1491 alter
1697 1462 1745 1490 est
1766 1458 1858 1490 resti-

1086 1517 1224 1554 tuendo,
1250 1515 1329 1546 alter
1351 1524 1432 1552 non,
1457 1515 1614 1545 minorem
1639 1513 1860 1554 poenitentiam

1086 1570 1223 1609 imponit
1247 1569 1392 1599 sacerdos
1418 1569 1446 1599 ei
1474 1568 1530 1608 qui
1554 1570 1654 1608 potest
1675 1567 1858 1605 restituere,

1086 1624 1240 1662 maiorem
1256 1622 1283 1652 ei
1297 1622 1352 1661 qui
1367 1630 1451 1652 non:
1469 1630 1548 1661 ergo
1565 1621 1721 1652 restitutio
1734 1621 1807 1652 facit
1820 1620 1860 1652 ad

1090 1675 1344 1706 satisfactionem.

1127 1731 1156 1758 4.
1184 1728 1262 1758 Item
1277 1727 1454 1758 satisfacere
1468 1729 1514 1758 est
1529 1736 1639 1758 causas
1656 1728 1861 1767 peccatorum

1087 1781 1252 1812 excidere:
1279 1780 1333 1811 sed
1355 1789 1454 1820 quare
1475 1782 1582 1820 raptor
1602 1780 1635 1810 in
1655 1782 1781 1820 peccato
1799 1782 1858 1818 est,

1088 1838 1135 1866 est
1159 1834 1233 1874 quia
1254 1843 1323 1864 rem
1345 1833 1482 1864 alienam
1508 1833 1638 1864 abstulit
1661 1835 1691 1864 et
1714 1833 1857 1864 detinet:

1087 1897 1165 1927 ergo
1184 1887 1354 1918 satisfactio
1370 1889 1416 1917 est
1432 1896 1488 1926 per
1503 1887 1548 1917 rei
1563 1889 1696 1918 reteutae
1712 1886 1860 1918 redditio·

1087 1950 1172 1979 nem,
1193 1941 1267 1980 quia
1280 1940 1331 1971 1116
1346 1940 1465 1980 peccati
1479 1949 1574 1971 causa
1589 1940 1758 1971 exciditur.

1129 1994 1263 2025 Contra:
1287 1996 1316 2024 1.
1342 1993 1509 2024 Peccatum
1534 2003 1571 2024 eo
1595 1994 1664 2033 ipso
1684 1996 1730 2024 est
1749 2002 1858 2034 pecca-

1086 2050 1175 2086 tum,
1197 2047 1272 2087 quia
1294 2047 1327 2077 in
1347 2046 1448 2077 Deum
1467 2049 1527 2085 est,
1545 2048 1576 2077 et
1596 2047 1673 2086 quia
1687 2046 1859 2078 1161116101·-

1088 2104 1194 2131 matur
1216 2101 1338 2139 imago;
1356 2109 1421 2130 non
1440 2100 1517 2139 quia
1533 2100 1566 2130 in
1585 2099 1685 2130 alium
1709 2100 1857 2139 similem,

1087 2154 1162 2194 qula
1185 2156 1261 2184 tunc
1280 2153 1330 2184 leo
1352 2156 1511 2193 peccaret,
1537 2162 1612 2183 cum
1633 2153 1719 2184 aliud
1742 2153 1861 2184 animal

1086 2207 1274 2238 comederet.
1302 2206 1390 2237 Unde
1406 2209 1436 2236 et
1460 2206 1492 2236 in
1514 2206 1660 2237 Psalmo⁶
1681 2217 1688 2236 :
1713 2206 1784 2238 Tibi
1799 2206 1861 2238 soli

1084 2262 1224 2301 peccavi.
1251 2260 1337 2299 Ergo
1363 2261 1533 2291 satisfactio
1562 2260 1703 2291 facienda
1730 2263 1776 2291 est
1801 2261 1860 2292 soli

1087 2314 1168 2345 Deo:
1197 2314 1252 2344 sed
1277 2313 1337 2344 hoc
1363 2322 1427 2344 non
1451 2316 1497 2344 est
1522 2322 1578 2353 per
1601 2314 1856 2352 restitutionem,

1086 2369 1162 2408 quia
1183 2368 1341 2399 restitutio
1362 2368 1488 2408 respicit
1508 2368 1695 2408 proximum
1718 2368 1854 2400 directe:

1087 2430 1178 2461 ergo,
1193 2423 1253 2453 etc.

1086 2484 1144 2507 dist.
1167 2490 1208 2514 xv,
1230 2491 1254 2514 q.
1278 2489 1296 2513 1,
1317 2486 1354 2507 art
1392 2485 1413 2512 ;;
1440 2483 1530 2507 Frauc.
1550 2483 1582 2507 de
1606 2484 1697 2515 Maga„
1722 2483 1754 2507 tv
1777 2482 1857 2513 Seni„

1086 2520 1144 2543 dist.
1167 2526 1224 2549 xxi,
1245 2527 1269 2549 q.
1291 2525 1315 2549 1;
1338 2518 1425 2549 Steph.
1450 2519 1558 2549 Brulet'.,
1581 2519 1611 2543 lv
1635 2519 1711 2548 Sene„
1736 2518 1794 2542 dist.
1813 2523 1855 2547 xv,

1085 2561 1116 2608 ff.—
1128 2555 1294 2614 §igszll’ett‘rug
1309 2554 1340 2578 de
1356 2554 1470 2584 Tarant..
1487 2554 1517 2578 lV
1533 2554 1613 2584 Sent.,
1633 2553 1690 2578 dist.
1707 2559 1750 2583 xv,
1768 2560 1794 2584 q.
1812 2558 1854 2577 xv.

1214 2607 1219 2613 .
1255 2607 1261 2619 ,
1298 2607 1303 2612 .

1874 778 1977 799 fund-m.

1877 2006 1911 2027 Ad
1925 2011 1978 2033 opp.
