2017 2948
61 1200 156 1221 Fundam
161 1216 165 1221 .

708 165 803 196 DIST.
828 166 878 197 IX.
902 167 991 198 ART.
1017 168 1040 198 1,
1063 167 1200 204 QUAEST
1224 169 1274 200 111.

192 233 260 264 beri
275 233 314 264 ad
324 233 383 264 hoc
395 234 641 269 sacramentum,
653 233 700 262 est
713 231 791 262 fides
803 232 957 265 informis:

192 285 245 316 sed
258 286 327 317 sine
341 286 400 317 hac
419 288 519 326 potest
537 284 722 315 manducari
745 290 956 317 sacramenta-

190 337 261 369 liter
278 350 284 369 :
302 348 380 378 ergo
395 339 521 370 videtur
535 338 620 378 quod
635 337 700 368 sola
715 338 794 368 actio
807 347 958 378 corpora-

188 390 227 420 lis
249 392 395 422 sufficiat,
423 391 566 422 Prohatio
591 391 722 420 minoris
751 402 757 421 ;
784 390 958 423 Haereticus

188 444 330 474 sacerdos
345 446 446 483 potest
461 445 630 480 conficere,
648 444 727 474 sicut
745 444 827 474 intra
842 445 850 461 ¹
868 445 957 476 vide-

187 496 272 527 bitur
288 508 294 526 :
311 497 366 527 sed
388 506 452 528 non
473 497 579 528 minus
593 499 638 527 est
661 497 813 527 conficere
827 521 835 535 ,
861 507 957 537 quam

186 547 454 578 sacramentaliter
468 557 593 578 sumere
607 559 613 579 :
628 557 707 587 ergo
721 548 889 578 haereticus
905 558 957 588 po-

187 604 246 632 test
259 603 526 634 sacramentaliter
541 613 666 634 sumere
683 612 690 633 :
708 613 785 643 ergo
800 604 866 634 sine
884 604 956 635 fidei

185 657 258 686 actu
270 658 370 695 potest
380 657 647 687 sacramentaliter
661 656 863 687 manducari:
879 666 957 696 ergo

185 708 251 738 sola
265 709 386 739 actione
400 710 564 749 corporali.

224 763 253 791 4.
279 761 357 792 Item
381 772 594 802 quaecumque
618 763 868 802 inseparabiliter
882 765 956 794 sunt

184 814 292 851 unita,
316 816 469 855 quamdiu
491 819 583 854 sunt,
610 817 641 846 iu
658 816 746 846 nullo
770 818 841 846 actu
864 825 954 855 sepa—

185 869 298 898 rantur
327 879 334 898 :
364 878 443 907 ergo
469 869 524 908 qui
555 871 686 899 sumunt
707 871 738 899 et
763 869 955 900 manducant

183 928 305 959 unum,
330 924 360 951 et
381 921 517 952 alterum
541 933 548 952 ;
573 923 625 952 sed
651 922 768 962 species
792 922 955 953 continent

183 982 297 1013 corpus
317 974 431 1005 Christi
453 975 607 1006 veraciter
632 986 639 1005 ι
665 984 744 1014 ergo
762 975 817 1015 qui
836 976 954 1015 species

183 1026 333 1065 comedit,
364 1028 497 1058 comedit
519 1037 633 1068 corpus
659 1028 770 1059 Christi
789 1028 865 1058 :sed
890 1037 954 1058 non

183 1079 317 1109 comedit
338 1088 377 1109 ex
402 1079 461 1110 hoc
487 1081 690 1119 spiritualiter
715 1090 722 1110 :
748 1089 826 1120 ergo
849 1090 952 1111 sacra·

181 1131 285 1161 taliter
299 1132 420 1162 saltem.

221 1184 333 1215 Contra
352 1196 358 1215 :
377 1185 424 1216 Ad
448 1188 554 1216 actum
570 1187 830 1217 sacramentalem
845 1188 950 1227 requi-

180 1238 261 1269 ritur
275 1239 423 1276 intentio,
441 1239 522 1270 sicut
537 1249 632 1279 supra
647 1240 815 1279 probatum
830 1244 876 1271 est
898 1252 903 1271 :
923 1244 953 1272 et

179 1291 204 1321 si
221 1292 293 1332 quis
305 1293 405 1322 verba
419 1293 552 1330 diceret,
570 1295 599 1323 et
614 1302 678 1323 non
692 1293 868 1324 intenderet
882 1303 952 1325 con-

179 1353 316 1383 secrare,
334 1354 398 1376 non
413 1345 581 1376 conficeret
607 1355 614 1375 :
638 1354 717 1384 ergo
736 1346 791 1385 qui
814 1348 952 1377 mandu-

178 1400 245 1434 cat,
269 1399 381 1431 sinon
403 1399 566 1435 intendat,
594 1400 862 1431 sacramentaliter
886 1410 949 1431 non

179 1451 358 1482 manducat.

217 1503 295 1534 ltcm
310 1504 386 1535 fides
407 1507 452 1535 est
472 1504 716 1536 fundamentum
733 1507 879 1538 omnium
905 1517 950 1538 sa-

177 1560 430 1596 cramentorum,
448 1558 587 1588 maxime
607 1558 724 1598 hujus,
748 1560 823 1599 quia
838 1561 870 1590 iu
885 1561 950 1591 sor-

175 1619 227 1640 ma
242 1610 339 1649 hujus
354 1611 467 1642 dicitur
481 1623 487 1641 z
505 1611 693 1651 Mystertum
709 1612 788 1650 fidei
802 1622 812 1643 .·
830 1623 908 1653 crgo
922 1615 948 1644 si

174 1663 288 1702 aliquis
308 1664 457 1703 degustat
483 1667 512 1696 et
531 1674 595 1695 non
616 1666 732 1703 credit,
759 1675 823 1697 non
849 1668 948 1698 sumit

173 1718 452 1749 sacramentaliter.

213 1769 292 1801 item
306 1771 369 1802 duo
383 1774 457 1802 sunt
475 1773 513 1803 de
532 1772 713 1811 integritate
736 1775 944 1813 sacramenti,

172 1823 288 1854 scilicet
301 1824 492 1863 significatio
515 1827 545 1855 et
564 1826 768 1857 sanctificatio
785 1837 792 1857 :
809 1836 886 1866 ergo
908 1829 946 1859 ad

171 1876 231 1906 hoc
244 1877 328 1916 quod
344 1877 451 1917 aliqua
468 1878 546 1908 ratio
563 1879 754 1909 sacramenti
780 1880 919 1911 salvetur
935 1906 943 1919 ‚

171 1937 296 1959 necesse
307 1931 354 1959 est
369 1930 494 1969 aliquod
511 1930 644 1960 istorum
666 1932 798 1971 reperiri
814 1943 820 1963 :
837 1933 889 1963 sed
916 1934 944 1964 ei

170 1981 225 2021 qui
240 1990 304 2012 non
320 1982 417 2012 credit
433 1985 666 2013 sacramentum
677 2008 686 2021 ,
703 1994 760 2015 nec
773 1985 942 2025 significat,

169 2042 226 2064 nec
241 2035 414 2065 efficaciam
429 2036 684 2067 sanctificationis
700 2040 849 2077 praestat:
864 2049 942 2079 ergo

170 2087 240 2118 talis
255 2088 344 2119 nullo
359 2089 453 2119 modo
467 2089 648 2120 manducat.

208 2140 304 2179 Item,
321 2141 345 2171 si
361 2142 427 2172 sola
443 2142 617 2173 masticatio
632 2144 803 2183 corporalis
817 2147 941 2177 suffice-

168 2195 228 2231 ret,
244 2195 320 2224 tunc
334 2203 417 2233 mus,
429 2197 459 2226 et
469 2196 607 2234 angelus
620 2200 781 2237 assumpto
796 2207 937 2239 corpore,

167 2248 197 2276 et
221 2246 316 2277 homo
343 2247 515 2286 ignoram,
539 2251 810 2282 sacramentaliter
830 2262 937 2285 sume-

166 2300 257 2329 rent:
275 2309 412 2339 quorum
434 2302 597 2341 quodlibet
618 2306 664 2333 est
688 2304 912 2337 inconveniens
931 2320 936 2338 ;

165 2356 260 2384 restat
284 2364 362 2394 ergo
388 2357 472 2396 quod
502 2367 568 2388 non
601 2359 726 2391 sufficit.
757 2360 810 2392 Est
838 2363 938 2401 igitur

164 2405 298 2444 quaestio
313 2405 389 2445 quid
404 2408 596 2448 requiratur.

196 2468 276 2493 'Dist
292 2475 349 2501 11111,
364 2473 410 2495 art.
429 2473 450 2500 ¹,
466 2478 491 2502 q.
508 2478 533 2495 v.

1730 179 1783 208 441

1294 297 1369 329 (1οΝ
1372 297 1518 331 CLUSIO.

1013 375 1194 402 Eucharistiae
1209 378 1411 405 sacramentalls
1425 380 1598 408 manducatio
1615 385 1652 408 est
1672 385 1786 411 mandu—

1140 427 1200 446 care
1214 423 1408 448 sacramentum
1422 425 1449 448 ut
1463 427 1665 452 sacramentum.

1053 498 1141 538 Resp.
1161 499 1199 529 ad
1220 509 1292 539 arg.
1315 501 1486 533 Dicendum
1502 504 1585 542 quod
1613 513 1788 538 sacramen-

1012 551 1113 581 taliter
1129 553 1336 591 manducare,
1349 557 1395 584 est
1406 556 1596 587 manducare
1608 566 1788 590 sacramen-

1011 605 1099 641 tum,
1115 606 1145 634 et
1157 608 1191 635 ut
1206 609 1451 638 sacramentum.
1469 608 1624 645 Quoniam
1642 611 1727 641 enim
1741 621 1786 642 sa-

1012 656 1248 687 cramentaliter
1262 659 1453 689 manducare
1466 662 1512 690 est
1526 660 1687 700 dispositio
1698 665 1787 694 actus

1011 709 1237 747 manducandi,
1258 711 1327 742 ideo
1342 712 1381 743 ad
1404 713 1463 743 hoc
1479 714 1564 753 quod
1578 718 1666 746 actus
1681 717 1721 747 sit
1735 727 1785 748 sa-

1011 763 1222 800 eramentalis,
1234 773 1359 795 necesse
1372 768 1418 796 est
1429 767 1513 806 quod
1521 769 1667 807 respiciat
1678 769 1784 809 ipsum

1010 818 1256 847 sacramentum.
1281 817 1327 847 Ad
1351 818 1411 848 hoc
1437 821 1543 850 autem
1562 822 1645 860 quod
1670 823 1784 863 aliquis

1010 869 1177 900 manducet
1203 874 1437 902 sacramentum
1464 875 1686 906 manducando
1714 886 1783 916 spe-

1010 921 1087 959 cies,
1104 922 1167 952 (luo
1182 923 1368 962 exiguntur,
1386 925 1502 956 scilicet
1521 927 1581 957 cibi
1596 929 1763 960 existentia
1774 955 1781 968 ,

1009 975 1039 1002 et
1059 975 1128 1013 ejus
1151 976 1189 1005 ad
1214 976 1353 1007 cibatum
1377 979 1529 1009 naturalis
1550 982 1782 1014 convenientia.

1010 1026 1152 1058 Primum
1169 1029 1324 1068 exigitur,
1337 1031 1412 1070 quia
1427 1032 1452 1061 si
1468 1041 1531 1062 non
1547 1035 1707 1072 praecessit
1730 1045 1779 1066 sa-

1008 1081 1160 1111 cramenti
1171 1082 1335 1120 confectio,
1353 1092 1418 1114 non
1433 1087 1533 1124 potest
1546 1087 1637 1126 sequi
1652 1089 1784 1120 mandu-

1008 1134 1098 1165 catio.
1122 1133 1303 1166 Secundum
1325 1137 1485 1176 exigitur,
1510 1139 1584 1178 quia
1609 1140 1696 1170 cibus
1724 1141 1783 1172 iste

1008 1187 1081 1216 solis
1109 1187 1293 1219 hominibus
1318 1192 1362 1219 est
1391 1200 1567 1222 concessus.
1594 1192 1681 1223 Unde
1703 1194 1783 1225 sicut

1007 1238 1103 1268 homo
1115 1239 1199 1269 solus
1214 1240 1400 1280 baptizatur,
1419 1242 1458 1271 ita
1475 1252 1589 1282 corpus
1611 1243 1722 1275 Christi
1737 1255 1782 1276 sa-

1006 1292 1238 1323 cramentaliter
1263 1303 1281 1323 a
1305 1294 1371 1323 solo
1387 1294 1515 1325 homine
1541 1297 1752 1329 manducatur
1772 1311 1777 1329 z

1006 1347 1036 1374 et
1059 1345 1140 1375 sicut
1164 1346 1249 1376 solus
1271 1347 1368 1377 hoino
1392 1349 1522 1388 suscipit.
1546 1354 1779 1382 sacramentum

1007 1400 1153 1439 baptismi
1167 1425 1174 1438 ,
1192 1402 1234 1431 ita
1249 1402 1333 1432 solus
1349 1403 1446 1433 homo
1461 1404 1590 1444 suscipit
1603 1414 1779 1437 sacramen-

1005 1456 1073 1484 tum
1097 1455 1313 1486 Eucharistiae.
1338 1457 1385 1487 Ad
1410 1457 1469 1487 hoc
1485 1467 1560 1488 vero
1579 1460 1664 1497 quod
1689 1469 1779 1491 man-

1004 1507 1096 1538 ducet
1124 1511 1159 1538 ut
1182 1512 1438 1546 sacramentum,
1462 1512 1638 1541 necessaria
1658 1515 1704 1543 est
1728 1514 1780 1544 in—

1004 1561 1118 1597 tentio,
1143 1564 1173 1591 et
1197 1562 1380 1592 intentionis
1395 1564 1571 1601 regulatio,
1597 1565 1647 1594 vel
1666 1575 1778 1597 secun-

1003 1614 1080 1644 dum
1100 1615 1195 1645 fidem
1217 1624 1289 1654 quae
1305 1618 1349 1645 est
1375 1616 1406 1645 111
1428 1616 1514 1655 ipso,
1537 1617 1586 1647 vel
1603 1619 1779 1650 secundum

1003 1668 1097 1698 fidem
1114 1677 1186 1707 quae
1203 1670 1250 1698 est
1264 1668 1296 1698 in
1317 1668 1425 1699 altero.
1445 1669 1579 1701 intentio
1592 1695 1599 1707 ‚
1622 1672 1753 1711 inquam
1768 1698 1775 1707 ,

1002 1722 1176 1751 necessaria
1190 1724 1237 1751 est
1253 1732 1259 1752 z
1277 1731 1352 1751 nam
1366 1723 1390 1751 si
1407 1723 1478 1762 quis
1493 1723 1552 1753 iret
1569 1725 1607 1755 ad
1622 1735 1776 1764 inensam,

1001 1777 1031 1805 et
1046 1774 1223 1804 intenderet
1238 1783 1351 1813 corpus
1376 1775 1521 1813 reticere,
1545 1779 1575 1806 et
1591 1777 1706 1817 aliquis
1722 1788 1779 1818 pro

1002 1837 1081 1867 pane
1097 1827 1259 1857 communi
1275 1831 1507 1859 sacramentum
1535 1830 1593 1860 sibi
1616 1831 1698 1861 sit-ut
1720 1841 1778 1871 pa-

1001 1891 1074 1911 nem
1089 1882 1232 1918 offerret,
1252 1884 1281 1911 et
1305 1882 1371 1921 ipse
1395 1882 1569 1914 intenderet
1584 1885 1716 1915 omnino
1732 1886 1776 1916 ci-

1000 1936 1076 1966 bum
1091 1935 1287 1975 corporatam
1304 1945 1441 1972 sumere,
1458 1945 1553 1967 nemo
1567 1937 1684 1968 diceret
1702 1947 1775 1970 eum

999 1988 1267 2018 sacramentaliter
1301 1989 1516 2020 manducasse.
1562 1990 1691 2022 Necesse
1731 1995 1777 2023 est

998 2045 1092 2075 etiam
1103 2044 1185 2083 quod
1199 2044 1331 2075 intentio
1343 2045 1514 2084 dirigatur,
1532 2045 1580 2076 vel
1598 2047 1774 2078 secundum

997 2097 1112 2133 fidem,
1130 2105 1202 2136 quae
1222 2099 1268 2127 est
1284 2097 1315 2127 111
1333 2097 1422 2137 ipso,
1441 2098 1491 2128 vel
1508 2098 1541 2128 in
1556 2098 1656 2129 altero
1673 2110 1680 2130 ι
1698 2101 1774 2140 quia

996 2150 1047 2180 vel
1062 2153 1183 2191 oportet
1199 2151 1283 2190 quod
1302 2151 1407 2181 credat
1421 2152 1504 2191 quod
1525 2153 1584 2183 suh
1605 2152 1658 2183 illa
1672 2154 1774 2193 specie

996 2203 1114 2243 aliquid
1135 2203 1296 2243 spirituale
1324 2204 1437 2242 lateat,
1463 2205 1548 2244 quod
1571 2215 1696 2237 sumere
1719 2208 1772 2237 iu-

996 2257 1120 2295 tendat3
1145 2257 1194 2287 vel
1216 2259 1353 2296 oportet,
1380 2257 1465 2297 quod
1487 2258 1597 2289 saltem
1626 2259 1771 2291 intendat

995 2319 1130 2348 sumere,
1149 2310 1233 2350 quod
1244 2310 1320 2340 alios
1332 2310 1458 2341 credere
1473 2311 1644 2349 existimat,
1659 2322 1771 2352 quam-

995 2364 1043 2394 vis
1056 2364 1122 2403 ipse
1138 2372 1202 2393 nou
1217 2363 1333 2393 credat.
1348 2362 1436 2394 Unde
1451 2364 1553 2401 credo,
1572 2365 1657 2404 quod
1671 2366 1695 2395 si
1715 2366 1772 2396 ali-

994 2419 1065 2458 quis
1081 2418 1250 2449 haereticus
1271 2418 1405 2449 intendIt
1420 2419 1560 2457 accipere
1583 2419 1665 2458 quod
1689 2421 1770 2451 aesti-

994 2474 1058 2503 mat
1076 2471 1245 2502 Ecclesiam
1262 2472 1388 2502 credere
1411 2481 1478 2502 esse
1496 2481 1610 2512 corpus
1633 2472 1766 2512 Christi,

992 2524 1138 2565 quamvis
1152 2534 1217 2555 non
1232 2525 1338 2555 credat
1350 2549 1357 2562 ,
1375 2525 1644 2556 sacramentaliter
1659 2528 1768 2558 tamen

991 2578 1144 2617 comedit3
1161 2579 1238 2619 quia
1253 2578 1401 2618 quamvis
1415 2578 1547 2609 intentio
1562 2587 1621 2610 sua
1636 2588 1701 2611 non
1715 2589 1766 2611 co·

992 2632 1127 2671 puletur‚
1158 2640 1215 2662 nec
1244 2632 1380 2670 attingat
1404 2640 1468 2663 rem
1494 2633 1683 2664 sacramenti
1710 2643 1766 2673 per
