2017 2948
88 914 166 940 opinio
176 916 196 934 Ι.

89 1154 185 1180 improb.

209 150 266 179 408

208 214 276 245 lum
297 213 494 254 baptismalis
516 214 723 245 confirmetur
747 214 816 245 sine
841 214 978 253 aliquus

209 267 402 308 appositione
428 277 435 298 ε
458 269 489 298 et
510 268 568 298 hoc
591 267 719 307 quidem
741 269 787 298 est
809 276 975 307 quaerere,

210 324 318 351 utrum
344 320 378 351 in
403 320 640 351 confirmatione
665 321 844 351 conteratur
870 320 978 360 aliqua

209 374 335 413 gratia:
351 374 376 404 si
392 374 477 404 enim
496 374 668 411 confertur,
694 382 766 404 cum
785 382 849 404 non
872 373 978 404 conse-

209 427 298 455 ratur
326 425 412 465 quod
438 424 587 455 collatum
612 426 679 462 est,
709 426 793 464 patet
813 424 898 464 quod
919 424 977 455 ista

209 478 342 518 quaestio
355 487 395 509 ex
413 477 600 518 praecedenti
613 477 787 517 quaestione
799 476 905 508 soluta
917 479 975 516 est,

209 531 284 572 quia
306 531 349 562 ibi
371 531 464 562 datur
487 530 590 569 gratia
609 554 617 568 ,
643 532 678 561 ut
702 530 776 561 dicit
806 530 953 561 Rabanus
967 555 974 568 ,

210 584 306 624 Hugo
320 585 340 622 ¹,
354 587 383 614 et
401 583 560 623 Magister,
578 592 650 613 cum
664 583 773 614 dicunt
785 583 828 614 ibi
839 583 977 622 gratiam

208 647 247 668 au
252 637 321 677 geri
335 661 342 674 ,
358 646 394 667 ac
405 645 461 676 per
475 637 535 667 hoc
547 638 578 667 et
592 645 709 667 novam
721 636 866 667 conferri.
884 636 978 673 Quid—

207 689 284 729 quid
303 688 389 719 enim
410 687 581 718 voluerunt
607 687 707 727 aliqui
735 687 859 725 dicere,
884 687 977 718 credo

208 741 286 772 illud
301 750 425 772 verum.
449 740 505 772 Vel
521 742 622 780 potest
642 741 762 781 quaeri,
784 743 894 771 utrum
914 741 978 771 sint

208 794 328 825 eaedem
341 818 349 831 ,
365 794 415 825 vel
439 794 547 825 eadem
560 818 567 831 ,
590 796 657 825 esto
681 794 766 834 quod
791 795 823 824 in
842 796 978 834 utroque

209 847 300 878 detur
316 847 436 887 gratia,
448 848 492 878 ita
506 847 590 887 quod
605 857 645 878 ex
659 847 709 878 his
724 857 789 878 una
803 848 908 887 gratia
923 857 979 887 per

210 904 376 934 essentiam
392 903 466 941 fiat,
482 903 561 933 sicut
577 903 612 933 sit
627 903 664 933 de
675 912 711 933 eo
726 903 809 942 quod
823 905 932 942 anget,
949 905 980 933 et

210 956 248 987 de
263 965 300 987 eo
323 956 407 996 qnod
424 958 580 994 augetur;
599 959 629 986 et
653 956 703 986 liic
719 959 793 986 sunt
809 959 872 986 tres
895 956 978 996 posi-

210 1011 321 1041 tiones.
347 1010 479 1048 Quidam
504 1011 589 1041 enim
616 1010 724 1041 dicunt
738 1034 747 1048 ,
773 1011 856 1050 quod
888 1011 977 1041 diffc-

211 1066 286 1095 runt
309 1063 530 1100 essentialiter,
557 1064 639 1094 sicut
661 1064 792 1094 virtutes
816 1067 843 1094 et
872 1064 953 1095 dona
970 1089 977 1102 ,

211 1116 286 1156 quia
300 1116 332 1146 in
348 1116 503 1156 baptismo
518 1116 612 1147 datur
625 1117 740 1155 gratia,
757 1126 829 1157 quae
845 1118 980 1147 influens

211 1171 244 1201 in
261 1170 416 1210 potentias
430 1170 503 1200 facit
518 1171 669 1208 virtutes;
687 1171 720 1200 in
742 1171 980 1201 confirmatione

211 1232 286 1253 vero
302 1223 394 1253 datur
409 1224 521 1262 gratia,
543 1233 615 1263 quae
631 1224 766 1254 influens
782 1224 812 1254 in
827 1225 980 1263 potentias

212 1277 283 1307 facit
296 1277 398 1314 dona;
432 1277 465 1307 in
491 1278 601 1307 ordine
629 1278 756 1307 demum
784 1278 887 1317 gratia
918 1279 955 1318 (a)
971 1302 978 1316 ‚

211 1338 283 1370 quae
302 1330 375 1360 facit
399 1330 619 1361 beatitudines
647 1330 710 1361 Etsi
727 1331 859 1370 pulchra
876 1332 981 1362 videa-

211 1386 263 1414 tur
275 1383 343 1414 haec
356 1383 480 1423 positio,
497 1386 604 1414 tamen
618 1384 782 1414 veritatem
796 1394 858 1414 non
874 1384 979 1423 habet,

211 1437 285 1476 quia
298 1436 330 1466 in
346 1437 519 1467 virtutibus
530 1439 560 1467 et
575 1437 665 1467 donis
680 1438 768 1477 pouit
784 1438 921 1477 gratiam
935 1448 981 1469 es-

210 1489 382 1519 sentialiter
410 1489 547 1520 differre.
577 1489 696 1520 Rursus
714 1515 721 1528 ,
751 1492 979 1522 connexionem

176 1580 186 1591 „,
210 1541 339 1573 illorum
353 1542 495 1573 dissolvit
511 1554 517 1573 :
541 1543 573 1573 in
589 1544 792 1574 sacramentis
814 1545 899 1574 enim
916 1554 980 1575 non

176 1593 194 1598 ”“
210 1597 257 1626 est
271 1596 425 1626 connexio
436 1620 445 1633 ,
464 1598 500 1626 ut
514 1596 548 1626 in
562 1596 733 1627 virtutihus
748 1600 777 1627 et
794 1598 895 1628 doniS.
912 1598 982 1629 Alia

211 1648 323 1688 positio
338 1651 394 1687 est,
413 1649 495 1689 quod
511 1650 615 1689 gratia
630 1650 708 1687 haec,
726 1653 756 1681 et
771 1651 979 1691 baptismalis,

211 1701 268 1732 etsi
283 1701 345 1732 sint
355 1704 484 1741 gratum
495 1703 642 1733 facientes
650 1727 657 1739 ,
673 1703 825 1734 differunt
835 1707 940 1735 tamen
950 1705 981 1735 in

211 1755 363 1793 essentia,
379 1755 460 1786 sicut
475 1756 596 1794 morbi,
615 1758 723 1787 contra
738 1766 817 1796 quos
831 1757 980 1788 ordinan-

212 1811 276 1839 tur.
292 1808 330 1839 Et
344 1809 588 1848 distinguuntur
612 1809 646 1839 in
669 1811 826 1849 subjecte,
847 1812 923 1850 quia
949 1811 982 1842 in

212 1861 345 1892 diversis
359 1861 500 1901 partibus
516 1862 631 1892 animae
643 1863 880 1902 potentialibus:
898 1866 931 1894 ut
943 1864 982 1894 si-

212 1915 265 1944 cut
279 1916 383 1953 partes
402 1914 539 1952 animae,
557 1917 661 1954 partes
677 1916 829 1955 corp01·is;
847 1916 891 1946 sic
906 1926 982 1956 par-

214 1970 258 1998 tes
280 1967 412 2006 gratiae,
439 1969 543 2007 partes
559 1968 692 2006 ammte,
719 1969 787 1999 sive
810 1971 980 2008 potentias.

213 2020 387 2060 perficiant.
405 2020 492 2051 Unde
506 2021 614 2052 dicunt
637 2022 722 2061 quod
742 2022 887 2053 distincte
911 2033 982 2054 ma-

212 2075 287 2103 nent
302 2073 335 2103 in
353 2073 478 2111 anima,
502 2083 559 2104 nec
582 2083 647 2104 una
670 2078 767 2114 auget
789 2076 903 2114 aliam,
925 2086 982 2108 nec

190 2121 195 2127 “
212 2127 378 2157 coufirmat
387 2127 446 2157 nisi
458 2136 514 2166 per
524 2127 666 2158 accidens
675 2152 684 2165 ,
699 2128 815 2159 scilicet
827 2129 902 2169 quia
912 2139 982 2160 con-

211 2181 318 2211 firmat
333 2180 517 2218 bominem.
537 2180 642 2211 Teitio
662 2181 756 2211 modo
781 2184 882 2221 potest
904 2183 979 2222 dici,

212 2234 297 2275 quod
320 2233 424 2273 gratia
448 2236 577 2273 gratum
602 2234 717 2264 faciens
749 2235 780 2265 in
806 2236 913 2267 anima
936 2240 982 2269 est

214 2297 287 2326 una,
296 2287 372 2328 quia
382 2296 447 2318 una
456 2288 502 2317 est
512 2287 619 2317 anima
631 2296 703 2327 quae
719 2289 918 2327 gratificatur
930 2290 980 2331 (b),

212 2343 243 2372 et
254 2349 367 2371 rursus
382 2341 447 2370 tota
467 2340 570 2378 gratia
585 2340 705 2370 tollitur
724 2341 818 2373 unico
843 2346 979 2382 peceato.

213 2393 343 2433 Propter
354 2393 415 2424 hoc
429 2393 597 2423 dicendum
613 2393 714 2430 aliter,
731 2394 811 2424 sicut
827 2395 860 2425 in
875 2397 981 2427 virtu-

212 2447 296 2478 tibus
311 2446 460 2486 gratuitis
470 2470 480 2484 ‚
496 2445 582 2486 quod
597 2448 642 2477 est
666 2446 708 2476 ibi
725 2447 830 2485 gralia
844 2451 873 2478 et
889 2449 979 2480 habi-

213 2502 264 2530 tus
288 2499 481 2537 substratus,
502 2501 532 2529 et
548 2499 652 2538 gratia
672 2508 736 2530 una
759 2500 793 2530 in
812 2502 979 2541 omnibus,

213 2551 267 2582 sed
282 2552 408 2582 habitus
428 2552 578 2582 substrati
592 2552 660 2589 alii,
678 2554 709 2583 et
723 2553 787 2583 alii.
816 2552 867 2584 Sic
882 2554 915 2585 in
930 2564 979 2585 sa-

247 2615 250 2626 ¹
266 2613 342 2643 Hug„
357 2613 400 2637 lib.
419 2614 448 2644 ll,
464 2620 488 2643 p.
501 2614 642 2642 vn,e.1v.

763 130 1072 179 SENTENTIARUM
1093 145 1168 177 Lm.
1192 146 1243 177 iv.

1035 212 1217 243 eramentali
1239 213 1334 244 etiam
1353 213 1473 251 gratia,
1491 214 1521 243 et
1535 215 1582 243 est
1599 214 1703 252 gratia
1724 223 1802 254 gra-

1034 268 1102 296 tum
1117 265 1250 303 faciens,
1266 268 1296 296 et
1309 265 1439 296 effectus
1451 265 1594 304 specialis
1605 289 1612 303 ‚
1630 275 1726 306 quem
1742 267 1801 298 ha-

1034 319 1086 350 bet
1100 319 1216 350 virtute
1229 319 1428 350 sacramenti,
1446 318 1483 349 Et
1498 319 1532 349 in
1551 322 1708 359 quantum
1726 329 1801 359 gra-

1034 374 1102 403 tum
1116 373 1232 403 faciens
1242 397 1250 411 ,
1268 381 1333 403 una
1348 374 1410 408 est,
1425 372 1479 402 sed
1495 372 1616 402 ratione
1631 373 1803 405 effectuum

1033 425 1300 465 distinguuntur:
1316 427 1347 456 et
1360 425 1435 465 quia
1450 428 1685 456 sacramentum
1697 427 1805 466 signat

1034 478 1187 517 gratiam,
1203 478 1288 509 utin
1302 477 1355 508 tali
1371 477 1500 515 essectu;
1516 477 1585 508 ideo
1598 478 1693 518 'signa
1706 481 1736 510 et
1749 488 1803 510 sa-

1034 534 1194 563 cramenta
1220 533 1295 562 sunt
1322 531 1456 562 diversa.
1486 531 1728 563 eoncedendum
1758 535 1806 564 est

1034 595 1129 626 ergo,
1146 585 1231 626 quod
1251 585 1364 624 gratiae
1380 584 1559 624 baptismali
1582 585 1806 625 superadditur

1035 639 1140 678 gratia
1154 638 1419 675 confirmationis,
1444 647 1517 678 quae
1533 637 1625 668 habet
1641 637 1740 668 alium
1757 639 1806 669 et*-

1034 691 1161 729 fectum,
1179 691 1294 722 scilicet
1307 690 1498 722 ablationem
1513 691 1780 731 pusillanimitatis
1794 703 1801 723 2

1034 747 1065 775 et
1079 745 1138 775 hoc
1154 744 1287 784 probant
1301 747 1364 775 tres
1388 744 1500 783 primae
1515 745 1664 776 rationes.
1683 745 1804 778 Conce-

1034 798 1173 829 dendum
1185 800 1232 828 est
1247 798 1341 828 etiam
1354 822 1361 835 ,
1379 797 1463 837 quod
1478 798 1556 828 cedit
1572 798 1605 829 in
1620 807 1718 829 unam
1730 824 1738 837 ‚
1757 800 1804 830 si-

1035 855 1087 882 cut
1100 852 1233 892 probant
1241 854 1303 882 tres
1313 854 1479 892 sequentes
1490 852 1625 884 rationes
1639 863 1645 882 ι
1657 854 1806 893 quamvis

1035 906 1119 936 enim
1136 906 1239 945 gratia
1254 915 1309 946 per
1324 905 1492 936 essentiam
1503 905 1542 936 sit
1552 906 1661 937 eadem
1672 931 1680 944 ,
1697 909 1804 938 tamen

1035 960 1180 997 effectus,
1206 960 1245 990 ad
1266 968 1362 999 quem
1385 959 1560 997 ordinatur,
1583 961 1629 989 est
1652 959 1749 998 alius,
1776 963 1806 991 et

1035 1013 1116 1044 alius
1133 1024 1140 1044 :
1157 1015 1188 1044 ct
1202 1013 1271 1044 ideo
1287 1022 1349 1043 non
1364 1014 1408 1042 cst
1428 1013 1642 1052 repugnantia
1657 1013 1738 1044 inter
1753 1023 1805 1044 ra-

1036 1067 1135 1097 tiones
1154 1066 1233 1096 illas.
1258 1065 1362 1096 Gratia
1385 1065 1469 1095 onim
1495 1065 1526 1095 in
1551 1066 1658 1096 anima
1675 1076 1739 1097 una
1760 1071 1807 1099 est

1035 1120 1315 1158 gmtu1ni²aciens,
1338 1119 1391 1148 scal
1416 1118 1545 1149 effectus
1568 1122 1641 1150 sunt
1667 1120 1757 1151 multi
1776 1124 1807 1152 et

1036 1173 1114 1203 varii
1129 1183 1135 1203 :
1152 1176 1178 1203 el
1195 1173 1343 1212 quoniam
1359 1173 1452 1210 signa
1467 1173 1706 1204 sacramentalia
1720 1174 1807 1205 ordi-

1036 1231 1153 1258 nantur
1168 1228 1205 1258 ml
1222 1228 1359 1266 gratiam
1376 1227 1551 1257 secundum
1567 1227 1698 1258 effectus
1713 1237 1806 1260 cura-

1036 1281 1146 1318 tionis3
1160 1281 1230 1311 ideo
1240 1283 1313 1310 sunt
1328 1280 1416 1310 varia
1430 1280 1532 1319 signa,
1548 1283 1577 1310 et
1593 1284 1807 1312 sacramenta:

1036 1337 1066 1364 et
1089 1344 1152 1364 nou
1174 1334 1276 1364 solum
1300 1334 1393 1371 signa
1414 1333 1571 1364 exteriora
1594 1336 1624 1364 et
1647 1334 1805 1374 visibilia,

1036 1388 1089 1418 sed
1104 1388 1197 1418 etiam
1219 1387 1389 1425 interiora,
1416 1390 1528 1426 utputa
1550 1390 1624 1418 sunt
1645 1388 1808 1419 characte—

1037 1450 1100 1478 res,
1118 1441 1171 1480 qui
1186 1442 1260 1471 sunt
1274 1440 1370 1479 signa
1384 1440 1573 1470 distinctiva.

1078 1497 1105 1523 1.
1131 1494 1178 1524 Ad
1202 1493 1279 1524 illud
1302 1496 1407 1524 tamen
1430 1494 1514 1533 quod
1537 1494 1698 1533 objicitur,
1723 1495 1807 1534 quod

1037 1556 1100 1577 non
1116 1549 1187 1577 sunt
1208 1547 1272 1577 duo
1291 1547 1462 1577 accidentia
1481 1546 1625 1585 ejusdem
1645 1547 1758 1587 speciei
1774 1547 1808 1578 in

1036 1600 1145 1630 codem
1161 1600 1303 1639 subjecto
1316 1623 1323 1636 ‚
1347 1599 1407 1629 dici
1430 1601 1532 1639 potest
1548 1600 1632 1639 quod
1651 1600 1683 1630 in
1703 1609 1805 1640 quan-

1036 1656 1104 1683 tum
1120 1655 1195 1683 sunt
1211 1652 1468 1690 sacramentalia,
1492 1661 1556 1683 non
1571 1655 1646 1683 sunt
1662 1653 1806 1692 ejusdem

1037 1706 1149 1746 speciei
1163 1730 1170 1743 ,
1191 1705 1244 1736 sed
1259 1706 1404 1736 diversae.

1076 1762 1105 1790 2.
1130 1759 1177 1789 Ad
1202 1758 1280 1789 illud
1303 1758 1387 1798 quod
1408 1758 1568 1798 ohJicitur,
1593 1759 1679 1798 quod
1695 1759 1806 1790 eadem

1037 1815 1083 1843 est
1092 1812 1194 1842 virtus
1203 1811 1315 1842 debilis
1325 1814 1356 1841 et
1368 1811 1525 1849 roborata,
1541 1811 1710 1842 dicendum
1721 1811 1806 1852 quod

1036 1874 1099 1896 non
1115 1865 1217 1895 solum
1231 1864 1381 1895 differunt
1395 1873 1451 1903 per
1462 1863 1564 1894 debile
1579 1866 1610 1894 et
1623 1864 1808 1896 roboratum

1038 1918 1142 1957 gratia
1163 1917 1378 1957 baptismatis,
1403 1920 1434 1948 et
1456 1917 1726 1955 confirmationis,
1753 1917 1808 1949 sed

1036 1971 1132 2002 etiam
1155 1980 1211 2010 per
1233 1971 1380 2001 morbum
1403 1972 1513 2000 contra
1536 1979 1632 2010 quem
1658 1972 1751 2008 sunt,
1777 1972 1808 2000 et

1037 2033 1133 2063 quem
1147 2026 1270 2054 curant.

1076 2079 1105 2107 3.
1132 2077 1180 2107 Ad
1196 2076 1274 2107 illud
1288 2076 1373 2116 quod
1388 2076 1537 2115 objicitur
1550 2075 1588 2106 de
1603 2075 1706 2114 gratia
1720 2083 1807 2116 prae-

1038 2130 1181 2161 veniente
1195 2153 1202 2167 ,
1225 2132 1256 2159 et
1277 2129 1509 2169 subsequente,
1533 2128 1701 2159 dicendum
1722 2129 1807 2168 quod

1037 2192 1101 2214 non
1119 2185 1165 2213 est
1185 2182 1305 2220 simile,
1331 2182 1405 2221 quia
1428 2181 1466 2211 ad
1487 2181 1636 2212 eumdem
1658 2181 1807 2212 effectum

1037 2235 1200 2267 ordinatur
1216 2234 1321 2274 gratia
1334 2234 1532 2274 praeveniens
1546 2235 1577 2264 et
1592 2234 1805 2275 subsequens,

1036 2298 1101 2320 non
1114 2288 1159 2319 sic
1173 2288 1278 2327 gratia
1292 2289 1566 2318 sacramentorum
1582 2287 1718 2318 istorum
1732 2298 1740 2318 ι
1757 2288 1807 2318 ni-

1036 2341 1210 2373 hilominus
1231 2342 1338 2371 tamen
1357 2340 1513 2378 concedo,
1536 2340 1622 2380 quod
1637 2340 1690 2371 illa
1703 2340 1807 2380 gratia

1038 2396 1167 2434 gratum
1180 2393 1306 2431 faciens,
1325 2393 1500 2424 secundum
1512 2393 1597 2433 quod
1609 2393 1806 2433 hujusmodi,

1037 2447 1116 2478 cedit
1130 2447 1164 2477 in
1177 2455 1280 2477 unum
1295 2455 1370 2476 cum
1386 2446 1491 2485 gratia
1505 2445 1684 2486 baptismali
1694 2468 1704 2484 ‚
1722 2448 1754 2477 et
1766 2445 1807 2476 il-

1036 2500 1100 2530 lam
1113 2501 1209 2538 augel
1222 2508 1229 2529 :
1247 2499 1316 2530 ideo
1329 2498 1433 2539 prima
1444 2499 1524 2529 ratio
1535 2507 1599 2529 non
1611 2498 1706 2535 valet,
1720 2499 1806 2539 quod

1068 2587 1100 2609 (a)
1123 2582 1182 2603 (αἱ.
1205 2579 1263 2603 edzl.
1285 2586 1331 2603 non
1351 2580 1398 2610 leq.
1416 2580 1518 2604 demum
1537 2578 1625 2609 gratia.
1643 2591 1670 2596 —
1691 2578 1726 2609 (b)
1744 2579 1806 2604 Coet.

1036 2616 1095 2639 edit.
1110 2615 1167 2639 add.
1184 2616 1209 2639 et
1223 2614 1275 2638 uni.
