2017 2948
39 1202 142 1223 Fundam.

37 1887 69 1907 Ad
89 1894 140 1914 opp.

568 163 664 195 DlST.
687 163 738 194 VI.
763 163 878 194 PART.
904 164 928 194 ll

161 233 288 272 propter
302 240 351 270 se,
374 232 424 263 vel
444 233 572 271 propter
593 230 689 261 aliud.
706 230 754 261 Ad
768 230 829 261 1100
845 230 930 262 0111111

160 285 245 324 quod
256 285 327 324 quis
339 285 525 324 baptizetur,
538 286 672 324 oportet,
687 283 713 314 si
729 286 775 314 est
790 284 928 320 adultus,

161 338 246 377 quod
264 337 406 368 intendat
426 337 510 377 quod
528 338 582 367 fiat
603 337 637 367 in
658 346 706 374 se,
723 337 772 366 vel
788 337 870 367 circa
885 347 929 375 se,

161 390 245 430 quod
264 391 336 421 facit
354 390 508 421 Ecclesia:
532 390 675 420 similiter
694 389 835 419 intendat
851 390 928 429 bap-

160 443 258 473 tizans
274 443 386 473 facere.
403 442 493 473 Actui
518 444 625 473 autem
643 442 805 479 exteriori,
830 445 865 472 ut
885 445 931 473 est

160 495 317 534 Ecelesiae,
329 497 459 535 junctus
474 497 521 525 est
539 495 700 525 character
716 494 868 525 interlor:
884 495 930 525 510

161 549 258 587 enim,
272 550 303 579 et
316 557 380 579 non
395 548 497 585 aliter,
512 549 558 578 est
576 548 664 578 actus
681 547 927 578 sacramentaliS.

380 667 620 701 ARTICULUS
649 667 705 699 III.

200 762 443 802 Consequenter,
461 762 551 793 tertio
571 762 637 793 1000
655 762 810 802 quaeritur
823 761 861 793 de
878 771 927 792 sa-

159 815 418 853 cramentalihus3
431 817 461 846 et
471 816 553 846 circa
565 816 626 847 hoc
636 818 829 856 quaeruntur
842 815 906 846 duo
919 825 926 845 ι

159 870 262 909 primo
277 869 432 909 quaeritur
446 868 485 899 de
503 869 707 906 catechism0;
725 868 874 906 secundo,
891 868 929 899 de

159 922 346 953 exorcismo.

421 1011 581 1049 QUAESTli
592 1016 597 1037 i
621 1011 645 1042 I.

195 1101 240 1128 An
255 1101 367 1135 parvuli
386 1101 547 1135 baptizandi
566 1100 675 1126 debeant
695 1100 856 1126 catechizari
874 1104 890 1125 ¹.

199 1189 276 1220 Cum
292 1189 501 1220 catechismus
516 1189 640 1220 dicatur
650 1188 828 1226 instructio,
843 1197 924 1228 quae-

157 1242 238 1273 ritur
258 1251 336 1281 ergo
356 1245 466 1273 utrum
485 1242 610 1282 parvuli
630 1241 764 1272 debeant
788 1241 928 1271 catechi-

157 1295 232 1326 zari.
248 1295 287 1326 Et
308 1295 393 1335 quod
412 1296 470 1333 sic,
494 1295 632 1332 videtur,
654 1294 728 1334 quia
748 1294 804 1324 ubi
825 1303 927 1324 unum

156 1350 280 1379 tantum
295 1350 529 1379 sacramentum
546 1340 610 1385 est,
629 1350 658 1378 et
672 1356 757 1378 unus
774 1347 855 1377 ritus
871 1347 928 1378 de-

156 1403 208 1433 het
237 1402 398 1433 obser-vari
412 1411 420 1432 :
446 1401 499 1432 sed
527 1401 639 1440 magni
669 1400 924 1431 catechizantur:

155 1463 235 1493 ergo
250 1457 280 1484 et
295 1454 432 1494 parvuli.

195 1507 272 1538 Item
293 1508 393 1538 forma
411 1516 429 1538 a
449 1507 512 1538 Deo
532 1507 646 1538 tradita
664 1509 710 1538 est
732 1507 928 1538 observanda

157 1561 348 1600 generaliter
365 1571 371 1591 z
388 1560 441 1591 sed
455 1561 610 1600 baptismo
626 1560 792 1599 praemittit
808 1560 926 1591 doctri-

154 1623 243 1651 nam,
266 1623 341 1644 cum
366 1614 440 1645 dicit
454 1616 465 1632 ²
486 1625 491 1644 :
513 1614 571 1651 Ite,
595 1613 699 1646 docete
721 1622 826 1645 omnes
847 1622 926 1653 qen-

154 1670 218 1705 tes,
235 1668 293 1697 etc.

194 1720 271 1751 Item
286 1720 325 1751 ad
338 1720 398 1751 1100
417 1720 491 1750 facit
507 1729 576 1751 mos
596 1722 626 1751 et
642 1721 839 1752 consuetudo
853 1721 926 1751 uni-

153 1774 283 1805 versalis
299 1773 455 1810 Ecclesiae,
475 1782 548 1813 quae
569 1783 643 1804 cum
661 1774 752 1804 faciat
772 1776 855 1804 recte
874 1784 924 1804 ca-

155 1827 336 1858 techizando
350 1835 475 1866 pueros,
492 1827 628 1864 videtur,
644 1829 701 1857 etc.

197 1879 256 1911 Sed
271 1881 393 1910 contra:
411 1882 439 1910 1.
455 1878 596 1910 Stultum
611 1882 658 1909 est
671 1880 830 1910 instruere
838 1889 924 1918 eum,

156 1932 211 1972 qni
230 1941 293 1962 non
309 1934 356 1963 est
370 1941 469 1972 capax
481 1932 632 1963 doctrinae
645 1943 651 1963 :
669 1941 749 1971 ergo
764 1933 926 1972 baptizans

155 1985 248 2016 stulte
260 1985 340 2024 agit,
358 1994 431 2016 cum
445 1985 614 2016 catechizat
629 1985 812 2025 parvulum.

195 2041 224 2069 2.
242 2038 321 2069 Item
335 2038 461 2069 videtur
476 2038 561 2078 quod
574 2038 753 2069 assistentes
768 2039 843 2069 false
858 2047 926 2069 res-

155 2091 322 2131 pondeant.
339 2091 403 2122 Ant
420 2091 505 2122 enim
523 2091 712 2131 respondent
736 2092 769 2122 in
791 2101 926 2132 persona

156 2144 291 2183 parvuli,
307 2146 362 2175 aut
376 2144 409 2174 in
423 2153 557 2184 persona
569 2153 627 2175 sua
640 2155 646 2175 :
662 2144 694 2174 in
709 2154 843 2184 persona
855 2155 922 2183 sua,

155 2205 236 2234 non,
253 2196 328 2236 quia
346 2197 488 2228 sacerdos
509 2197 623 2237 quaerit
637 2207 655 2227 a
670 2197 824 2237 parvulo;
846 2198 872 2228 si
892 2198 925 2229 in

155 2258 289 2289 persona
307 2249 448 2289 parvuli,
469 2259 549 2289 ergo
570 2250 686 2281 salsum
708 2251 832 2289 dicunt,
851 2260 924 2283 cum

155 2303 263 2333 dicunt
279 2313 285 2332 :
306 2302 416 2334 Credo.

195 2358 224 2386 3.
241 2355 318 2386 Item
334 2364 455 2396 queem,
474 2358 583 2386 utrum
599 2356 632 2386 in
654 2356 705 2386 illa
720 2357 924 2396 responsione

153 2409 335 2448 obligentur
360 2408 491 2448 patrini;
522 2411 553 2439 et
576 2408 661 2448 quod
689 2409 750 2447 sic,
779 2410 906 2441 videtur
913 2422 920 2448 ;

154 2462 229 2501 quia
249 2462 292 2492 ait
315 2461 517 2501 Augustinus
539 2461 571 2491 in
591 2462 730 2501 quodam
755 2472 921 2494 sermone:

187 2524 243 2553 ¹Cf.
260 2524 331 2548 Alex.
347 2525 441 2554 Ateus„
456 2532 480 2555 p,
499 2526 540 2554 iv,
558 2532 582 2555 q.
602 2531 658 2555 vni,
675 2527 783 2549 membr.
800 2530 823 2554 η,
837 2529 882 2550 art.
899 2529 922 2556 23

154 2559 179 2583 S.
192 2559 293 2589 Thom..
305 2567 330 2590 p.
345 2561 388 2589 lit,
403 2568 426 2591 q.
443 2566 512 2587 Lxxi,
528 2562 574 2584 art
589 2563 619 2590 ἐς
637 2563 660 2584 et
676 2562 705 2585 lt·
722 2562 799 2591 scut„
812 2562 869 2585 dist.
887 2568 922 2592 vi,

154 2596 199 2617 art.
214 2597 238 2623 2,
255 2602 280 2626 q.
296 2601 328 2625 113
345 2596 517 2626 Richa1·il.,iv
535 2597 612 2624 Sene..
628 2596 684 2620 dist.
700 2603 735 2626 vi,
754 2599 799 2620 art.
814 2604 838 2623 v,
855 2604 880 2628 q.
896 2604 921 2627 13

154 2630 240 2660 Steph.
264 2632 366 2660 Brules„
389 2632 420 2656 iv
439 2632 518 2662 Sem„
540 2632 597 2655 dist.
618 2638 653 2662 vi,
674 2639 698 2663 q.
719 2639 760 2662 xi;
782 2633 869 2656 Petrus
890 2633 921 2656 de

934 188 941 195 .
966 164 1056 195 ART.
1082 164 1134 195 111.
1158 164 1308 202 QUAEST.
1334 165 1356 196 Ι.

1702 170 1759 198 395

992 242 1006 260 ει
1020 231 1098 262 Volo
1117 232 1202 271 quod
1224 241 1335 262 omnes
1356 233 1571 272 cognoscatis,
1593 236 1659 265 tam
1676 234 1755 273 viri,

987 293 1082 324 quam
1102 285 1266 322 mulieres,
1289 294 1345 316 vos
1367 286 1526 325 parvulis,
1548 297 1628 326 quos
1651 296 1756 318 susce-

987 337 1090 376 pistis,
1109 338 1310 377 fidejussores
1338 339 1420 378 apud
1444 338 1543 369 Deum
1570 340 1753 370 extitisse.»

987 390 1046 421 Sed
1068 393 1144 421 tunc
1163 391 1301 429 videtur,
1318 400 1391 422 cum
1411 401 1506 422 nemo
1527 392 1602 422 sciat
1621 392 1658 423 de
1678 393 1755 430 alio,

986 443 1088 483 qualis
1103 444 1142 474 sit
1155 444 1297 481 futuruS,
1318 444 1402 484 quod
1418 444 1511 475 stulte
1526 445 1704 485 promittat,
1727 448 1757 475 et

986 497 1019 527 in
1038 497 1208 527 discrimen
1223 506 1256 528 se
1269 499 1376 536 ponat.

1025 552 1054 580 4.
1072 549 1149 580 Item
1164 559 1273 589 quaero
1288 552 1397 581 utrum
1414 551 1540 590 parvuli
1556 551 1754 590 obligentur;

985 606 1015 633 et
1031 603 1117 642 quod
1131 603 1176 633 sic
1187 626 1194 639 ,
1212 603 1350 641 videtur,
1366 604 1442 643 quia
1463 603 1538 634 dicit
1552 603 1721 643 Dionysius
1732 606 1754 641 ⁸,

985 655 1069 695 quod
1084 664 1195 686 sensus
1211 656 1398 693 verborum,
1414 665 1487 696 quae
1502 657 1611 687 dicunt
1627 657 1753 697 patrini,

984 710 1031 739 est
1051 709 1134 748 quod
1155 709 1313 748 pueritie,
1329 718 1402 740 oum
1423 710 1456 739 in
1477 719 1605 740 sensum
1620 710 1753 747 venerit,

984 762 1104 793 tenebit
1126 771 1230 792 sacras
1255 762 1464 793 confessiones
1487 774 1493 793 ε
1525 762 1647 801 obligat
1674 772 1754 802 ergo

984 816 1166 855 parvulum.
1185 816 1217 846 Si
1233 817 1318 847 enim
1331 816 1467 855 obligari
1482 816 1619 856 potuerit
1633 825 1751 857 parvu-

983 867 1032 898 lus
1052 878 1106 908 per
1125 869 1265 899 carnales
1287 871 1433 908 parentes
1457 869 1494 899 ad
1514 869 1653 907 malum,
1673 878 1754 909 ergo

983 931 1039 961 per
1054 922 1233 961 spirituales
1248 922 1287 952 ad
1302 922 1423 952 bonum
1440 922 1542 952 multo
1557 922 1678 952 fortius.
1694 921 1754 953 Sed

984 977 1111 1005 contra:
1142 975 1175 1005 Si
1206 977 1351 1014 parentes
1376 975 1562 1014 promittant
1586 984 1643 1014 pro
1671 974 1752 1013 filio,

983 1028 1069 1068 quod
1084 1028 1168 1059 filius
1182 1028 1312 1058 intrabit
1324 1028 1525 1066 religionem,
1541 1027 1593 1058 ille
1605 1036 1669 1058 non
1679 1027 1755 1058 obli-

985 1084 1092 1121 gatur,
1109 1091 1167 1112 neo
1181 1083 1326 1112 tenetur:
1343 1090 1421 1120 crgo
1436 1081 1580 1111 similiter
1595 1080 1628 1111 in
1641 1089 1754 1121 propo-

984 1135 1056 1166 sito.

1025 1191 1052 1219 5.
1076 1188 1153 1219 Item
1177 1196 1302 1228 quaero,
1324 1188 1351 1218 si
1373 1187 1546 1226 obligatur,
1569 1189 1677 1217 utrum
1702 1187 1755 1217 illa

984 1241 1138 1280 obligatio
1149 1242 1188 1271 sit
1195 1243 1320 1278 votum,
1331 1243 1362 1271 et
1373 1241 1456 1280 quod
1467 1241 1520 1277 sic,
1532 1240 1669 1278 videtur,
1679 1240 1755 1279 quia

983 1297 1094 1326 votum
1111 1297 1155 1325 est
1172 1297 1343 1334 spontanea
1358 1294 1524 1333 promissio
1541 1293 1679 1324 melioris
1693 1293 1753 1324 bo-

984 1348 1028 1385 ni,
1039 1348 1262 1378 deliberatione
1273 1350 1302 1377 et
1317 1347 1513 1386 obligatione
1528 1348 1661 1377 firmata.
1677 1345 1755 1377 Con—

983 1403 1033 1431 tra
1046 1412 1052 1431 z
1070 1387 1250 1431 Secundum
1264 1401 1324 1431 1100
1338 1400 1455 1440 duplis-i
1471 1402 1595 1440 peccato
1610 1401 1754 1439 peccaret

983 1454 1177 1493 baptizatus,
1207 1454 1284 1493 qnia
1306 1455 1524 1493 transgressor
1555 1455 1602 1484 est
1628 1452 1693 1483 voti
1718 1461 1755 1483 ac

984 1508 1143 1547 praecepti.

1259 1577 1480 1608 CONCLUslo.

983 1660 1097 1686 Parvuli
1126 1660 1286 1694 baptizandi
1313 1659 1404 1686 debent
1429 1660 1605 1691 catechizari,
1631 1660 1756 1693 quoniam

1017 1711 1065 1738 per
1079 1705 1202 1738 patrinos
1220 1706 1333 1738 possunt
1350 1704 1476 1737 obliyarz',
1501 1704 1561 1729 licet
1581 1711 1633 1729 ἠοη
1650 1705 1755 1737 possint

1019 1749 1130 1778 instrui,
1144 1751 1166 1775 et
1179 1751 1208 1774 ut
1223 1749 1367 1781 uniformis
1383 1751 1502 1775 servetur
1517 1748 1643 1782 baptismi·
1657 1749 1736 1774 ritus.

1025 1828 1116 1867 Resp.
1128 1828 1168 1858 ad
1182 1837 1253 1867 arg.
1266 1828 1439 1858 Dicendum
1450 1828 1536 1867 quod
1546 1827 1756 1858 catechismus

984 1881 1015 1911 in
1031 1881 1145 1911 adultis
1160 1881 1310 1920 prfecedit
1324 1881 1518 1921 baptismum
1535 1882 1662 1920 propter
1677 1881 1756 1911 (luas

983 1942 1094 1964 causas
1112 1945 1117 1964 :
1143 1936 1178 1964 ut
1211 1934 1389 1973 baptizandi
1421 1934 1624 1964 instruantur
1656 1935 1694 1971 (a)
1718 1933 1756 1964 de

983 1988 1156 2024 credendis,
1169 1989 1199 2017 et
1215 1990 1249 2017 ut
1265 1996 1297 2017 se
1317 1987 1461 2025 obligent
1475 1987 1510 2025 (b)
1524 1987 1702 2021 voluntarie
1716 1987 1755 2017 ad

982 2042 1035 2072 Dei
1052 2041 1184 2080 imperia
1201 2041 1352 2077 facienda,
1363 2041 1438 2080 qnia
1451 2040 1484 2079 (0)
1503 2049 1567 2070 11011
1576 2041 1691 2076 coacte,
1702 2040 1755 2070 sed

981 2094 1160 2126 voluntarie
1185 2094 1237 2123 illa
1260 2094 1392 2133 implere
1414 2094 1528 2124 debent
1550 2093 1602 2132 (d).
1627 2092 1755 2123 Parvuli

982 2157 1057 2179 vero
1070 2147 1126 2177 etsi
1143 2156 1205 2177 non
1222 2148 1352 2186 possunt
1364 2146 1480 2184 doceri,
1499 2148 1631 2186 possunt
1648 2149 1753 2177 tamen

982 2210 1038 2241 per
1052 2201 1194 2241 patrinos
1209 2200 1357 2238 obligari.
1375 2199 1446 2229 Ideo
1455 2200 1489 2229 fit
1500 2199 1534 2229 in
1549 2200 1595 2230 eis
1604 2200 1755 2230 catechis-

982 2263 1063 2292 mus,
1077 2256 1107 2284 et
1119 2255 1246 2293 propter
1257 2253 1411 2283 rationem
1424 2252 1598 2291 obligandi,
1616 2254 1647 2282 et
1661 2261 1753 2292 prop-

981 2309 1028 2338 ter
1052 2307 1320 2343 uniformitatem,
1346 2307 1382 2336 ut
1416 2305 1620 2336 consimiliter
1643 2314 1754 2335 omnes

980 2360 1189 2400 baptizentur,
1206 2359 1287 2389 sicut
1301 2358 1498 2389 consimilem
1514 2358 1662 2388 effectum
1677 2357 1753 2388 reci-

981 2414 1084 2453 piunt.

1021 2470 1034 2497 1
1062 2469 1092 2497 01
1112 2469 1142 2497 Ξ.
1167 2467 1214 2497 Ad
1239 2466 1314 2496 illud
1340 2474 1419 2504 ergo
1440 2465 1523 2504 quod
1545 2464 1695 2503 objicitur
1715 2464 1753 2495 de

980 2523 1092 2552 Tamum,
1107 2523 1138 2546 iv
1155 2521 1463 2551 86711,,ἀ15ῑ.ν1,(111111;
1481 2533 1504 2537 -
1522 2520 1530 2533 ⁷
1542 2519 1642 2550 Mum„
1659 2525 1752 2549 xxvm,

982 2558 1176 2585 15.-·1)10n.,
1190 2558 1219 2581 (le
1236 2557 1326 2580 Eeclcs.
1343 2557 1416 2583 hier..
1435 2563 1457 2579 0.
1475 2562 1513 2585 111,
1530 2563 1553 2585 p.
1571 2558 1592 2578 3.

1013 2597 1046 2628 (a)
1057 2597 1073 2618 A
1080 2595 1289 2619 l.iuslrliierenii1i‘
1298 2597 1362 2618 01.-
1376 2593 1407 2623 (Ιι)
1418 2593 1602 2623 obligarent-
1613 2593 1647 2623 (c)
1658 2593 1752 2624 quasis.

979 2647 1008 2652 —
1025 2632 1059 2662 (d,
1075 2631 1201 2663 impleturi
1219 2631 1299 2654 erant.
