2017 2948
99 2065 187 2086 nixism.

213 150 272 179 150
745 146 1059 178 SENTENTIARUM
1080 147 1156 179 LlB.
1182 149 1233 180 ΙΙΙ.

211 217 300 254 sunt,
316 223 391 257 quae
406 215 453 246 est
467 214 476 231 ¹
491 224 498 245 :
518 212 614 254 Quod
628 212 688 246 tibi
701 225 768 246 non
788 213 835 247 vis
856 214 943 258 fieri,
961 215 1022 248 aliz*
1037 226 1103 248 non
1113 216 1241 259 feceris.
1260 217 1365 256 Quam
1381 219 1501 251 veritas
1515 218 1640 262 scripsit
1659 218 1694 251 in
1707 219 1802 252 corde

211 270 365 304 hominis.
382 270 422 303 Et
436 270 514 315 quia
529 282 595 304 non
609 271 780 314 legebatur
795 271 830 304 in
843 272 938 305 corde
953 298 961 313 ,
979 273 1108 305 iteravit
1123 273 1158 306 in
1178 274 1297 307 tabulis
1312 301 1319 316 ‚
1338 280 1373 308 ut
1391 287 1466 308 voce
1482 275 1659 309 forinsecus
1673 275 1803 309 admota

211 329 330 362 rediret
342 328 382 361 ad
396 339 451 361 cor
466 356 474 371 ,
492 333 524 362 et
549 329 595 362 ibi
611 329 774 362 inveniret
795 330 883 374 quod
904 335 998 362 extra
1015 330 1147 373 legeret.
1165 331 1255 364 Hanc
1271 344 1347 374 ergo
1363 333 1412 365 illi
1428 332 1635 377 praevaricari
1650 332 1804 366 videntur

210 387 245 420 in
272 386 331 420 illo
355 386 439 420 facto
451 412 460 428 ‚
477 387 550 420 aliis
577 387 730 420 facientes
749 387 837 432 quod
866 387 1021 420 nolebant
1049 388 1112 421 sibi
1142 389 1226 422 fieri.
1250 389 1312 423 Sed
1338 391 1383 423 ibi
1411 390 1727 434 subintelligendum
1744 396 1802 433 est,

209 443 334 488 injuste
349 456 359 477 :
375 448 412 477 ut
426 455 492 477 non
507 444 575 487 alii,
592 444 713 477 scilicet
726 444 846 489 injuste
859 471 867 486 ,
886 445 983 478 facias
999 446 1086 490 quod
1105 447 1163 479 tibi
1180 458 1245 479 non
1262 448 1310 480 vis
1326 448 1409 481 sieri.
1428 448 1585 492 Alioquin
1604 448 1704 492 hujus
1723 458 1805 493 prae-

211 501 372 536 varicator
387 501 567 546 estjudex,
587 501 667 534 dum
692 502 788 546 punit
812 514 905 535 reum
924 529 931 544 ‚
952 503 1067 536 nolens
1081 504 1206 548 aliquid
1225 506 1284 538 tale
1307 506 1368 538 sibi
1393 506 1477 539 fieri.
1494 506 1542 539 Ita
1565 506 1662 539 etiam
1676 510 1708 539 et
1720 505 1805 539 illud

210 559 341 593 Domini
361 560 500 593 verbum
513 565 524 581 ²
541 572 547 592 :
571 560 693 592 Omnia
716 571 926 604 quercumque
941 562 1039 594 vultis
1062 568 1098 594 ut
1115 563 1250 606 saciant
1271 564 1359 596 vobis
1373 564 1535 603 homines,
1561 567 1634 604 etc.,
1659 563 1698 596 de
1712 563 1806 597 bonis

211 617 435 662 accipiendum
446 621 504 658 est,
521 628 596 661 quae
611 617 704 650 nohis
718 618 857 651 invicem
873 618 1026 652 exhibere
1042 619 1210 653 debemus.
1227 621 1391 659 Quintum
1407 626 1603 665 praeceptum
1618 625 1665 654 est
1678 624 1688 639 ³
1705 633 1711 653 ι
1729 622 1805 655 Νοη

211 675 349 720 loqueris
364 680 478 707 contra
493 675 683 719 prozimum
700 681 794 708 tuum
812 676 942 720 falsum
959 677 1199 710 testimoniium.
1217 678 1281 710 Ubi
1297 679 1420 711 crimen
1437 678 1596 711 mendacii
1620 684 1651 711 et
1669 678 1806 723 perjurii

210 731 413 777 prohibetur.
437 732 526 765 Solet
549 737 658 766 autem
674 736 684 748 '‘
713 746 730 764 «
745 733 847 778 quoeri
872 738 985 767 utrum
1012 735 1216 779 prohibitum
1241 736 1282 768 sit
1305 747 1402 768 omne
1430 736 1647 768 mendacium.
1663 735 1805 775 Quidam

210 790 323 823 dicunt
337 790 420 823 illud
436 794 563 823 tantum
578 790 759 835 prohiberi,
775 792 864 836 quod
880 792 969 825 obest
983 818 991 833 ,
1010 797 1040 825 et
1057 804 1123 825 nou
1146 794 1275 837 prodest
1300 794 1329 826 ci
1344 793 1397 826 eui
1415 793 1535 826 dicitur
1549 806 1556 834 ;
1575 793 1639 826 tale
1655 793 1743 826 enim
1758 797 1805 826 est

211 848 566 893 adversusproaee'mum
579 875 587 890 ,
606 853 643 881 ut
659 849 730 882 ideo
746 849 895 883 videatur
908 851 969 883 hoc
985 850 1146 884 addidisse
1161 851 1343 895 Scriptura.
1362 851 1425 884 Sed
1445 851 1484 884 de
1503 851 1671 884 mendacio
1685 861 1805 895 magna

211 907 346 952 quaestio
361 911 419 948 est,
437 918 509 952 quae
523 918 580 940 nec
593 907 658 940 cito
673 908 828 952 explicari
843 912 959 953 potest.
976 922 992 939 »

398 1004 603 1037 EXPOSITIO
625 1004 790 1037 TEXTUS.

212 1099 261 1123 Sed
272 1098 326 1129 jam
338 1097 480 1122 distributio
496 1099 624 1129 Decalogu
638 1106 693 1130 quae
705 1099 731 1123 in
744 1099 843 1123 duobus
858 1099 983 1123 mandatis

365 1134 514 1165 compffltur,
529 1134 714 1159 consideranda
726 1137 774 1165 est,
787 1137 834 1159 etc.

253 1217 329 1248 Pars
347 1218 425 1256 ista,
448 1218 482 1248 in
508 1227 572 1258 qua
595 1218 745 1257 Magister
768 1219 837 1258 agit
855 1219 894 1249 de
919 1219 984 1249 vita

213 1271 337 1311 gratiae,
361 1280 458 1310 quam
475 1272 671 1311 suscepimus
686 1281 742 1311 per
758 1271 917 1302 Christum
930 1295 938 1309 ,
956 1273 986 1302 et

213 1325 245 1355 in
260 1333 324 1364 qua
339 1324 479 1355 vivimus
494 1324 671 1356 seeundum
687 1324 848 1355 Christum
860 1348 869 1362 ,
887 1324 986 1355 divisa

213 1380 272 1410 fuit
284 1380 317 1410 in
332 1382 437 1419 partes
449 1380 540 1417 duas,
565 1380 598 1410 in
613 1389 752 1419 quarum
769 1380 871 1419 prima
882 1380 985 1410 deter-

214 1434 313 1464 minat
334 1433 484 1473 Magister
509 1434 546 1464 de
572 1433 736 1464 habitibus
764 1433 926 1472 gratuitis,
954 1433 986 1462 in

213 1487 328 1526 quihus
343 1487 483 1517 consistit
499 1486 674 1526 spiritualis
681 1487 757 1517 vitae
772 1486 986 1523 complemen-

213 1542 282 1572 tum
292 1551 298 1577 ;
316 1540 349 1571 in
360 1540 497 1571 secunda
507 1548 583 1571 vero
598 1540 635 1570 de
647 1540 811 1579 praeceptis
821 1539 982 1578 Decalogi‚

216 1594 248 1624 in
274 1593 392 1633 quibus
415 1593 554 1624 consistit
576 1593 746 1633 spiritualis
767 1593 841 1623 vitae
864 1593 984 1624 exerci-

214 1646 308 1677 tium.
332 1646 438 1677 Prima
462 1648 550 1686 parte
565 1646 793 1683 determinata,
810 1646 861 1676 hic
876 1646 987 1685 incipit

214 1701 362 1732 secunda.
378 1699 534 1731 Dividitur
548 1702 655 1731 autem
670 1708 743 1740 pars
758 1699 817 1729 ista
836 1699 869 1729 in
883 1701 986 1738 partes

214 1754 294 1791 tres,
316 1753 349 1783 in
369 1762 506 1793 quarum
529 1753 634 1793 prima
656 1753 844 1783 determinat
866 1753 904 1783 de
926 1752 986 1783 dis-

214 1806 364 1837 tinctione
386 1809 617 1846 praeceptorum
639 1806 673 1836 in
697 1806 933 1845 comparatione
947 1805 986 1835 ad

214 1860 404 1900 scripturam
419 1860 620 1898 tabularum3
639 1860 672 1890 in
687 1859 825 1891 secunda
840 1868 917 1890 vero
936 1859 987 1889 de-

214 1913 363 1943 terminat
389 1913 427 1943 de
454 1914 565 1944 eadem
588 1916 732 1953 respectu
760 1912 986 1952 obliquitatum

215 1966 332 1997 eisdem
348 1967 562 2006 oppositarum
575 1991 583 2005 ‚
600 1967 656 1997 ubi
678 1966 744 2005 agit
765 1967 803 1997 de
823 1965 987 1996 mendacio

216 2021 247 2050 et
265 2019 405 2058 perjurio
417 2043 427 2057 ‚
443 2019 526 2049 infra
538 2020 547 2036 ⁵
565 2031 571 2050 :
589 2020 764 2051 Sciendum
782 2022 888 2050 tamen
909 2020 985 2057 tria,

217 2074 276 2103 etc.
293 2072 328 2103 In
350 2073 443 2103 tertia
456 2081 532 2104 vero
552 2073 620 2112 agit
640 2072 678 2103 de
692 2072 810 2103 eisdem
824 2072 988 2111 praeceptis

217 2126 429 2166 comparando
442 2125 560 2164 Legem
575 2125 613 2155 ad
626 2124 850 2164 Evangelium,
866 2124 946 2154 infra
958 2127 985 2155 ⁵:

218 2179 355 2212 Seoecum
381 2182 571 2218 praeceptum
595 2180 656 2214 esc,
679 2179 736 2208 etc.
764 2176 871 2208 Prima
892 2185 964 2216 pars
978 2201 986 2215 ‚

217 2241 289 2273 quae
308 2232 448 2263 continet
460 2233 650 2271 praesentem
664 2229 897 2260 distinctionem
913 2253 920 2266 ‚
938 2230 986 2260 di-

217 2285 338 2317 viditur
360 2285 394 2315 in
419 2286 523 2324 partes
541 2284 634 2320 duas,
652 2283 684 2313 in
706 2291 844 2322 quarum
866 2283 986 2322 prima,

218 2339 382 2379 praemisso
397 2346 531 2368 numero
546 2338 795 2377 praeceptorum⁷
813 2338 842 2366 et
856 2336 986 2366 distinc—

219 2393 304 2423 tione
316 2393 459 2432 respeetu
473 2390 666 2427 tabularum,
676 2389 844 2429 exequitur
861 2389 898 2420 de
909 2398 989 2429 prae-

220 2445 317 2485 ceptis
332 2445 444 2485 primae
468 2443 600 2480 tabulae;
630 2443 663 2473 in
682 2442 819 2472 secunda
847 2451 922 2472 vero
950 2442 988 2472 de

220 2497 383 2540 praeceptis
397 2496 542 2528 secundae
556 2495 673 2527 tabulae
683 2518 690 2532 ‚
706 2495 749 2524 ihi
767 2504 773 2525 z
792 2495 830 2525 ln
845 2494 987 2526 secunda

251 2578 255 2591 ¹
270 2577 370 2607 Mamur,
385 2584 435 2608 vu,
452 2580 487 2608 ¹23
503 2578 569 2606 Lar„
587 2583 629 2608 vi,
643 2578 682 2602 31.
693 2576 848 2605 -ssiuamh,
859 2577 987 2606 v11,i².).—

218 2612 228 2628 3
241 2613 329 2641 lixod„
348 2619 380 2636 xx
391 2632 398 2643 ‚
419 2615 460 2643 ως
478 2613 594 2644 Deut.‚v‚
609 2613 648 2636 20.
660 2624 689 2630 —
701 2612 711 2627 Β
723 2612 796 2641 Aug.³
811 2611 835 2634 in
853 2611 941 2639 lixo-12,
961 2619 985 2643 q.

1040 1015 1111 1038 vero
1143 1007 1251 1039 tabula
1278 1011 1395 1047 septem
1427 1010 1517 1039 erant
1544 1007 1701 1039 mandata
1715 1031 1724 1044 ‚
1752 1009 1810 1038 etc.

1040 1060 1147 1091 Prima
1180 1070 1251 1100 pars
1279 1061 1373 1092 babet
1404 1064 1466 1091 tres
1492 1063 1596 1100 partes
1607 1085 1615 1099 ,
1639 1061 1812 1092 secundum

1041 1115 1124 1154 quod
1141 1115 1199 1144 tria
1221 1116 1296 1144 sunt
1315 1114 1463 1144 mandata
1486 1114 1598 1153 prima:
1620 1114 1734 1144 tabulae
1752 1137 1759 1150 ‚
1776 1113 1814 1144 de

1041 1168 1158 1207 quihus
1172 1168 1340 1207 exequitur
1358 1177 1364 1197 :
1384 1168 1415 1197 in
1438 1168 1540 1207 prima
1555 1167 1621 1206 agit
1637 1167 1674 1197 de
1690 1166 1811 1207 primm

1044 1221 1076 1250 in
1090 1221 1224 1251 secunda
1240 1221 1278 1251 de
1294 1221 1443 1258 secundo,
1457 1221 1500 1250 ibi
1519 1232 1525 1251 ;
1545 1220 1812 1260 Seczmdumproe-

1042 1277 1163 1313 ceptum
1179 1277 1234 1311 est,
1252 1276 1309 1303 etc.
1323 1285 1330 1310 ;
1348 1274 1380 1303 in
1395 1274 1487 1303 tertia
1501 1274 1538 1304 de
1559 1273 1716 1311 tertio,ibi
1729 1283 1736 1303 z
1748 1273 1815 1304 Me-

1043 1330 1160 1364 mento,
1180 1330 1213 1358 ιιτ
1228 1326 1312 1358 diem
1327 1327 1450 1358 sabbati
1471 1326 1652 1365 sanctifices
1665 1350 1674 1365 ,
1687 1328 1746 1356 etc.
1763 1325 1816 1356 Se-

1044 1381 1146 1410 cunda
1164 1390 1239 1411 vero
1263 1390 1334 1420 pars
1358 1380 1511 1411 dividitur
1531 1380 1565 1410 in
1585 1380 1728 1420 quinque
1742 1389 1816 1420 par-

1044 1433 1285 1469 tes-,seeundum
1302 1433 1387 1473 quod
1402 1433 1545 1472 quinque
1559 1435 1635 1464 sunt
1651 1432 1813 1470 mandata,

1044 1486 1081 1516 de
1097 1487 1214 1525 quibus
1229 1487 1398 1526 exequitur
1412 1486 1564 1517 breviter.
1576 1485 1816 1517 Subdivisiones

1043 1542 1149 1570 autem
1165 1539 1293 1570 illarum
1309 1539 1450 1579 partium
1465 1539 1539 1569 satis
1555 1539 1728 1570 manifestae
1743 1540 1817 1569 sunt

1043 1592 1075 1622 in
1091 1592 1208 1623 littera.

1371 1674 1440 1695 ΗΠΒ.
1464 1673 1484 1694 Ι.

1044 1740 1140 1764 idolum
1157 1740 1185 1763 sit
1199 1739 1337 1770 quoduihil
1350 1740 1427 1763 habet
1442 1739 1523 1763 simile
1536 1739 1589 1770 sui;
1604 1739 1741 1764 similitudo
1755 1746 1816 1764 vero

1058 1776 1125 1806 quod
1141 1776 1216 1800 hahet
1229 1776 1341 1806 speciem
1352 1775 1457 1805 alicujus
1472 1775 1518 1806 rei,
1529 1777 1555 1799 ut
1568 1775 1639 1799 verbi
1650 1775 1738 1806 gratia,
1751 1777 1800 1800 ete.

1083 1857 1213 1888 Videtur
1226 1857 1284 1887 hoc
1302 1866 1368 1888 esse
1385 1857 1500 1887 falsum
1518 1881 1525 1894 ,
1542 1856 1618 1896 quia
1633 1856 1753 1887 idolum
1771 1859 1819 1886 est

1042 1911 1230 1941 fabricatum
1252 1910 1290 1940 ab
1311 1910 1431 1940 artifice
1449 1921 1456 1939 ι
1483 1910 1595 1940 artifex
1616 1911 1725 1940 autem
1752 1918 1818 1940 non

1043 1965 1184 2001 fabricat,
1198 1964 1258 1994 nisi
1268 1963 1444 1994 secundum
1462 1962 1702 1993 similitudinem
1718 1971 1816 2002 quam

1043 2017 1136 2047 habet
1155 2017 1186 2046 in
1202 2017 1308 2047 anima
1330 2027 1335 2046 :
1353 2016 1405 2046 sed
1420 2015 1500 2047 nihil
1520 2017 1567 2045 est
1582 2015 1615 2045 iu
1633 2015 1794 2046 intellectu
1806 2039 1814 2053 ,

1043 2069 1128 2108 quod
1139 2069 1226 2108 prius
1242 2078 1305 2099 non
1320 2069 1416 2099 fucrit
1431 2068 1464 2098 in
1482 2077 1576 2098 sensu
1593 2077 1601 2098 ε
1617 2067 1695 2097 nihil
1709 2070 1816 2098 autem

1044 2125 1089 2151 est
1114 2122 1145 2151 in
1169 2130 1282 2158 sensu,
1298 2121 1381 2160 quod
1401 2130 1464 2151 nou
1481 2120 1574 2150 fuerit
1595 2120 1628 2150 in
1651 2129 1685 2150 re
1701 2122 1791 2150 extra
1809 2130 1816 2151 :

1043 2184 1120 2214 ergo
1132 2174 1256 2204 videtur
1272 2174 1355 2212 quod
1379 2174 1498 2205 idolum
1514 2173 1641 2204 nulium
1656 2174 1717 2211 sit,
1735 2174 1819 2214 quod

1044 2237 1106 2257 non
1122 2227 1233 2257 habeat
1250 2226 1287 2265 (α)
1304 2226 1542 2257 similitudinem
1562 2226 1596 2256 in
1619 2226 1715 2257 rebus
1728 2228 1820 2257 exte-

1043 2280 1189 2310 rioribus.
1206 2279 1282 2310 Item
1300 2279 1425 2310 videtur
1452 2279 1565 2310 falsum
1590 2279 1692 2310 dioere
1708 2280 1741 2310 in
1759 2279 1819 2310 hoc

1043 2334 1127 2374 quod
1144 2333 1265 2364 subdit:
1299 2332 1419 2364 Idolum
1442 2333 1526 2364 ηιῖΙιῑί
1551 2336 1617 2371 esc,
1633 2334 1711 2372 quia
1734 2333 1820 2364 nihil

1043 2387 1134 2418 ltabec
1156 2387 1282 2419 simile:
1299 2386 1450 2426 quoniam
1467 2387 1493 2416 si
1514 2387 1628 2426 aliquis
1645 2386 1756 2417 artifex
1771 2386 1817 2416 fa-

1043 2440 1084 2470 cit
1097 2439 1217 2479 aliquid
1232 2448 1365 2475 novum,
1381 2440 1474 2478 cujus
1489 2448 1555 2469 non
1568 2441 1614 2469 est
1629 2438 1766 2477 reperire
1781 2438 1820 2468 si-

1043 2492 1256 2523 militudinem
1270 2494 1377 2530 extra,
1398 2501 1463 2522 non
1478 2493 1605 2531 propter
1619 2491 1678 2521 hoc
1691 2498 1757 2522 non
1768 2492 1816 2520 est

1044 2580 1115 2602 Lxxi,
1128 2575 1294 2604 quaestiouem
1306 2575 1401 2601 movet,
1410 2579 1458 2596 uec
1466 2572 1549 2596 solvit.
1560 2584 1588 2588 —
1597 2572 1607 2587 ³
1616 2571 1786 2595 Dist.xxxV111
1795 2574 1819 2595 et

1042 2614 1162 2633 xxxix.-
1173 2609 1343 2634 ⁸Dist.11..—
1358 2610 1390 2639 (a)
1409 2609 1469 2634 εἰει.
1485 2607 1544 2631 edit.
1560 2614 1610 2631 uon
1624 2606 1709 2631 habet.
