2017 2948
111 283 145 304 Aa
163 286 212 308 opp.

637 154 733 184 DlST.
756 154 820 185 ΧΠ.
846 154 959 185 PART.
986 153 1022 185 ll.
1045 153 1134 184 ART.
1160 153 1195 183 ll.
1218 153 1366 189 QUAEST.
1392 155 1429 184 ll.

228 222 463 252 sacramentum
483 221 543 251 hoc
563 228 686 260 semper
704 224 749 251 est
769 221 992 252 accedendum.

269 275 381 305 Contra
398 285 405 305 ε
424 277 451 305 1.
476 273 534 304 Ρο1·
548 274 766 312 Augustinum
779 274 798 311 ¹,
828 276 869 305 De
890 275 993 305 Eccle-

229 329 373 360 siasticz's
387 327 612 366 Doqmatibzts:
634 326 805 363 «Quotidie
827 327 994 357 Eucharis-

229 381 304 411 tiam
314 380 453 419 accipere
461 389 518 410 nec
529 379 634 417 laudo,
647 388 704 409 nec
711 379 889 418 vitupero.»
903 380 962 410 Sed
971 380 996 410 si

231 443 355 473 semper
365 433 491 463 deberet
507 432 634 472 percipi,
652 432 794 462 laudaret
807 443 813 462 :
828 442 919 471 ergo,
937 436 995 463 etc.

271 489 300 517 ⁶2.
318 486 411 523 Item,
436 494 492 524 per
506 485 723 524 Augustinum
735 487 745 503 ²
764 496 770 515 :
788 485 892 522 «Quid
907 495 998 525 paras

231 539 356 570 dentem
371 540 401 568 et
416 539 580 568 ventrem?
596 538 691 568 Crede
706 540 846 576 tantum,
865 541 895 569 et
908 548 999 569 man—

232 591 362 623 ducasti.
371 602 385 618 »
396 591 480 630 Ergo
492 591 579 621 nulla
587 593 633 621 est
646 591 764 621 utilitas
779 593 810 620 in
820 591 999 631 accipiendo

232 644 447 684 corporaliter,
476 644 551 683 quia
577 644 602 674 si
628 644 733 684 aliqua
759 647 839 674 esset
864 645 997 683 utilitas,

233 696 313 726 male
329 705 407 734 ergo
421 696 536 726 diceret
552 696 767 734 Augustinus:
789 707 801 723 «
815 695 894 732 Quid
910 705 1001 735 paras

232 749 373 786 dentem,
390 752 420 779 et
444 750 609 779 ventrem?
629 759 643 777 »
666 749 745 785 Quia
769 749 926 779 diceretur
944 749 973 780 ei
991 760 997 780 :

237 813 251 830 «
266 801 397 841 Propter
413 802 589 833 utilitatem.
607 812 620 829 n

273 858 300 886 3.
314 855 389 886 Item
407 856 528 886 ratione
544 856 669 886 videtur
686 866 692 885 :
709 855 784 895 quia
794 855 940 894 possibile
956 858 1002 886 est

233 908 422 939 manducare
446 908 650 947 spiritualiter
671 917 735 937 1101]
757 908 945 947 accedendo,
972 911 1002 939 et

233 971 298 991 non
316 963 363 992 est
378 962 420 991 ibi
443 961 636 1000 periculum3
655 961 709 991 sed
725 961 917 999 accedendo,
940 962 1001 991 nisi

233 1014 329 1045 homo
345 1015 384 1044 sit
399 1015 477 1044 bene
493 1017 629 1054 paratus,
645 1016 691 1044 est
707 1014 882 1053 periculum
899 1025 905 1044 z
923 1023 1001 1053 ergo

234 1068 259 1097 si
274 1068 326 1097 via
341 1068 480 1097 securior
505 1070 549 1097 est
573 1067 734 1105 eligenda,
755 1068 831 1096 tunc
854 1075 933 1105 ergo
956 1069 1003 1097 est

232 1130 305 1151 raro
331 1119 632 1150 communicandum
661 1119 945 1158 sacramentaliter,
972 1123 1003 1150 et

233 1183 317 1214 saepe
327 1173 542 1213 spiritualiter.

272 1230 302 1258 4.
320 1228 412 1265 item,
438 1227 541 1266 gloria
564 1226 616 1256 Dei
638 1228 745 1256 nostro
769 1227 934 1257 commodo
956 1229 1003 1257 est

234 1282 429 1322 praeserenda
448 1292 454 1311 2
476 1281 528 1311 sed
548 1280 601 1319 qui
619 1280 746 1310 (limittit
760 1281 905 1310 accedere
926 1290 1002 1320 pro-

234 1338 303 1375 pter
333 1334 520 1364 sacramenti
554 1333 739 1372 dignitatem
750 1356 759 1370 ,
790 1334 1003 1373 principaliter

234 1389 286 1419 dat
301 1388 436 1427 gloriam
455 1387 530 1424 De03
553 1387 608 1426 qui
623 1389 729 1416 autem
744 1388 861 1417 accedit,
877 1390 1004 1427 propter

234 1430 423 1473 sacramenti
443 1442 630 1479 efficaciam,
647 1442 778 1472 attendit
800 1443 1002 1473 commodum

234 1509 328 1531 suum
347 1511 352 1530 :
372 1509 450 1538 crgo
472 1499 587 1529 melius
606 1498 677 1528 sacit
700 1498 754 1537 qui
775 1501 889 1537 cessat,
906 1509 1003 1538 quam

234 1555 287 1594 qni
305 1554 433 1584 accedit.
457 1553 552 1583 Juxta
572 1552 630 1582 1100
644 1553 806 1592 {quaeritur
821 1553 858 1583 de
873 1553 1004 1584 diversi-

235 1610 297 1638 tate
326 1606 545 1643 institutionis,
580 1606 671 1645 quia,
707 1606 879 1636 secundum
919 1607 1003 1646 quod

234 1661 357 1698 dicitur,
378 1660 418 1691 De
434 1660 689 1697 Consecratione,
703 1659 773 1689 dist.
786 1668 818 1697 11,
836 1659 1004 1690 Anacletus

234 1714 383 1751 instituit,
400 1713 483 1753 quod
499 1725 512 1741 11
529 1707 794 1752 quandocumque
808 1713 951 1743 venirent
965 1713 1003 1743 ad

234 1767 419 1810 Ecclesiam3
432 1777 445 1793 n
459 1765 633 1802 Fabianus,
649 1765 734 1804 quod
747 1777 760 1793 11
772 1767 818 1795 ter
829 1765 862 1795 in
877 1775 998 1803 ann0;»

234 1819 347 1850 Sother
363 1819 457 1859 Papa,
475 1818 558 1857 quod
584 1830 597 1845 «
617 1818 650 1847 in
673 1827 762 1848 coena
780 1817 919 1856 Domini,
936 1829 950 1847 1>
973 1820 1004 1849 et

234 1871 399 1902 Decretalis
414 1871 503 1908 dicit,
520 1871 603 1910 quod
623 1882 636 1899 «
651 1871 747 1901 semel
762 1871 799 1910 ‘in
814 1880 909 1901 311110.
924 1883 938 1899 1)

503 1989 728 2021 CONCLUSIO.

232 2078 411 2106 Eucharistiae
425 2078 551 2111 frequens
566 2078 682 2111 sumptio
698 2078 734 2103 est
749 2077 826 2110 bona,
842 2078 867 2103 si
881 2077 1003 2104 accedens

267 2123 356 2149 videat
381 2129 408 2148 se
431 2129 485 2148 esse
510 2123 654 2155 paratuum
680 2122 705 2147 εί
732 2128 791 2147 vero
818 2121 951 2154 sriyidmn
977 2129 1003 2148 se

268 2168 410 2199 aynoscat,
426 2166 517 2192 melius
532 2167 568 2191 esc
584 2165 715 2191 abstinere
724 2174 732 2197 ;
749 2167 773 2190 et
789 2166 813 2191 si
826 2166 912 2191 medio
927 2165 1002 2191 modo

267 2218 294 2238 se
309 2211 415 2241 habeat,
429 2210 594 2237 mediocriter
610 2209 682 2236 debet
698 2209 826 2236 accedere.

273 2297 363 2336 Resp.
381 2297 419 2326 ad
432 2306 501 2335 arg.
519 2296 692 2327 Dicendum
707 2296 790 2335 quod
802 2295 825 2325 si
837 2295 909 2335 quis
923 2305 1002 2326 sem·-

233 2359 288 2390 per
301 2352 383 2380 esset
393 2352 521 2389 paratus
530 2373 538 2387 ,
555 2358 679 2388 semper
694 2349 771 2379 utile
785 2351 865 2379 esset
877 2348 937 2379 hoe
951 2358 1000 2378 sa-

232 2405 431 2434 cramentum
446 2403 593 2442 recipere,
609 2404 645 2432 ut
660 2401 776 2431 scilicet
791 2401 919 2432 haberet
942 2402 999 2432 ha-

231 2455 405 2486 bitaculum
424 2455 597 2492 mundum,
614 2456 645 2485 et
667 2455 871 2494 spiritualiter
894 2464 999 2485 come-

231 2508 317 2539 deret
332 2508 418 2538 hunc
431 2507 537 2538 cibum
552 2517 625 2538 cum
639 2508 760 2538 honore
774 2510 804 2538 et
819 2508 998 2538 devotione.

265 2588 272 2603 ¹
287 2588 339 2611 imo
351 2588 476 2617 Gennad„
491 2587 519 2610 de
532 2586 623 2611 Ecclcs.
635 2587 733 2617 ἱὶοςμνι.1
746 2594 768 2610 c.
782 2593 839 2617 Llll,
851 2587 876 2610 111
889 2587 998 2618 append.

233 2629 304 2654 oper.
315 2624 341 2647 S.
355 2624 428 2653 Aug„
442 2625 459 2646 t.
474 2623 540 2653 viii,
553 2622 612 2646 edit..
628 2622 722 2646 Bened.
734 2635 759 2639 —
774 2623 782 2636 ²
793 2622 868 2653 Aug„
881 2623 906 2646 iu
919 2623 1000 2653 Aean„

1760 159 1817 187 535

1052 219 1131 256 Quia
1142 220 1239 258 igitur
1247 222 1387 258 tempore
1396 220 1539 252 Ecclesiae
1548 222 1716 261 primitivae
1728 227 1819 255 erant

1052 273 1165 303 mundi
1184 282 1239 311 per
1257 273 1404 312 baptismi
1419 274 1643 313 innocentiam,
1661 278 1691 306 et
1714 277 1817 306 chari-

1053 329 1116 356 tate
1126 326 1269 356 ardentes
1280 326 1545 365 perdonationem
1556 328 1691 367 Spiritus
1701 330 1798 360 sancti
1810 341 1817 368 ;

1054 379 1123 409 ideo
1138 379 1334 417 congruebat
1349 379 1393 409 eis
1412 380 1550 418 quotidie
1572 383 1818 414 communicare.

1055 432 1136 468 Quia
1164 441 1240 462 vero
1263 432 1465 471 postmodum
1494 433 1630 463 charitas
1656 435 1820 474 refriguit,

1055 488 1085 515 et
1108 495 1163 524 per
1186 488 1310 524 peccata
1335 486 1492 516 munditia
1524 486 1718 526 baptismalis
1740 489 1822 520 utin

1055 538 1199 578 pluribus
1210 539 1331 578 perdita
1345 539 1416 576 suit3
1432 539 1576 569 relictum
1592 539 1652 570 fuit
1663 540 1783 580 judicio
1794 544 1824 573 et

1056 592 1253 622 conscientiae
1287 592 1553 632 uniuscujusque,
1586 595 1621 623 ut
1656 594 1822 633 reciperet,

1056 645 1181 684 quando
1193 654 1225 675 se
1238 645 1423 684 dispositum
1435 646 1571 683 videret,
1584 655 1624 676 ne
1634 646 1725 677 aliter
1739 657 1826 678 man-

1056 698 1185 728 ducaret
1199 698 1236 728 aa
1251 708 1342 728 suam
1357 697 1603 729 damnationem.
1625 699 1662 730 Et
1677 701 1751 739 quia
1765 701 1823 732 ho-

1058 751 1160 781 mines
1176 751 1363 790 inceperunt
1378 752 1446 781 sieri
1461 752 1674 791 negligentes„
1686 754 1826 793 oportuit

1057 806 1093 834 ut
1118 804 1233 834 iterum
1256 805 1472 834 institueretur
1492 814 1510 835 a
1531 814 1657 835 summo
1675 805 1826 837 Pontifice

1057 857 1278 896 frequentatio.
1292 857 1352 887 Sed
1368 858 1443 897 quia
1458 858 1698 897 frequentabant
1714 859 1823 897 multi,

1058 912 1088 940 et
1104 919 1165 939 non
1181 910 1261 940 bene
1272 919 1304 940 se
1316 911 1550 950 praeparabant,
1565 911 1701 942 instituit
1716 911 1738 942 F
1740 912 1825 942 abia-

1058 971 1133 1000 nus,
1150 966 1184 993 ut
1200 963 1302 993 trihus
1316 964 1390 993 anni
1410 963 1677 1003 solemnitatibus,
1699 965 1730 995 in
1753 965 1828 1005 qui-

1058 1017 1118 1046 bus
1133 1017 1277 1046 homines
1291 1017 1404 1047 melius
1419 1020 1586 1056 parantur,
1603 1020 1633 1048 et
1648 1028 1727 1058 quas
1742 1019 1827 1049 desi-

1058 1069 1229 1099 derabilius
1244 1071 1423 1108 expectant,
1442 1071 1730 1109 communicarent,
1749 1072 1828 1102 scili-

1059 1125 1106 1152 cet
1120 1122 1235 1159 Natali,
1254 1122 1405 1152 Pascllate
1427 1125 1458 1152 et
1482 1123 1674 1154 Pentecoste.
1699 1124 1738 1155 Et
1753 1125 1828 1164 quia

1058 1175 1204 1205 homines
1230 1175 1334 1205 adhuc
1363 1185 1511 1215 processu
1539 1177 1692 1216 temporis
1720 1178 1753 1207 in
1778 1178 1828 1208 his

1059 1228 1160 1258 tribus
1185 1229 1379 1268 temporibus
1396 1229 1596 1268 negligenter
1615 1240 1647 1260 se
1669 1240 1829 1270 praepara-

1059 1282 1149 1319 bant,
1168 1282 1237 1312 idco
1257 1282 1316 1312 hoc
1332 1282 1369 1312 ad
1385 1284 1564 1313 extremum
1586 1287 1631 1313 est
1646 1284 1684 1313 ad
1709 1283 1830 1314 Pascha

1058 1335 1239 1372 reductum,
1257 1335 1339 1374 quod
1356 1335 1503 1374 praecedit
1522 1338 1649 1375 tempus
1670 1346 1827 1377 praepara-

1060 1388 1168 1424 tionis,
1184 1388 1299 1418 soilicet
1314 1388 1574 1427 Quadragesima.
1592 1388 1624 1419 Si
1647 1399 1724 1428 ergo
1738 1400 1827 1430 (11131-

1060 1442 1140 1471 ritur
1155 1444 1263 1471 utrum
1278 1441 1424 1480 expediat.
1440 1442 1638 1481 frequentare
1655 1442 1763 1481 alicui,
1781 1443 1827 1473 di-

1059 1494 1193 1523 cendum
1210 1493 1291 1533 quod
1308 1494 1333 1523 si
1355 1494 1459 1524 videat
1479 1504 1512 1524 se
1533 1504 1600 1525 esse
1622 1495 1654 1524 in
1673 1497 1756 1525 statu
1772 1496 1828 1526 Ec-

1059 1547 1162 1577 clesiae
1190 1547 1377 1586 primitivae,
1406 1547 1600 1577 laudandum
1623 1550 1669 1578 est
1691 1549 1830 1587 quotidIO

1060 1601 1308 1638 communicare;
1336 1601 1359 1630 si
1388 1602 1493 1630 autem
1518 1601 1551 1630 in
1577 1602 1657 1631 statu
1685 1601 1829 1633 Ecclesiae

1059 1653 1179 1689 finalis,
1196 1655 1304 1692 utpote
1320 1653 1475 1692 frigidum
1489 1656 1520 1683 et
1534 1653 1677 1692 tardum,
1693 1654 1828 1685 laudan-

1059 1706 1134 1736 dum
1150 1708 1213 1744 est,
1231 1706 1316 1745 quod
1332 1714 1414 1735 raro.
1432 1704 1465 1735 Si
1480 1708 1587 1735 autem
1602 1706 1706 1736 medio
1718 1707 1826 1745 modo,

1059 1760 1164 1790 medio
1179 1759 1272 1789 modo
1295 1759 1384 1788 debet
1400 1767 1432 1788 se
1452 1758 1583 1796 habere;
1609 1761 1639 1789 et
1657 1759 1828 1799 aliquando

1059 1813 1150 1843 debet
1160 1822 1291 1850 cessare,
1303 1815 1338 1843 ut
1347 1812 1485 1842 addiscat
1495 1812 1648 1850 1=cvereri;
1659 1812 1828 1852 aliquando

1060 1867 1221 1904 accedere,
1241 1869 1276 1896 ut
1299 1866 1515 1896 inflammetur
1529 1874 1636 1896 amore
1653 1876 1659 1896 :
1684 1866 1760 1906 quia
1774 1867 1828 1897 tali

1058 1919 1176 1959 hospiti
1192 1919 1323 1949 debetur
1338 1919 1459 1956 honor,
1480 1918 1611 1949 debetur
1625 1921 1654 1948 et
1668 1928 1758 1949 amor
1774 1930 1781 1950 ε
1798 1922 1829 1950 et

1058 1974 1134 2003 tunc
1162 1972 1336 2003 secundum
1364 1971 1450 2002 iilam
1485 1973 1623 2011 partem,
1653 1972 1827 2003 secundum

1058 2035 1156 2065 quam
1175 2025 1289 2056 viderit
1305 2034 1338 2055 se
1356 2024 1471 2054 melius
1492 2025 1660 2064 proficere,
1687 2025 1726 2055 ad
1741 2025 1827 2056 illam

1059 2079 1162 2118 magis
1176 2078 1322 2116 declinet,
1341 2079 1424 2117 quod
1436 2077 1532 2108 homo
1548 2077 1651 2107 solum
1667 2077 1828 2117 experien-

1058 2133 1101 2163 tia
1117 2132 1206 2162 discit
1221 2132 1239 2161 ⁸.
1260 2131 1375 2162 Omnes
1387 2140 1467 2170 ergo
1482 2131 1617 2161 rationes
1632 2130 1670 2160 ad
1690 2131 1826 2170 primam

1058 2187 1179 2225 partem
1200 2183 1424 2222 intelliguntur
1439 2183 1525 2213 salva
1540 2183 1645 2213 debita
1664 2192 1826 2223 praepara-

1057 2238 1156 2275 tione,
1173 2246 1245 2277 quae
1261 2237 1293 2266 in
1308 2235 1504 2275 paucissimis
1518 2238 1564 2266 est
1579 2238 1615 2266 ut
1631 2245 1764 2275 semper.

1099 2293 1126 2321 1.
1148 2290 1196 2320 Ad
1212 2289 1289 2320 illud
1302 2289 1385 2329 quod
1400 2289 1549 2328 objicitur
1566 2289 1598 2319 in
1613 2289 1807 2320 contrarium
1816 2313 1825 2328 ‚

1057 2344 1141 2384 quod
1156 2343 1358 2382 Augustinus
1382 2352 1446 2373 non
1460 2343 1580 2379 laudat,
1602 2342 1655 2372 sed
1676 2342 1827 2382 relinquit

1057 2395 1272 2434 conscientiae3
1288 2395 1456 2426 dicendum
1469 2396 1553 2435 quod
1567 2396 1627 2426 hoc
1641 2395 1731 2433 dicit,
1749 2396 1825 2435 quia

1057 2449 1262 2489 quibusdam,
1281 2451 1316 2479 ut
1330 2450 1448 2479 tactum
1472 2451 1532 2486 est,
1558 2448 1660 2488 magis
1683 2450 1729 2478 est
1749 2448 1826 2479 utile

1057 2504 1273 2542 frequentare,
1291 2501 1481 2540 quibusdam
1502 2510 1574 2531 raro
1592 2512 1598 2531 z
1622 2501 1697 2540 quia
1723 2502 1822 2540 maj0-

1056 2584 1128 2606 tract.
1147 2588 1217 2606 xxva
1239 2595 1265 2599 —
1285 2582 1293 2594 ³
1315 2581 1384 2604 idem
1405 2582 1431 2605 5.
1456 2580 1556 2610 Thoai„
1579 2588 1604 2611 p.
1631 2581 1677 2611 111,
1698 2587 1723 2612 q.
1746 2587 1824 2610 cxxx,

1055 2619 1101 2643 art·
1118 2620 1156 2648 10,
1169 2619 1195 2642 et
1207 2619 1254 2642 art.
1269 2618 1292 2647 6,
1308 2623 1332 2647 q.
1348 2621 1366 2641 1.
