2017 2948
67 927 170 947 Fundam.

586 156 679 187 DIST.
703 156 780 187 XVI.
806 157 920 188 PART.
942 156 965 187 I.
987 156 1077 188 ART.
1102 156 1140 186 ΙΙ.
1165 155 1313 193 QUAEST.
1339 158 1376 188 11.

184 225 349 256 admisceri
365 225 541 265 gaudium:
561 233 640 263 ergo
662 225 768 264 potest
787 224 884 254 nimis
905 224 952 255 in-

186 278 284 308 tendi.

224 334 254 362 ⁶2.
272 331 348 361 Item
363 330 464 361 omnis
477 331 578 360 virtus
596 338 668 369 quae
683 330 778 361 habet
793 331 954 370 objectum

185 387 344 421 creatum,
368 385 469 423 potest
490 384 606 413 habere.
627 383 783 421 nimium,
810 384 904 424 quia,
929 385 955 414 si

185 439 327 468 creatum
343 438 406 473 est,
425 445 500 475 ergo
518 437 611 466 habet
627 437 685 466 sibi
702 436 845 467 debitum
865 437 954 466 limi-

186 492 288 521 tatum
302 498 442 520 amorem
458 489 630 519 etodium:
649 490 701 519 sed
719 490 873 527 contritio,
890 490 956 520 sive

184 542 386 583 poenitentia,
404 544 451 572 est
465 542 649 581 hujusmodi
664 554 669 572 z
691 551 770 581 ergo
785 544 888 582 potest
902 543 955 573 ha-

185 596 260 627 bere
276 605 455 627 excessum.

226 651 255 680 3.
278 649 357 679 Item
381 649 414 685 in
438 649 622 679 contritione
645 649 733 679 dolor
757 651 803 679 est
829 649 955 688 passio:

186 702 236 733 sed
254 702 358 733 omnis
372 703 476 742 passio
497 702 529 732 in
549 712 583 732 re
608 702 763 741 corporali
786 702 883 738 facta,
900 711 955 741 po-

185 757 246 785 test
262 756 368 794 magis
388 757 418 785 et
441 756 545 793 magis
566 755 705 792 intendi,
732 757 763 785 et
785 764 841 794 per
866 764 957 786 suam

186 808 396 838 intensionem
407 810 503 847 potest
515 808 664 838 inducere
675 810 810 838 mortem
824 818 831 838 :
844 811 873 838 et
885 817 957 848 (111ae

186 862 321 890 mortem
336 861 473 897 inducit,
490 863 534 891 est
556 861 732 899 superflua:
750 870 838 900 ergo,
857 863 915 892 etc.

226 913 341 944 Contra
359 926 364 944 :
387 917 411 944 1.
430 914 579 944 Contritio
595 917 641 944 est
657 916 761 944 motus
782 915 885 953 gratia
907 914 955 944 in-

186 966 337 997 formatus
353 978 360 998 :
377 967 431 998 sed
447 968 550 1006 gratia
565 976 628 997 non
645 969 743 1006 potest
758 967 894 997 nimium
911 967 959 997 in-

186 1020 288 1057 tendi,
304 1029 362 1050 nec
386 1023 491 1050 motus
515 1022 604 1059 ejus,
632 1020 706 1059 qnia
730 1020 834 1050 omnis
854 1022 959 1050 motus

185 1074 255 1112 ejus
269 1075 314 1103 est
328 1073 493 1103 laudabilis
506 1083 512 1103 t
530 1082 607 1111 ergo
622 1081 680 1102 nec
695 1073 853 1102 contritio.

225 1128 254 1156 ⁶2.
277 1126 370 1163 Item,
389 1128 547 1165 quantum
566 1125 729 1164 diligenda
751 1127 797 1155 cst
823 1125 958 1165 alicujus

185 1179 259 1209 boni
274 1179 459 1218 praesentia,
480 1180 605 1208 tantum
621 1178 803 1208 detestanda
822 1180 868 1208 est
888 1179 957 1217 ejus

185 1232 312 1262 amissio
326 1234 356 1262 et
371 1232 512 1262 absentia
532 1243 538 1262 ι
562 1232 617 1262 sed
640 1232 740 1262 Deum
765 1241 827 1262 non
855 1234 957 1271 potest

186 1284 299 1324 aliquis
312 1284 409 1314 nimis
424 1293 532 1315 amare
549 1286 578 1314 et
594 1286 739 1324 appetere
760 1294 767 1314 :
785 1293 863 1323 ergo
883 1294 955 1324 pec-

186 1338 306 1375 catum,
327 1337 412 1377 quod
435 1339 480 1367 est
502 1347 521 1368 a
544 1337 606 1367 Deo
630 1336 865 1376 separativum,
892 1346 957 1368 non

186 1392 287 1430 potest
302 1391 397 1421 nimis
412 1390 570 1421 detestari.

226 1446 254 1475 3.
280 1443 358 1474 Item
382 1444 550 1474 Anselmus
568 1443 734 1482 appetebat
756 1443 877 1474 viscera
900 1453 955 1474 ex-

188 1499 297 1529 siccari
324 1507 364 1529 ex
387 1498 566 1528 intensione
583 1497 684 1527 divini
708 1498 825 1528 amoris
847 1508 854 1528 ι
878 1506 957 1536 ergo

186 1561 250 1582 non
267 1554 314 1582 est
327 1551 447 1582 malum
465 1560 504 1581 ex
523 1550 699 1580 intensione
720 1550 819 1581 divini
840 1550 958 1581 amoris

186 1605 260 1635 talia
274 1607 420 1644 appetere
437 1606 565 1643 propter
581 1603 680 1633 Deum
689 1614 696 1640 ;
712 1603 821 1634 eadem
837 1603 958 1633 ratione

185 1667 242 1688 nec
257 1657 377 1687 malum
393 1665 432 1687 ex
447 1656 623 1686 intensione
641 1655 756 1686 doloris
771 1657 898 1695 propter
912 1664 958 1686 re-

185 1710 401 1750 cuperandum
416 1709 528 1740 Deum.

458 1818 684 1850 CONCLUSIO.

188 1908 331 1940 contritio,
347 1905 487 1933 secundum
498 1905 568 1940 quod
582 1906 650 1931 dicit
663 1905 864 1939 displicentiam
874 1906 959 1931 ratio-

222 1953 264 1979 nis
279 1952 310 1979 de
323 1952 440 1986 peccato,
457 1958 509 1977 non
524 1952 609 1984 potest
627 1957 680 1976 csse
696 1951 781 1976 nimia
790 1959 797 1983 5
813 1950 858 1976 sed
872 1949 960 1983 quoad

222 1997 421 2024 sensualitatem
436 1997 524 2029 posset
540 1995 634 2020 habere
648 2001 788 2020 accessum.

230 2083 321 2123 Resp.
344 2082 383 2113 ad
399 2090 470 2120 arg.
492 2081 581 2112 Sicut
601 2080 721 2111 dictum
737 2082 784 2110 est
799 2084 818 2117 ¹,
837 2080 868 2109 in
884 2088 957 2109 con-

189 2136 318 2167 tritione
337 2138 383 2166 est
399 2135 489 2166 dolor
509 2136 605 2175 prout
626 2137 671 2164 est
690 2133 885 2174 displicentia
902 2142 957 2163 vo-

188 2189 319 2220 luntatis
333 2188 509 2226 rationalis3
532 2190 562 2219 et
581 2190 627 2218 est
650 2187 738 2218 dolor
764 2187 884 2227 passio,
909 2195 959 2217 re—

189 2242 334 2273 dundans
348 2242 379 2272 in
391 2241 638 2272 sensualitatem.
656 2241 815 2278 Quantum
827 2249 906 2279 ergo
921 2241 959 2270 ad

188 2295 420 2335 displicentiam
448 2295 598 2332 rationis,
623 2294 758 2325 concedo
783 2294 868 2334 quod
896 2303 960 2324 non

188 2350 288 2389 potest
306 2357 373 2379 esse
395 2348 539 2379 contritio
558 2348 673 2384 nimia,
699 2348 775 2387 quia
799 2350 959 2387 peccatum

188 2402 267 2433 nulli
293 2403 394 2442 potest
415 2401 578 2441 displicere
602 2401 716 2438 nimis,
743 2401 775 2431 in
803 2404 959 2441 quantum

189 2457 363 2496 peccatum.
398 2454 559 2491 Quantum
584 2457 691 2485 autem
715 2455 755 2485 ad
780 2455 959 2494 passionem

189 2508 419 2540 redundantem
430 2508 463 2538 in
478 2508 716 2539 sensualitatem
725 2532 733 2546 ,
747 2516 803 2539 vix
813 2510 867 2539 aut
879 2517 960 2538 nun-

190 2570 288 2602 quam
302 2562 349 2592 est
367 2561 485 2598 nimia;
509 2563 615 2592 tamen
637 2563 743 2600 posset
761 2570 828 2592 esse
854 2563 961 2592 tantus

225 2626 229 2637 ¹
246 2624 340 2652 Quaest.
356 2623 466 2654 praeced.

1717 158 1777 188 635

1009 223 1108 261 dolor,
1130 222 1214 263 quod
1234 223 1376 255 humana
1394 224 1563 254 infirmitas
1586 233 1651 254 non
1676 225 1778 262 posset

1009 277 1142 307 sufferre
1169 277 1238 307 sine
1266 286 1384 316 magno
1410 277 1617 307 detrimento:
1645 279 1677 307 et
1701 278 1778 306 tunc

1010 331 1077 361 dico
1087 330 1169 370 quod
1182 331 1406 370 temperandus
1421 332 1512 361 esset.
1537 330 1597 360 Sed
1611 332 1677 361 esto
1693 330 1778 370 quod

1010 392 1074 414 non
1088 385 1276 423 temperaret
1293 383 1381 423 quis.
1404 383 1476 422 quia
1500 392 1563 413 non
1585 383 1775 420 adverteret,

1010 439 1040 466 et
1054 438 1217 476 raperetur
1235 446 1252 466 a
1276 436 1416 473 fervore,
1434 444 1496 465 non
1523 436 1612 465 credo
1634 435 1719 475 quod
1744 436 1779 466 in

1010 489 1064 519 tali
1089 498 1164 519 casu
1190 492 1348 528 peccaret,
1376 488 1451 527 quia
1475 488 1563 518 daret
1584 497 1711 527 operam
1733 488 1778 518 rei

1010 542 1114 572 licitae.
1132 542 1164 572 Si
1182 544 1289 572 autern
1305 541 1454 577 advertit,
1475 541 1566 571 (lebet
1584 543 1776 580 temperare3

1012 597 1117 625 tamen
1132 595 1240 633 paucis
1249 594 1309 625 hoc
1321 594 1486 624 consilium
1497 596 1541 623 est
1552 593 1778 623 necessarium.

1013 647 1045 677 Si
1062 649 1169 677 autem
1185 656 1249 677 non
1264 648 1472 686 temperaret,
1489 646 1539 676 vel
1561 655 1617 686 per
1639 646 1778 677 affectio-

1012 710 1085 731 nem
1115 700 1241 739 gaudii,
1268 700 1318 730 vel
1341 709 1398 739 per
1423 699 1671 730 consolationem
1693 699 1778 739 spei,

1011 753 1104 784 credo
1119 753 1202 792 quod
1218 753 1452 783 transcenderet
1468 754 1566 782 metas
1586 752 1729 788 virtutis,
1751 755 1781 782 et

1012 809 1054 839 ita
1069 808 1274 839 contritionis.
1292 808 1442 838 Contritio
1457 808 1560 844 enim,
1578 807 1658 837 sicut
1681 807 1781 838 chari-

1012 865 1074 898 tas,
1091 862 1235 892 nominat
1249 861 1324 901 quid
1340 861 1545 891 informatum
1562 860 1675 899 gratia.
1693 860 1781 892 Unde

1012 915 1100 945 dolor
1115 914 1308 944 contritionis
1318 938 1325 950 ,
1348 923 1478 944 manens
1492 913 1700 950 contritionis,
1716 922 1781 944 non

1012 969 1112 1007 potest
1136 976 1203 997 esse
1228 966 1363 1003 nimius,
1392 966 1465 1005 quia
1490 966 1684 1005 displicentia
1707 976 1781 1005 pec-

1013 1020 1073 1050 cati
1095 1029 1263 1059 nunquam
1285 1021 1409 1049 tantum
1424 1021 1525 1058 potest
1545 1019 1682 1057 intendi,
1699 1019 1782 1059 quod

1012 1072 1110 1112 possit
1125 1082 1192 1103 esse
1205 1072 1319 1109 nimia,
1334 1081 1407 1101 cum
1424 1071 1464 1101 sit
1478 1081 1517 1101 ex
1532 1072 1782 1102 consideratione

1012 1128 1107 1155 recta.
1132 1125 1278 1156 Rationes
1293 1133 1372 1163 ergo
1386 1134 1458 1164 quae
1475 1126 1610 1164 probant
1626 1125 1709 1164 quod
1725 1125 1780 1155 do-

1012 1178 1059 1207 lor
1084 1178 1179 1217 possit
1194 1187 1261 1208 esse
1276 1177 1396 1208 nimius
1415 1177 1591 1208 secundum
1611 1177 1695 1217 quod
1715 1177 1778 1208 dis-

1012 1231 1170 1270 plicentia,
1187 1231 1346 1261 solvendae
1362 1233 1446 1261 sunt.

1054 1287 1081 1314 1.
1106 1283 1195 1321 Quod
1218 1284 1381 1323 objicitur,
1398 1284 1481 1323 quod
1504 1284 1595 1314 debet
1617 1293 1683 1314 esse
1699 1293 1780 1322 gau-

1011 1339 1118 1377 dium,
1135 1339 1203 1369 dico
1223 1338 1307 1377 quod
1323 1337 1349 1367 si
1364 1340 1444 1368 esset
1459 1337 1548 1368 dolor
1568 1337 1635 1368 sine
1651 1337 1780 1376 gaudio,

1012 1395 1047 1423 ut
1067 1393 1100 1423 in
1120 1392 1310 1432 desperatis,
1333 1392 1413 1422 hene
1436 1393 1515 1421 esset
1539 1400 1704 1421 excessus:
1729 1390 1782 1421 sed

1011 1446 1084 1476 talis
1111 1454 1174 1475 non
1199 1447 1246 1475 est
1276 1447 1382 1475 motus
1403 1444 1616 1481 contrItionis,
1640 1452 1713 1483 quae
1737 1445 1784 1474 est

1013 1499 1244 1538 praesupposita
1271 1507 1325 1538 spe
1355 1498 1392 1528 de
1420 1497 1515 1527 venia
1538 1508 1544 1527 :
1576 1497 1660 1527 unde
1690 1496 1781 1534 talis,

1012 1552 1139 1592 quando
1153 1552 1240 1582 videt.
1261 1560 1294 1581 se
1316 1551 1439 1588 dolere,
1455 1551 1630 1581 necessario
1646 1549 1779 1589 gaudet:

1012 1608 1043 1636 et
1058 1605 1127 1636 ideo
1140 1615 1203 1636 non
1218 1607 1266 1635 est
1281 1605 1474 1644 superfluus

1053 1661 1071 1688 ΕΞ
1092 1661 1123 1689 θῖ
1145 1661 1173 1689 3.
1192 1658 1239 1688 Ad
1261 1658 1365 1693 aliud,
1382 1657 1550 1687 dicendum
1573 1656 1657 1695 quod
1681 1655 1782 1695 poeni-

1012 1712 1111 1742 tentia
1125 1713 1173 1741 est
1194 1711 1226 1740 in
1242 1711 1418 1749 subjectum
1431 1734 1439 1747 ‚
1457 1709 1533 1739 etin
1552 1710 1734 1748 peccatum:
1754 1709 1783 1738 et

1013 1766 1108 1804 prout
1132 1764 1223 1803 punit
1243 1764 1443 1802 subjectum,
1468 1763 1547 1792 bene
1566 1763 1668 1801 posset
1692 1769 1784 1791 exce-

1011 1818 1105 1854 dere3
1123 1816 1177 1847 sed
1199 1818 1294 1855 prout
1313 1816 1484 1846 detestatur
1505 1816 1669 1854 peceatum
1684 1837 1691 1850 ,
1709 1813 1785 1852 quia

1013 1871 1136 1910 separat
1159 1879 1177 1899 a
1204 1878 1330 1899 summo
1359 1868 1462 1906 bono,
1493 1867 1668 1898 secundum
1697 1866 1783 1896 illam

1013 1924 1168 1954 rationem
1188 1923 1314 1962 respicit
1339 1922 1527 1952 infinitatem
1539 1945 1547 1958 ,
1567 1922 1597 1950 et
1612 1929 1676 1950 non
1690 1919 1785 1950 habet

1014 1985 1190 2007 excessum.
1208 1975 1350 2006 Tertium
1366 1976 1593 2014 argumentum
1610 1975 1656 2003 est
1673 1981 1784 2003 conce-

1014 2029 1153 2060 dendum
1171 2039 1178 2059 ι
1196 2028 1334 2068 procedit
1354 2028 1439 2058 enim
1463 2028 1501 2057 de
1516 2026 1716 2063 contritione,
1733 2034 1784 2056 se-

1015 2082 1155 2113 cundum
1171 2082 1256 2121 quod
1272 2081 1415 2111 nominat
1439 2080 1580 2111 dolorem
1595 2079 1783 2119 passionem,

1016 2145 1079 2166 non
1096 2136 1200 2175 ipsum
1217 2137 1339 2165 motum
1355 2134 1560 2174 displicentiae
1575 2132 1704 2172 peccati.

1056 2192 1069 2218 1
1096 2190 1126 2219 et
1141 2191 1170 2219 ⁶2.
1195 2188 1243 2218 Ad
1258 2187 1336 2218 illud
1351 2187 1435 2227 quod
1452 2186 1598 2226 objicitur
1612 2185 1645 2216 in
1660 2187 1783 2216 contra-

1016 2242 1116 2279 rium,
1142 2241 1227 2281 quod
1249 2249 1311 2271 non
1336 2241 1437 2280 potest
1460 2248 1527 2270 esse
1550 2239 1685 2276 nimius,
1711 2238 1786 2277 quia

1017 2295 1122 2334 gratia
1147 2294 1354 2331 informatus,
1379 2292 1547 2323 dicendum
1572 2291 1657 2331 quod
1684 2291 1782 2321 infor-

1017 2351 1122 2379 matur
1141 2348 1208 2387 ipsa
1232 2346 1443 2386 displicentia,
1469 2347 1498 2375 et
1521 2354 1576 2384 per
1591 2353 1786 2383 consequens

1016 2401 1120 2442 passio
1145 2399 1372 2436 sensualitatis;
1400 2400 1506 2428 tamen
1533 2398 1658 2428 tantum
1681 2398 1786 2436 posset

1016 2454 1070 2485 illa
1084 2454 1186 2494 passio
1203 2452 1340 2489 intendi,
1356 2451 1440 2491 quod
1456 2450 1576 2490 gratia,
1591 2459 1664 2490 quae
1679 2451 1787 2480 movet

1017 2508 1176 2545 ordinate,
1192 2515 1256 2537 non
1272 2506 1507 2536 informaretur.
1524 2504 1594 2535 Alia
1615 2503 1695 2534 ratio
1710 2512 1785 2534 con-

1017 2561 1154 2592 cedenda
1168 2561 1235 2597 est,
1251 2558 1327 2598 quia
1340 2558 1481 2598 loquitur
1496 2557 1534 2588 de
1547 2556 1764 2588 detestatione.

1058 2617 1086 2646 3.
1109 2613 1158 2645 Ad
1178 2612 1255 2644 illud
1278 2611 1361 2651 quod
1384 2611 1531 2651 objicitur
1555 2610 1594 2641 de
1618 2610 1784 2648 AnseImo,
