2017 2948
86 216 124 230 mae
133 210 191 230 ‹abu-

87 242 119 262 lw.

92 272 185 292 Primum

110 310 161 329 prae-

94 336 188 360 replum.

115 1807 191 1828 Sanun<

115 1838 164 1857 dum

100 1875 178 1895 praecc-

87 1901 179 1926 ceptum.

116 2039 167 2059 Ter·

115 2071 166 2087 tium

98 2105 193 2125 praecep—

88 2133 140 2151 tuni.

207 131 264 161 148
758 129 1066 160 SENTENTIARUM
1089 129 1161 161 LIB.
1186 130 1238 160 111.

207 208 308 240 neque
322 207 451 229 omnem
466 196 720 230 similitudinem
736 202 744 218 ¹
756 224 764 236 ‚
782 201 840 229 ete.
860 196 933 229 llaec
948 196 1105 237 origenes
1120 196 1197 229 dicit
1216 208 1282 229 esse
1297 197 1362 230 duo
1379 198 1531 231 mandata
1545 224 1552 239 ,
1569 199 1623 232 sed
1638 200 1797 242 Augusti-

208 266 271 286 nus
288 254 298 269 ¹
324 265 441 286 unum.
465 254 534 287 Hoc
557 255 643 287 enim
667 255 774 298 ipsum
796 255 881 298 quod
907 254 1033 286 dixerut
1053 267 1058 285 z
1090 256 1163 287 Non
1185 254 1316 286 habebis
1340 256 1422 287 Deos
1453 256 1597 297 alienos,
1623 257 1797 300 perfectius

209 311 367 355 explicat,
390 322 464 344 cum
480 312 628 356 prohibet
650 312 711 344 coli
736 312 892 353 figmenta
906 338 913 351 ,
936 311 1056 343 scilic-et
1084 311 1228 351 idolum,
1246 313 1296 344 vel
1317 312 1566 345 ε1111111111111111-111
1583 314 1720 357 alicujus
1736 314 1792 346 rei.

207 368 287 407 Qua),
302 369 367 401 duo
383 369 539 411 Origenes
555 370 598 402 ita
613 369 689 401 dieit
704 369 834 410 distare,
849 373 883 400 ut
900 368 1024 400 idolum
1042 369 1080 400 sit
1096 369 1182 412 quod
1200 369 1280 401 nihil
1299 370 1391 401 habet
1408 370 1513 402 similo
1528 371 1596 411 sui3
1614 371 1797 404 similitudo

209 437 296 467 vero,
313 427 400 470 quod
418 427 513 459 habet
528 427 665 471 speciem
681 426 819 469 alicujus
834 426 879 458 rei
899 439 904 458 :
922 430 958 458 ut
973 426 1063 458 verbi
1080 426 1195 468 gralia,
1214 427 1239 458 si
1255 427 1329 470 quis
1345 427 1377 458 iu
1394 439 1486 467 auro,
1504 428 1554 459 vel
1571 428 1604 460 in
1622 428 1725 470 liguo,
1743 428 1795 460 vel

206 484 269 516 ulia
284 495 317 516 re
330 484 425 516 faciat
440 484 577 528 speciem
593 484 763 527 serpentis,
781 484 831 515 vel
848 483 928 524 avis,
947 484 997 515 vel
1017 484 1152 516 alterius
1167 484 1230 524 rei,
1249 489 1277 516 et
1293 488 1412 516 statuat
1427 485 1465 517 ad
1486 485 1689 517 adoraudum
1705 512 1713 526 ‚
1729 496 1794 518 non

207 541 345 584 idolum,
363 542 416 574 sed
433 541 682 573 similitudinem
699 541 784 573 fecit.
803 541 866 580 Qui
883 552 958 573 vero
974 541 1049 573 facit
1065 542 1202 585 speciem
1220 554 1318 585 quam
1336 554 1400 574 non
1418 542 1499 575 vidit
1514 543 1640 584 oculus,
1656 543 1710 575 sed
1726 543 1798 576 ani-

207 610 280 631 mus
302 599 363 631 sibi
379 599 474 631 finxit
488 625 496 639 ,
514 603 550 630 ut
565 598 591 630 si
606 599 680 642 quis
704 599 746 630 hu
754 599 857 638 manis]
873 599 1027 631 membris
1042 603 1139 642 eaput
1154 599 1242 630 canis
1267 599 1315 631 vel
1336 599 1445 632 arietis
1461 601 1594 641 ieiunet,
1613 601 1663 633 vel
1679 601 1711 633 in
1730 612 1796 633 uno

206 656 320 689 habitu
336 656 478 688 hominis
503 655 583 688 duas
598 656 694 688 facies
708 682 715 697 ‚
733 667 797 688 non
817 656 1067 689 similitudinem
1083 682 1090 696 ,
1107 657 1161 688 sed
1187 656 1310 688 idolum
1327 656 1403 688 facit
1416 683 1423 697 ,
1442 658 1519 701 quia
1535 657 1610 690 facit
1627 658 1715 702 quod
1731 669 1797 691 uon

206 714 302 746 habet
326 713 452 757 aliquid
473 713 578 746 simile
595 713 657 746 sui.
684 713 759 746 Ideo
782 714 859 746 dicit
874 714 1050 758 Apostolus
1061 717 1083 754 ³⁵,
1099 714 1175 757 quia
1194 713 1317 746 idolam
1333 714 1419 746 nihil
1446 721 1491 746 est
1513 715 1548 746 ιή
1571 715 1706 748 mundo.
1723 715 1796 748 Non

206 772 293 804 enim
309 771 421 815 aliqua
446 783 486 804 ex
506 772 604 804 rebus
627 772 850 804 constantibus
865 772 1044 804 assumitur
1057 772 1177 814 species
1191 798 1198 812 ‚
1215 772 1269 804 sed
1286 772 1373 815 quod
1401 784 1491 805 mens
1506 773 1608 805 otiosa
1624 778 1655 806 et
1671 773 1798 806 curiosa

206 829 334 873 reperit.
354 829 544 862 Similitudo
560 840 636 862 vero
651 834 717 871 est,
733 841 809 861 cum
826 829 951 873 aliquid
967 841 1005 861 ex
1021 829 1072 861 his
1084 841 1157 872 quaa
1179 834 1255 861 sunt
1270 830 1321 861 vel
1338 830 1371 861 in
1385 830 1466 862 coelo
1480 856 1487 870 ‚
1506 831 1556 862 vel
1573 831 1606 863 in
1622 835 1707 863 terra
1721 857 1728 872 ,
1746 830 1797 862 vel

205 887 298 931 aquis
313 887 484 919 formatur.
502 887 710 930 Augustinus
726 898 802 919 vero
829 886 873 918 ita
897 887 1031 931 exponit
1047 887 1129 919 illud
1147 900 1155 915 J>
1173 899 1178 919 :
1201 900 1216 917 «
1232 887 1361 919 Idolum
1383 887 1464 919 nihil
1489 893 1535 919 est
1556 888 1591 920 in
1607 888 1747 929 mundo,
1764 888 1796 920 id

203 949 261 984 est,
280 944 365 977 inter
379 948 542 977 creaturas
559 945 675 977 mundi
691 956 756 976 non
774 949 820 977 est
833 944 938 976 forma
953 944 1044 977 idoli.
1063 945 1230 976 Materiam
1247 944 1334 976 enim
1351 945 1505 977 formavit
1520 945 1606 977 Deus
1623 972 1630 986 ,
1650 945 1704 978 sed
1719 945 1800 977 stul-

204 1001 274 1034 titia
289 1001 460 1034 hominum
478 1002 617 1034 formam
630 1002 729 1034 dedit.
747 1002 970 1046 Quaecumque
982 1002 1064 1034 facta
1076 1007 1164 1043 sunt,
1175 1002 1371 1034 naturaliter
1380 1002 1461 1034 facta
1474 1007 1551 1035 sunt
1567 1014 1622 1046 per
1636 1002 1796 1043 Verbum,

203 1059 286 1091 sicut
301 1063 468 1103 peccatum
495 1071 562 1092 non
586 1064 633 1092 θεῖ
651 1060 770 1092 factum
793 1071 850 1103 per
865 1060 1026 1100 Verbum,
1044 1060 1097 1092 sed
1115 1064 1160 1091 cst
1181 1059 1263 1091 nihil
1280 1086 1287 1100 ,
1304 1064 1334 1091 et
1349 1060 1432 1092 nihil
1450 1060 1535 1092 siunt
1559 1060 1709 1093 homines
1723 1072 1798 1092 eum

203 1121 347 1161 peccant.
366 1130 381 1147 n
401 1117 464 1149 Sed
480 1117 641 1161 quaeritur
656 1129 722 1161 quo
738 1117 834 1150 modo
851 1117 901 1149 hic
926 1118 1051 1149 dicatur
1067 1118 1170 1149 forma
1187 1117 1263 1149 idoli
1288 1129 1352 1149 nou
1368 1129 1434 1149 csse
1458 1118 1540 1150 facta
1555 1130 1611 1162 per
1626 1118 1774 1151 Verbum
1789 1144 1797 1159 ,

204 1185 278 1206 culn
294 1174 373 1206 alibi
388 1175 517 1217 legatur
560 1187 566 1206 :
588 1188 603 1204 «
618 1174 733 1207 Omnis
749 1175 865 1216 forma,
883 1175 989 1207 omnis
1003 1186 1171 1218 compago,
1189 1175 1296 1206 omnis
1309 1175 1481 1207 concordia
1497 1176 1638 1219 partium
1655 1176 1738 1207 facta
1753 1179 1801 1207 θεῖ

204 1242 261 1276 per
281 1232 441 1264 Verbum.
461 1245 476 1263 ))
493 1232 562 1264 Hoc
582 1236 690 1264 autem
707 1244 725 1264 a
741 1232 878 1264 diversis
893 1233 980 1264 varie
997 1232 1146 1264 solvitur.
1165 1232 1305 1270 Quidam
1321 1232 1408 1264 enim
1424 1234 1433 1249 ⁶
1449 1232 1560 1264 dicunt
1578 1244 1708 1265 omnem
1734 1232 1799 1265 for-

206 1301 306 1330 mam,
322 1294 353 1322 et
368 1290 531 1334 quidquid
547 1294 605 1331 est,
625 1302 644 1322 a
658 1290 724 1322 Deo
740 1301 806 1322 esse
821 1290 854 1321 in
870 1294 1032 1334 quantum
1049 1294 1115 1330 θεῖ,
1132 1295 1162 1321 θῖ
1180 1290 1319 1321 formam
1333 1290 1412 1322 idoli
1432 1290 1466 1321 in
1482 1295 1646 1334 quantum
1662 1294 1708 1323 est
1722 1316 1730 1331 ,
1747 1290 1798 1323 vel

207 1347 241 1378 in
257 1351 418 1391 quantum
435 1347 541 1380 forma
558 1351 616 1388 est,
634 1359 653 1379 a
666 1347 732 1379 Deo
747 1359 838 1389 esse,
855 1347 909 1379 sed
925 1359 990 1380 non
1008 1348 1041 1379 in
1058 1351 1219 1390 quantum
1237 1347 1316 1379 idoli
1334 1351 1381 1379 est
1393 1373 1400 1387 ‚
1419 1347 1446 1379 id
1464 1352 1509 1379 est
1525 1373 1533 1388 ,
1550 1348 1653 1391 posita
1667 1348 1705 1380 ad
1724 1347 1800 1380 ado-

207 1405 348 1437 randum
369 1417 375 1437 :
394 1405 428 1437 in
443 1405 503 1437 11οθ
519 1405 605 1438 enim
622 1416 688 1438 11011
705 1410 752 1437 θεῖ
766 1409 927 1446 creatura,
948 1405 1002 1437 sed
1019 1405 1181 1449 perversio
1196 1409 1364 1437 creaturae.
1383 1404 1474 1437 Sicut
1490 1405 1572 1437 illud
1588 1405 1675 1449 quod
1691 1416 1800 1449 peeca-

207 1467 277 1495 tum
294 1466 351 1505 est,
370 1463 405 1495 in
419 1467 581 1507 quantum
597 1467 764 1507 peccatum
780 1467 844 1503 est,
861 1462 945 1494 nihil
961 1467 1026 1503 est,
1044 1467 1074 1493 et
1093 1462 1240 1494 homines
1256 1474 1330 1494 cum
1350 1467 1481 1506 peccant
1497 1462 1579 1494 nihil
1595 1462 1679 1494 fiunt
1697 1488 1705 1503 ‚
1723 1462 1801 1506 quia

208 1520 342 1561 abillo,
360 1521 418 1564 qui
444 1532 518 1553 vere
538 1525 585 1553 est
601 1546 608 1562 ,
626 1524 830 1564 separantur.
848 1520 943 1552 Unde
972 1520 1204 1563 llyeronymus
1218 1525 1228 1540 ⁷
1247 1533 1253 1552 ε
1273 1533 1289 1551 1(
1306 1520 1401 1559 Quod
1423 1532 1462 1552 cx
1489 1520 1555 1552 Deo
1577 1531 1643 1552 non
1659 1524 1725 1560 est,
1743 1520 1801 1563 qui

207 1578 295 1610 solus
310 1589 386 1610 vere
402 1583 448 1610 est
462 1604 469 1618 ‚
485 1589 551 1610 non
572 1589 639 1610 esse
654 1578 785 1609 dicitur.
803 1578 945 1620 Ideoque
961 1582 1127 1620 peccatum
1151 1577 1238 1621 quod
1264 1589 1322 1609 nos
1345 1590 1362 1609 a
1378 1589 1453 1610 vero
1469 1589 1535 1609 esse
1551 1577 1682 1609 abducit
1695 1603 1703 1617 ‚
1716 1577 1800 1609 1111111

208 1646 274 1668 θεεθ
289 1661 297 1676 ,
314 1635 366 1667 vel
383 1647 449 1667 non
474 1646 541 1667 θεεθ
555 1635 686 1667 dicitur.
704 1648 720 1665 ›>
740 1635 807 1667 Alii
822 1646 899 1667 vero
915 1635 1026 1667 dicunt
1050 1646 1180 1666 omnem
1207 1635 1344 1666 formam
1362 1661 1369 1674 ,
1387 1646 1459 1678 quae
1474 1634 1592 1666 scilicet
1609 1635 1802 1667 naturaliter

208 1697 266 1734 est,
284 1697 315 1725 et
329 1704 424 1726 omne
440 1693 528 1737 quod
545 1693 740 1725 naturaliter
755 1696 814 1733 est,
832 1704 898 1724 esse
914 1704 931 1724 a
942 1692 1025 1732 Deo;
1043 1692 1096 1723 scd
1113 1704 1131 1723 a
1146 1692 1250 1723 forma
1264 1692 1343 1723 idoli
1359 1703 1423 1723 non
1439 1696 1485 1723 θεῖ
1500 1692 1706 1732 naturaliter,
1723 1691 1801 1735 quia

209 1755 337 1783 naturae
348 1750 484 1794 justitiae
506 1762 572 1783 non
594 1750 705 1783 servit.
722 1750 759 1782 Id
774 1750 862 1782 enim
878 1750 1072 1781 naturaliter
1096 1760 1162 1781 esse
1179 1749 1318 1790 (licitur,
1336 1749 1424 1792 quod
1439 1749 1579 1792 simplici
1595 1752 1720 1781 naturae
1732 1748 1802 1792 jus-

207 1808 284 1841 titiae
299 1834 307 1849 ‚
323 1819 394 1852 quae
410 1807 496 1840 Deus
519 1812 585 1848 est,
601 1807 742 1848 militat,
761 1818 825 1839 non
851 1807 985 1839 resultat
1000 1833 1007 1847 ‚
1026 1812 1055 1839 ct
1083 1811 1233 1839 naturum
1250 1811 1389 1838 creatam
1409 1817 1475 1838 non
1491 1807 1594 1838 vitiat.
1613 1805 1801 1838 Secundum

207 1870 403 1910 praeceptum
427 1870 474 1898 θεῖ
488 1868 497 1883 ⁸
517 1878 523 1898 ε
542 1867 617 1898 Non
635 1876 778 1897 assumes
805 1876 924 1897 nomen
948 1865 1010 1896 Dei
1030 1865 1078 1896 ίιιὶ
1102 1865 1136 1896 in
1150 1876 1286 1896 vanum.
1305 1864 1399 1902 Quod
1426 1868 1473 1896 cst
1495 1864 1600 1896 dicere
1622 1863 1803 1896 secundum

207 1923 348 1956 litteram
367 1936 374 1955 :
390 1923 462 1956 Non
484 1923 610 1967 jurabis
626 1934 684 1966 pro
700 1922 804 1955 nihilo
827 1934 884 1966 per
899 1933 1019 1955 nomen
1035 1922 1103 1954 Dei.
1125 1922 1306 1965 Allegoriee
1324 1933 1400 1954 vero
1417 1928 1427 1942 ‘³
1442 1922 1630 1965 praecipitur
1644 1948 1651 1962 ‚
1679 1925 1714 1954 ut
1738 1932 1803 1954 non

209 1985 301 2024 putes
313 1985 494 2013 creaturam
510 1991 575 2012 θεεθ
591 1980 757 2012 Christum
772 1980 831 2011 Dei
847 1980 982 2021 Filium,
1001 1979 1080 2023 quia
1094 1980 1200 2012 onmis
1217 1986 1368 2011 creatura
1380 1980 1525 2011 vanitati
1539 1979 1685 2022 subjecta
1696 1980 1729 2019 ¹⁰,
1746 1978 1801 2011 sed

212 2038 371 2081 &qualem
389 2038 490 2070 Patri.
509 2037 657 2069 Tertium
675 2048 751 2069 vero
766 2041 963 2080 praeceptum
983 2040 1000 2056 ¹¹
1020 2049 1026 2067 :
1043 2038 1207 2069 Memento
1224 2043 1259 2069 ut
1274 2036 1359 2069 diem
1376 2037 1506 2069 sabbati
1519 2037 1716 2079 sanctifices.
1734 2035 1800 2068 Ubi

210 2095 389 2128 secuudum
411 2095 553 2127 litteram
570 2094 758 2138 praecipitur
774 2094 898 2125 sabbati
914 2094 1140 2133 obseiw'autia;
1160 2094 1330 2135 allegorice
1347 2105 1423 2126 vero
1440 2119 1447 2134 ,
1466 2098 1502 2125 ut
1518 2093 1664 2137 requiem
1679 2119 1686 2133 ,
1703 2097 1734 2125 et
1749 2092 1802 2124 hic

211 2164 228 2184 a
245 2153 350 2194 vitiis,
367 2157 397 2185 et
413 2153 446 2184 in
463 2153 575 2184 futuro
593 2152 627 2184 in
643 2152 700 2184 Dei
716 2152 989 2196 contemplatione
1005 2156 1151 2195 expectes
1167 2163 1204 2183 ex
1220 2151 1343 2194 Spiritu
1360 2155 1468 2183 sancto
1483 2177 1490 2191 ‚
1508 2150 1539 2182 id
1555 2156 1619 2190 est,
1637 2162 1675 2182 ex
1692 2150 1799 2182 chari-

211 2215 272 2243 tate
298 2215 328 2242 et
351 2210 435 2242 dono
450 2210 524 2250 Dei;
544 2221 610 2241 non
626 2209 713 2252 quod
731 2209 873 2253 Spiritus
890 2210 1027 2241 Sanctus
1043 2209 1110 2240 sinc
1127 2209 1220 2240 Patre
1236 2234 1242 2248 ,
1261 2213 1291 2240 et
1306 2208 1389 2240 Filio
1405 2208 1464 2240 hoc
1486 2212 1649 2252 operetur.
1669 2207 1801 2251 Accepit

210 2269 323 2312 utique
339 2267 480 2300 Ecclesia
494 2266 554 2298 hoc
570 2267 714 2307 donum,
732 2272 768 2298 ut
784 2267 817 2298 in
834 2266 959 2310 Spiritu
976 2271 1086 2299 sancto
1102 2266 1156 2298 fiat
1171 2265 1316 2298 remisfio
1332 2270 1547 2309 peccatorum.
1566 2266 1671 2304 Quam
1688 2266 1801 2298 remis-

209 2326 332 2358 sionem
348 2336 422 2357 cum
439 2324 581 2356 Trinitas
596 2323 703 2363 faciat,
722 2324 851 2367 proprie
867 2328 976 2355 tamen
990 2324 1029 2355 ad
1046 2324 1207 2367 Spiritum
1223 2328 1370 2355 sanctum
1391 2323 1510 2355 dicitur
1524 2323 1684 2366 pertinere
1698 2349 1705 2363 ‚
1724 2322 1801 2366 quia

210 2384 276 2427 ipse
291 2388 338 2416 est
354 2383 487 2427 spiritus
509 2381 692 2426 adoptionis
714 2381 860 2414 liliorum
875 2394 883 2423 ;
900 2381 966 2425 ipse
983 2386 1030 2414 θεῖ
1045 2381 1150 2413 Patris
1164 2386 1194 2413 et
1208 2380 1284 2413 Filii
1300 2392 1402 2422 amor,
1423 2385 1454 2412 et
1473 2381 1631 2413 connexio
1647 2381 1698 2413 vel
1715 2391 1801 2412 com-

244 2494 250 2510 ¹
264 2493 408 2524 Ezod.‚xx,
420 2494 443 2521 3,
459 2494 490 2522 4;
508 2492 571 2515 Dent
584 2509 592 2521 ,
606 2496 631 2521 V,
643 2492 666 2521 7,
688 2492 711 2515 8,
723 2491 768 2507 -2
781 2492 856 2521 Aug..
872 2491 993 2519 intima„
1009 2499 1033 2521 q.
1051 2497 1123 2514 rui.
1135 2504 1165 2508 —
1177 2491 1205 2513 31
1221 2491 1287 2521 Cor„
1303 2497 1357 2520 vui,
1371 2492 1393 2514 4.
1406 2491 1454 2508 -δ
1467 2492 1542 2520 Aut-n,
1560 2491 1586 2513 in
1603 2491 1674 2514 Joan.
1692 2490 1799 2521 Ευιιιιφ,

211 2530 281 2552 tract.
296 2535 314 2558 1,
329 2536 354 2552 n.
369 2530 405 2552 13.
416 2541 445 2545 —
455 2528 465 2545 ⁵
479 2527 554 2557 Itum,
570 2526 645 2557 paulo
659 2526 812 2550 inferius.—-
824 2527 834 2542 ⁶
848 2526 1030 2553 12e110m.,1ib.
1044 2526 1072 2556 11,
1084 2526 1142 2549 dist.
1155 2532 1295 2550 xxxv11.-
1307 2526 1316 2542 Ἰ
1328 2525 1594 2555 Hier011‚,inE:ec!2.,
1604 2527 1629 2548 et
1639 2525 1721 2556 Epist.
1736 2531 1799 2555 Lvu,

209 2563 244 2586 ad
261 2564 371 2592 Damas„
386 2570 442 2594 quan
456 2562 543 2593 incipit
560 2569 565 2585 :
583 2561 702 2590 Ouetiston
724 2562 828 2584 vetusto.
840 2574 869 2579 —
880 2561 891 2578 Β
908 2561 1000 2589 Ειοι1.,
1017 2567 1062 2590 xx,
1076 2562 1107 2590 ·1;
1124 2561 1207 2591 Dent„
1223 2567 1247 2590 V,
1264 2564 1340 2585 11.-
1350 2561 1360 2578 ⁹
1375 2561 1445 2591 isid„
1459 2568 1533 2591 supet·
1553 2560 1634 2584 Esod.
1644 2573 1674 2578 -
1689 2561 1708 2576 ¹⁰
1723 2560 1800 2589 Rom„

210 2604 264 2628 vui,
282 2602 358 2622 211-
373 2599 389 2614 ¹¹
405 2598 491 2627 Haud,
510 2603 553 2625 xx,
567 2599 596 2626 85
615 2597 697 2626 veut„
714 2602 738 2626 r,
756 2599 792 2620 12.
