2017 2948
83 2308 118 2329 Ad
135 2316 185 2336 opp.

217 163 275 192 100
770 161 1078 194 SENTENTIARUM
1099 163 1172 195 LlB.
1197 165 1248 196 111.

216 229 325 258 utrum
349 229 416 259 istae
434 228 496 259 sint
510 228 644 260 diversae
667 229 790 260 timoris
804 230 937 269 species;
955 231 985 259 et

215 280 299 318 quod
316 280 371 318 sic,
385 280 511 312 videtur
527 281 629 321 primo
644 291 699 321 per
714 282 900 313 divisionem
917 282 984 313 Ma-

215 332 318 371 gistri,
334 343 398 373 qua
408 334 520 366 dividit
534 335 679 366 timorem
696 336 728 365 in
743 339 880 375 quatuor
893 336 984 367 diffe-

213 388 346 419 rentias:
365 391 396 419 et
410 398 520 420 omnes
535 390 606 421 alise
630 390 815 421 differentiae
831 394 903 421 sunt
921 393 982 421 t'or-

214 440 339 471 maliter
353 441 532 473 differentes
546 454 552 474 :
566 443 690 474 videtur
702 453 779 483 ergo
794 444 879 483 quod
894 445 982 474 simi-

212 492 283 524 liter
299 494 338 525 sit
353 495 492 535 reperire
510 496 591 527 circa
612 496 759 527 timorem
783 497 935 528 initialem
954 499 984 528 et

213 545 353 578 filialem.

253 598 330 631 Item
358 601 418 632 hoc
447 602 552 642 ipsum
580 603 704 634 videtur
732 604 876 634 ratione:
909 603 984 643 quia

213 652 308 683 timor
331 653 471 691 initialis,
491 657 521 685 et
544 655 666 692 filialis,
690 658 745 686 aut
774 656 984 695 distinguitur

213 708 369 745 quantum
393 707 431 738 ad
454 708 651 738 essentialem
671 708 903 748 differentiam,
928 711 984 740 aut

212 758 315 789 solum
330 762 485 798 quantum
504 761 543 791 ad
558 762 675 791 statum
689 771 696 792 ι
715 761 740 791 si
756 762 860 801 primo
876 762 981 800 modo,

212 812 287 841 tunc
305 810 407 842 habeo
432 813 644 852 propositum;
670 814 694 843 si
714 814 852 845 secundo
876 815 981 853 modo,

212 866 320 895 contra
332 865 424 904 :quia
434 865 527 896 timor
536 865 633 897 habet
644 875 710 897 esse
722 867 754 897 iu
763 867 875 907 triplici
886 870 980 906 statu,

212 918 389 948 secundum
414 919 498 958 quod
521 919 638 959 triplex
659 922 705 951 est
726 922 826 952 status
844 921 983 952 hominis

207 970 300 1008 justi,
317 971 462 1002 videlicet
473 972 504 1002 in
519 974 602 1003 statu
616 973 805 1013 incipientis,
821 975 983 1014 proficien-

211 1022 268 1061 tiS,
293 1026 324 1054 et
347 1024 486 1063 perfecti.
511 1024 589 1056 Cum
613 1035 691 1066 ergo
717 1026 867 1066 Magister
894 1027 981 1058 illam

210 1077 421 1110 differentiam
440 1088 503 1110 non
522 1081 670 1120 apponit,
687 1082 813 1113 videtur
827 1083 911 1122 quod
927 1085 982 1113 ant

210 1133 255 1160 est
270 1131 474 1170 insufficiens,
491 1135 546 1163 aut
566 1134 639 1164 istas
654 1135 846 1166 differentias
862 1136 982 1166 timoris

209 1191 274 1214 non
286 1184 426 1224 assignet
443 1185 641 1217 solummodo
656 1188 760 1226 quoad
775 1190 910 1219 statum:
923 1198 981 1220 nec

209 1238 334 1268 tantum
349 1237 461 1269 divisio
476 1239 617 1278 Magistri
633 1240 759 1271 videtur
775 1250 839 1272 esse
855 1242 980 1273 insusti-

208 1289 312 1327 ciens,
336 1290 401 1322 imo
429 1294 459 1322 et
491 1292 604 1323 divisio
628 1293 817 1333 Augustini,
848 1296 879 1324 et
900 1294 980 1324 alio-

208 1343 312 1380 rum¹,
337 1344 390 1383 qui
416 1345 454 1376 de
474 1345 532 1375 hac
556 1346 687 1376 materia
712 1346 899 1386 loquuntur,
925 1348 980 1387 qui

207 1395 406 1427 solummodo
422 1398 452 1428 in
470 1398 526 1429 has
542 1399 661 1438 species
672 1399 818 1430 dividunt
832 1401 978 1431 timorem

206 1449 395 1487 gratuitum.

247 1500 323 1532 Item
339 1502 502 1534 diversitas
524 1505 693 1537 habituum
717 1506 804 1536 venit
819 1515 859 1536 ex
873 1506 978 1537 diver-

207 1553 296 1584 sitate
319 1555 534 1593 objectorum:
560 1559 630 1595 sed,
654 1559 735 1589 sicut
757 1558 906 1597 Magister
930 1559 980 1589 in-

207 1606 290 1645 nuit,
303 1609 514 1639 communiter
528 1611 622 1641 etiam
639 1613 773 1649 tenetur,
786 1612 870 1650 quod
885 1612 979 1642 timor

207 1659 335 1690 initialis
345 1661 440 1692 habet
451 1663 579 1693 oculum
593 1665 631 1695 ad
643 1673 780 1704 poenam,
793 1665 888 1695 timor
903 1674 978 1695 vero

206 1713 310 1744 filialis
341 1714 435 1746 habet
464 1718 592 1748 oculum
624 1719 662 1749 ad
691 1719 870 1749 offensam:
901 1728 978 1758 ergo

205 1767 332 1798 videtur
343 1769 426 1807 quod
442 1770 494 1800 hic
514 1772 621 1810 timor,
640 1774 670 1802 et
689 1772 751 1810 ille,
768 1772 831 1802 sint
843 1772 976 1803 diversae

205 1820 323 1859 species
338 1822 470 1854 timoris.

244 1873 334 1913 Item,
355 1875 450 1906 timor
474 1877 602 1907 initialis
625 1878 765 1908 medium
788 1880 872 1909 tenet
896 1878 978 1909 inter

203 1927 352 1966 servilem
366 1930 397 1959 et
418 1929 565 1960 filialem:
589 1932 619 1960 et
640 1933 796 1970 quantum
817 1931 856 1961 ad
881 1932 978 1961 ratio-

202 1988 277 2009 nem
298 1980 497 2019 deveniendi,
514 1983 589 2022 quia
604 1993 659 2023 per
681 1984 828 2014 servilem
847 1984 977 2014 deveni-

203 2034 257 2062 tur
280 2033 319 2062 ad
341 2034 470 2064 filialem
497 2035 653 2066 mediante
675 2036 799 2074 initiali,
825 2039 855 2065 et
881 2037 975 2066 etiam

203 2087 361 2123 quantum
391 2087 429 2117 ad
459 2088 590 2118 modum
614 2088 766 2119 timendi:
797 2098 870 2118 cum
897 2097 975 2127 ergo

202 2136 297 2167 timor
319 2138 448 2168 initialis
470 2139 510 2169 sit
531 2139 654 2170 diversa
678 2140 795 2179 species
819 2149 838 2170 a
862 2140 976 2171 timore

203 2189 321 2229 servili,
338 2191 462 2222 videtur
484 2192 579 2222 etiam
594 2193 678 2232 quod
695 2193 734 2223 sit
756 2193 880 2224 diversa
904 2202 976 2233 spe-

203 2242 264 2272 cies
279 2252 298 2273 a
310 2243 410 2275 filiali.

242 2295 303 2326 Sed
320 2299 444 2329 contra:
458 2301 487 2329 1.
503 2299 535 2329 Si
553 2308 654 2329 unum
666 2299 882 2339 oppositorum
897 2299 974 2329 dici-

200 2349 253 2378 tur
268 2350 494 2389 multipliciter,
518 2355 549 2382 et
570 2352 740 2392 reliquum,
772 2355 802 2383 et
821 2353 847 2382 si
870 2361 972 2383 unum

199 2402 417 2440 oppositorum
436 2413 502 2434 non
522 2404 638 2435 dicitur
655 2405 890 2444 multipliciter,
917 2414 973 2435 nec

198 2453 382 2493 reliquum:
400 2456 453 2487 sed
475 2466 545 2496 spes
566 2466 630 2488 non
652 2458 746 2489 habet
769 2458 972 2497 multiplicari

199 2513 255 2544 per
269 2508 386 2545 species
404 2511 435 2540 et
458 2509 671 2541 differentias:
696 2520 773 2550 ergo
790 2520 849 2541 nec
865 2511 969 2541 timor.

196 2617 199 2620 Ι
226 2586 233 2600 ¹
241 2587 526 2619 Aiig.‚Epist.1'nJoarz„
537 2593 682 2620 traet.1x‚n.
692 2592 715 2621 S,
725 2591 855 2620 etalibi‚ut
865 2592 972 2616 habetur

194 2619 349 2645 1nlittera.—
359 2624 568 2655 ¹1d.,lract..x111,
582 2629 606 2650 et
615 2626 681 2655 alibi,
694 2627 832 2651 uthabetur
840 2627 866 2650 in
877 2627 968 2651 littera.

1081 230 1157 261 Item
1179 233 1283 272 magis
1305 235 1477 273 perfectum
1489 259 1497 272 ,
1513 238 1543 266 et
1565 236 1671 267 minus
1690 236 1811 276 perfec-

1039 285 1108 314 tum
1119 308 1127 321 ‚
1158 294 1221 316 non
1250 287 1463 319 diversificant
1490 297 1559 319 rem
1588 291 1746 328 quantum
1772 289 1811 320 ad

1039 337 1174 375 speciem
1194 350 1200 368 :
1215 340 1268 370 sed
1284 340 1378 370 timor
1393 341 1533 379 initialis,
1549 344 1580 372 et
1592 341 1705 379 filialis,
1721 341 1811 372 diffe-

1040 393 1114 419 runt
1137 391 1217 422 sicut
1239 393 1342 433 magis
1356 394 1544 433 perfectum,
1568 396 1598 424 et
1613 394 1720 425 minus
1738 403 1811 434 per-

1040 442 1172 481 fectum;
1190 454 1268 484 crgo
1278 446 1455 477 secundm
1468 447 1604 486 speciem
1619 456 1684 478 non
1698 447 1811 478 distin-

1039 499 1196 534 guuntur.
1569 542 1574 544 .

1079 552 1107 580 3.
1133 550 1222 587 Item,
1246 552 1326 582 sicut
1350 553 1506 592 contingit
1526 562 1643 593 ponere
1665 553 1810 584 timorem

1039 602 1200 642 initialem,
1218 606 1249 635 et
1268 605 1408 644 filialem,
1431 606 1487 645 qui
1508 609 1554 636 est
1575 606 1752 646 perfectior,
1768 606 1812 637 sic

1038 656 1133 686 etiam
1146 658 1302 696 contingit
1313 667 1431 698 ponere
1444 667 1586 689 amorem
1602 659 1765 696 initialem,
1781 661 1812 690 et

1038 712 1294 740 consummatum
1305 734 1312 748 ,
1342 712 1372 741 et
1399 711 1572 750 perfectum
1590 723 1596 742 :
1629 721 1703 742 cum
1732 719 1812 751 ergo

1038 770 1128 793 amor
1140 771 1195 801 per
1212 762 1268 793 has
1280 763 1472 794 differentias
1485 773 1550 795 non
1568 765 1680 795 habeat
1696 773 1810 795 secun-

1039 815 1114 845 dum
1136 816 1254 855 species
1277 816 1495 854 diversificari,
1518 817 1646 848 videtur
1669 817 1812 848 similiter

1038 869 1123 908 quod
1136 878 1192 899 nec
1206 870 1311 900 timor.

1078 924 1106 952 4.
1132 921 1221 960 Item,
1242 931 1314 962 quae
1328 922 1447 953 habent
1462 925 1568 954 ortum
1583 923 1622 953 ab
1636 923 1747 954 eodem
1761 932 1809 954 se-

1037 974 1178 1005 cundum
1189 975 1338 1015 speciem,
1353 978 1427 1006 sunt
1440 976 1582 1016 eJusdem
1596 975 1722 1016 speciei,
1735 976 1810 1016 quia

1037 1026 1063 1056 si
1079 1036 1173 1058 causa
1193 1030 1239 1058 est
1260 1028 1407 1066 univoca,
1434 1031 1465 1059 et
1487 1029 1618 1060 effectus
1632 1029 1808 1060 univocus:

1037 1079 1089 1110 sed
1106 1080 1200 1111 timor
1217 1080 1346 1111 initialis
1358 1105 1367 1119 ,
1385 1084 1415 1112 et
1429 1084 1551 1119 castus,
1571 1084 1676 1112 ortum
1693 1081 1811 1113 habent

1036 1133 1075 1162 ab
1099 1141 1206 1164 amore
1233 1134 1374 1173 gratuito
1385 1158 1393 1172 ‚
1424 1135 1602 1165 secuudum
1629 1134 1714 1174 quod
1742 1134 1812 1166 vult

1036 1185 1273 1224 Augustinus2,
1290 1189 1320 1217 et
1341 1187 1397 1217 iste
1418 1189 1464 1217 est
1486 1196 1569 1218 unus
1583 1196 1673 1218 amor
1686 1189 1810 1218 tantum

1035 1240 1210 1270 secundum
1223 1240 1359 1279 speciem
1373 1251 1378 1270 :
1394 1249 1472 1279 ergo
1487 1241 1612 1271 videtur
1626 1241 1710 1280 quod
1726 1241 1812 1272 simi-

1035 1291 1105 1322 liter
1122 1293 1162 1322 sit
1178 1294 1208 1323 et
1223 1293 1256 1323 in
1272 1293 1397 1323 timore.

1077 1348 1105 1375 5.
1130 1345 1225 1383 ltem,
1250 1346 1276 1375 si
1300 1346 1407 1385 plures
1428 1349 1501 1376 sunt
1525 1346 1655 1376 timores
1678 1346 1810 1385 gratuiti

1035 1397 1150 1428 diversi
1166 1398 1342 1428 seeundum
1358 1398 1507 1438 speciem,
1524 1407 1599 1429 cum
1613 1398 1744 1438 quilibet
1760 1407 1810 1430 eo·
2014 1410 2017 1428 4

1035 1460 1108 1481 rum
1123 1451 1161 1481 sit
1176 1451 1297 1481 donum
1312 1451 1448 1490 Spiritus
1464 1452 1563 1482 sancti
1575 1476 1582 1490 ‚
1597 1453 1672 1482 tuuc
1684 1452 1811 1483 videtur

1034 1503 1118 1543 quod
1134 1503 1216 1533 dona
1238 1503 1376 1543 Spiritus
1394 1504 1493 1534 sancti
1509 1504 1571 1534 sint
1584 1504 1694 1543 plura,
1713 1513 1810 1544 quam
1998 1523 2008 1545 t

1034 1558 1167 1595 septem.
1998 1555 2008 1580 θ

1074 1612 1103 1639 6.
1130 1609 1219 1647 Item,
1237 1610 1261 1639 si
1276 1610 1371 1640 timor
1385 1610 1526 1647 initialis,
1541 1613 1571 1640 et
1587 1612 1702 1645 castus¹
1718 1610 1809 1641 diffe-
1996 1581 2008 1654 1

1033 1665 1120 1699 runt,
1137 1662 1197 1692 hoc
1214 1671 1278 1692 uon
1294 1665 1339 1693 est
1354 1662 1414 1692 nisi
1429 1663 1505 1702 quia
1519 1663 1576 1693 iste
1590 1662 1687 1693 habet
1700 1663 1809 1694 oculos
1998 1659 2017 1977 ἦ

1033 1715 1071 1746 ad
1088 1725 1214 1755 poenam
1225 1740 1232 1753 ‚
1249 1716 1300 1746 ille
1317 1716 1355 1746 ad
1370 1716 1540 1753 offensam,
1564 1716 1645 1746 sicut
1659 1715 1808 1755 Magister

1033 1768 1136 1807 tangit
1151 1768 1185 1798 in
1199 1768 1312 1799 littera.
1330 1768 1391 1798 Sed
1406 1770 1515 1799 contra
1531 1779 1536 1798 :
1555 1767 1636 1805 Una,
1653 1771 1683 1798 et
1697 1768 1807 1799 eadem

1032 1821 1149 1860 species
1165 1821 1288 1852 timoris
1307 1823 1355 1851 est
1376 1830 1441 1860 qua
1455 1821 1527 1860 quis
1542 1821 1631 1851 timet
1645 1820 1745 1852 Deum
1759 1821 1804 1852 of-

1032 1872 1169 1910 fendere,
1191 1876 1221 1903 et
1245 1882 1263 1903 a
1286 1873 1349 1904 Deo
1371 1873 1532 1913 separari:
1556 1883 1629 1904 cum
1650 1882 1727 1912 ergo
1747 1873 1807 1904 ista

1032 1925 1095 1954 sint
1119 1925 1255 1963 diversa,
1281 1929 1310 1956 et
1329 1928 1436 1956 tamen
1451 1927 1547 1957 timor
1569 1936 1633 1957 non
1649 1926 1805 1958 diversifi-

1032 1980 1122 2008 catur
1132 1980 1274 2017 respectu
1288 1979 1416 2016 horum,
1428 1979 1554 2010 videtur
1563 1979 1708 2009 similiter
1718 1979 1802 2018 quod

1032 2040 1089 2061 nec
1115 2031 1320 2062 diversificari
1340 2032 1455 2063 habeat
1478 2034 1621 2071 respectu
1647 2040 1750 2071 poenae
1772 2033 1804 2063 et
2000 2029 2017 2079 1

1032 2084 1172 2121 offensae,
1186 2085 1324 2114 maxime
1339 2094 1413 2114 cum
1428 2085 1593 2115 videamus
1607 2084 1693 2123 quod
1707 2084 1803 2115 timor
2001 2051 2017 2112 i*

1031 2136 1161 2166 initialis
1175 2137 1289 2167 habeat
1303 2137 1343 2167 ad
1358 2140 1532 2176 utrumque
1547 2137 1696 2176 aspicere.
2004 2102 2017 2184 ’1

1304 2252 1529 2285 CONCLUSIO.

1032 2342 1122 2367 Timor
1144 2341 1279 2374 initialis,
1296 2343 1320 2367 ct
1343 2342 1453 2374 filialis,
1474 2350 1527 2368 non
1552 2342 1681 2376 differunt
1693 2344 1778 2377 specie
1791 2362 1801 2374 ‚

1066 2394 1110 2412 uec
1125 2388 1229 2411 tautum
1246 2385 1383 2411 secundnm
1400 2387 1549 2419 perfectum
1563 2389 1588 2413 et
1606 2388 1800 2421 imperfectum,

1064 2430 1109 2456 sed
1121 2430 1262 2456 secundnm
1287 2429 1390 2456 modum
1416 2430 1549 2458 diversum
1572 2431 1693 2458 timendi.

1027 2562 1103 2592 tiam
1116 2564 1161 2591 est
1176 2562 1366 2599 notandum,
1383 2563 1468 2602 quod
1480 2563 1532 2593 hic
1544 2565 1590 2593 est
1602 2562 1721 2602 duplex
1733 2571 1800 2593 mo-

2004 2470 2017 2485 b

1069 2508 1160 2548 Resp.
1178 2508 1217 2538 ad
1232 2517 1302 2547 arg.
1315 2509 1362 2540 Ad
1381 2510 1606 2549 praedictorum
1622 2509 1800 2549 intelligen-
2012 2510 2014 2514 '

1026 2616 1086 2646 dus
1101 2614 1235 2645 dicendi.
1255 2615 1388 2651 Quidam
1403 2616 1489 2646 enim
1503 2616 1673 2647 voluerunt
1681 2615 1796 2654 dicere,
1809 2631 1882 2658 opin.
1900 2634 1918 2653 ι.
2010 2529 2017 2771 1

2004 2775 2017 2948 l
