2017 2948
744 152 932 185 DISTINCT.
956 153 1007 183 Xl.
1031 152 1131 183 PARS
1155 153 1190 182 ll.
1712 155 1769 184 489

191 228 273 257 tum.
291 237 308 256 »
325 224 365 258 Et
379 225 450 258 ideo
465 225 577 265 etiam,
594 235 634 255 ne
648 222 836 255 abhorreret
850 221 999 262 animus,
1014 219 1102 264 quod
1117 223 1262 252 cerneret
1277 219 1391 252 oculus
1409 233 1416 252 ε
1434 221 1513 264 quia
1533 231 1599 253 nou
1614 220 1773 253 habemus

184 282 219 314 in
240 293 301 315 usu
330 294 458 315 carnem
484 281 617 314 crudam
642 279 828 320 comedere,
847 283 878 311 et
894 278 1088 321 sanguinem
1114 277 1236 310 hibere.
1263 277 1348 316 Quia
1372 288 1449 320 ergo
1474 277 1640 310 Christum
1662 278 1771 310 vorari

185 339 340 373 dentibus
355 340 401 372 fas
416 350 482 372 non
497 342 561 379 est,
585 338 619 370 in
644 337 797 381 mysterio
818 347 948 368 carnem
973 340 1003 368 et
1021 335 1214 378 sanguinem
1237 335 1331 367 nohis
1346 335 1596 367 commendavit.
1616 335 1655 367 Et
1673 335 1771 367 etiam

184 397 256 430 ideo
270 408 310 429 ne
325 397 365 429 ab
381 396 558 429 incredulis
572 394 723 436 religioni
738 393 921 426 christianae
936 393 1160 425 insultaretur.
1178 391 1272 425 Unde
1289 391 1495 434 Augustinus
1513 396 1519 411 ¹
1540 404 1546 423 :
1565 406 1580 422 t(
1609 392 1698 424 Nihil
1721 403 1772 424 ra-

184 454 392 495 tionabilius,
409 465 509 498 quam
524 457 562 486 ut
576 452 744 495 sanguinis
762 451 1012 483 similitudinem
1031 462 1199 483 sumamus
1217 464 1224 483 :
1242 454 1278 482 ut
1300 454 1330 483 et
1345 450 1389 482 ita
1404 450 1523 482 veritas
1542 460 1607 482 non
1622 450 1724 490 desit,
1742 454 1773 482 et

183 511 361 544 ridiculum
378 510 509 543 nullum
531 510 587 543 fiat
603 522 620 542 a
637 509 790 554 paganis,
813 508 901 552 quod
923 519 1072 540 cruorem
1093 507 1186 540 occisi
1207 507 1349 540 hominis
1370 507 1533 540 bibamus.
1557 506 1604 539 Ne
1622 518 1698 549 ergo
1713 507 1772 539 hoe

184 568 297 611 fieret,
318 572 348 601 et
363 580 403 601 ne
417 568 521 601 veluti
535 568 670 613 quidam
686 567 802 600 horror
819 568 900 598 esset
914 566 1038 598 cruoris
1051 591 1059 607 ,
1076 565 1109 597 in
1127 565 1376 598 similitudinem
1398 565 1576 609 accipimus
1590 575 1772 597 sacramen-

184 632 268 661 tum.
287 641 304 660 »
320 628 368 662 Ex
383 628 557 673 praemissis
567 628 637 672 jam
652 627 772 671 liquet,
789 637 891 671 quare
906 625 966 658 sub
981 625 1045 659 alia
1059 625 1161 669 specie
1172 652 1179 666 ,
1197 629 1227 658 et
1241 637 1342 669 quare
1357 625 1418 658 sub
1433 625 1492 658 ista
1512 625 1572 658 hoc
1589 635 1772 657 sacramen-

185 690 256 719 tum
268 685 428 719 Dominus
442 685 676 726 celebraverit,
693 688 724 717 et
738 683 895 717 celebrari
909 695 928 716 a
942 683 1036 716 nobis
1050 683 1239 715 instituerit.

230 743 292 776 Sed
308 755 409 788 quare
425 743 486 777 sub
501 743 624 787 duplici
638 742 741 786 specie
758 741 917 782 sumitur,
933 752 1007 773 cum
1024 740 1084 772 sub
1099 741 1254 773 alterutra
1270 745 1355 773 totus
1370 741 1409 772 sit
1425 740 1596 773 Christus?
1614 740 1656 773 Ut
1671 744 1774 773 osten-

185 801 316 834 deretur
331 805 431 834 totam
448 801 627 834 humanam
643 804 795 833 naturam
811 799 1021 843 assumpsisse
1035 825 1042 840 ,
1064 802 1100 831 ut
1116 802 1214 831 totam
1233 798 1416 831 redimeret.
1436 798 1535 831 Panis
1548 799 1635 830 enim
1651 798 1690 830 ad
1706 809 1774 830 car-

185 870 260 892 nem
274 859 426 899 refertur,
442 859 556 891 vinum
573 858 613 891 ad
628 858 771 891 animam
785 871 792 899 ;
809 857 887 901 quia
901 857 1016 889 vinum
1034 861 1187 901 operatur
1202 857 1409 899 sanguinem,
1423 856 1456 888 iu
1471 868 1537 900 quo
1552 855 1641 889 sedes
1657 856 1775 888 animae

185 928 203 949 a
218 917 359 961 physicis
374 928 440 949 esse
457 916 587 949 dicitur,
613 915 688 948 Ideo
703 926 779 957 ergo
804 915 838 947 in
859 914 987 947 duabus
1003 914 1171 958 speciebus
1192 914 1375 946 celebratur
1388 939 1396 955 ‚
1414 918 1450 945 ut
1471 914 1588 946 animae
1616 917 1647 945 et
1669 913 1776 946 caruis

185 974 344 1019 susceptio
360 974 394 1006 in
409 973 555 1014 Christo,
573 978 604 1006 et
620 973 791 1017 utriusque
805 971 954 1004 liberatio
970 972 1003 1003 in
1029 972 1123 1004 nobis
1146 971 1359 1014 significetur.
1380 984 1396 1002 «
1418 971 1510 1004 Valet
1526 971 1631 1009 cuim,
1648 975 1684 1004 ut
1698 971 1777 1003 Am-

186 1031 313 1065 brosius
326 1032 336 1047 ²
352 1032 413 1072 ait,
430 1031 469 1064 ad
487 1031 658 1064 tuitionem
682 1029 826 1074 corporis
848 1033 879 1062 et
898 1029 1016 1062 animae
1032 1028 1119 1073 quod
1142 1028 1361 1073 percipimus,
1379 1029 1457 1072 quia
1479 1039 1553 1061 caro
1577 1028 1696 1061 Christi
1719 1039 1776 1072 pro

185 1090 289 1122 salute
304 1090 464 1134 corporis,
489 1089 622 1131 sanguis
648 1099 726 1121 vero
751 1099 808 1132 pro
833 1087 943 1120 anima
970 1090 1080 1119 nostra
1107 1087 1255 1128 offertur,
1277 1086 1359 1118 sicut
1390 1086 1613 1130 praefiguravit
1636 1085 1773 1129 Moyses.

185 1147 286 1188 Caro,
312 1147 439 1190 iuquit,
456 1156 515 1190 pro
538 1156 671 1190 corpore
688 1149 798 1178 nostro
824 1145 979 1185 offertur,
999 1144 1132 1187 sanguis
1152 1155 1210 1188 pro
1236 1143 1347 1176 anima
1365 1155 1372 1175 z
1396 1143 1449 1175 sed
1474 1148 1581 1175 tamen
1603 1143 1663 1176 sub
1689 1147 1777 1175 utra-

185 1215 249 1249 que
289 1204 392 1248 specie
422 1204 582 1244 sumitur,
613 1203 699 1247 quod
729 1202 768 1235 ad
798 1207 976 1246 utrumque
1012 1202 1099 1234 valet
1115 1228 1121 1242 ‚
1153 1202 1230 1245 quia
1262 1201 1323 1233 sub
1355 1205 1494 1244 utraque
1522 1200 1664 1233 sumitur
1693 1203 1777 1232 totus

185 1261 343 1295 Christus
362 1261 423 1294 Sed
450 1261 476 1294 si
497 1261 531 1293 iu
547 1261 649 1293 altera
672 1264 800 1293 tantum
822 1263 1022 1301 sumeretur,
1041 1259 1080 1292 ad
1103 1259 1236 1292 alterius
1264 1262 1413 1299 tantum,
1434 1257 1466 1290 id
1488 1262 1556 1299 cst,
1582 1258 1700 1290 animae
1725 1257 1775 1290 vel

185 1319 329 1363 corporis
345 1344 353 1360 ‚
386 1330 452 1351 non
485 1319 658 1362 utriusque
695 1317 814 1361 pariter
853 1317 1026 1350 tuitionem
1058 1317 1165 1349 valere
1196 1315 1448 1359 siguifisaretur.
1479 1329 1495 1346 n
1528 1315 1598 1348 Sul»
1636 1319 1775 1359 utraque

186 1377 289 1421 specie
322 1381 429 1409 tamen
459 1380 545 1409 totus
573 1375 715 1408 sumitur
743 1374 909 1416 Christus3
935 1386 994 1407 nec
1013 1374 1087 1418 plus
1106 1374 1167 1406 sub
1188 1378 1346 1418 utraque,
1374 1384 1432 1406 noc
1456 1373 1566 1405 minus
1590 1373 1651 1405 suh
1675 1372 1777 1405 altera

186 1438 313 1467 tantum
329 1434 483 1467 sumitur.
505 1447 521 1465 ‹<
536 1433 656 1466 Eadem
673 1433 760 1465 enim
785 1432 866 1465 ratio
887 1436 953 1472 est,
972 1436 1008 1465 ut
1029 1432 1074 1465 ait
1096 1432 1243 1464 Hilarius
1259 1433 1282 1473 ³,
1298 1431 1332 1464 in
1351 1442 1484 1475 corpore
1498 1431 1637 1472 Christi,
1655 1441 1726 1474 quae
1743 1430 1776 1463 iu

187 1503 307 1525 manna
322 1492 482 1535 praecessit
495 1517 503 1533 ⁷
521 1492 559 1524 de
574 1494 640 1535 quo
655 1491 775 1523 dicitur
790 1497 800 1514 ⁴
818 1503 824 1523 :
846 1491 910 1531 Qui
926 1491 1004 1534 plus
1025 1490 1199 1534 colleqerat
1213 1516 1221 1529 ‚
1239 1500 1305 1522 non
1329 1489 1443 1522 habuit
1467 1489 1610 1532 amplias
1622 1500 1635 1528 ;
1650 1499 1707 1521 nec
1722 1489 1777 1532 qui

186 1550 508 1594 minusparavezwt,
525 1548 640 1582 habuit
663 1549 783 1581 minus.
810 1549 851 1581 Et
875 1549 948 1580 licet
973 1549 1034 1581 suh
1060 1552 1198 1592 utraque
1218 1547 1322 1591 specie.
1337 1551 1486 1580 sumatur
1503 1552 1588 1579 totus
1607 1547 1775 1588 Christus,

186 1612 295 1641 tamen
321 1618 385 1640 nou
406 1607 443 1639 fit
464 1606 632 1640 conversio
649 1607 742 1651 panis
764 1606 828 1638 nisi
849 1606 883 1638 in
898 1617 1027 1638 carnem
1042 1631 1049 1647 ‚
1066 1617 1124 1638 nec
1139 1605 1207 1638 viui
1223 1605 1285 1638 uisi
1300 1605 1335 1638 iu
1350 1605 1556 1648 sanguinem.
1582 1604 1647 1637 Nec
1662 1604 1779 1636 debent

187 1665 250 1698 dici
265 1665 330 1698 duo
346 1668 544 1698 sacramenta
560 1690 567 1705 ,
584 1664 639 1697 sed
654 1675 757 1696 unum
776 1676 783 1705 3
801 1663 880 1708 quia
900 1664 960 1696 sub
982 1668 1121 1707 utraque
1143 1664 1246 1708 specie
1270 1663 1354 1695 idem
1379 1663 1532 1695 sumitur.
1553 1662 1667 1706 Neque
1686 1662 1781 1694 debet

186 1723 297 1756 iterari
312 1726 550 1755 sacramentum
564 1735 571 1764 ;
590 1722 667 1766 quia
681 1721 864 1753 benedictio
879 1732 946 1754 non
962 1721 1121 1765 repetitur
1138 1732 1236 1764 super
1251 1721 1388 1764 speciem
1406 1720 1565 1752 eamdem.
1583 1720 1695 1764 Neque
1709 1720 1779 1753 aliae

187 1780 376 1814 suhstautiae
392 1781 426 1813 in
448 1780 643 1813 sacrificium
665 1779 811 1811 veritatis
834 1779 944 1811 offerri
967 1779 1104 1820 debent;
1123 1779 1201 1823 quia
1223 1778 1261 1811 de
1286 1778 1358 1811 aliis
1382 1789 1447 1811 non
1474 1782 1577 1822 potest
1600 1778 1780 1810 consecrari

186 1849 304 1882 corpus
319 1838 437 1870 Christi
454 1838 505 1870 vel
522 1838 666 1881 sanguis.

231 1896 328 1939 Aqua
346 1906 420 1928 vero
434 1895 442 1910 ⁵
457 1895 662 1928 admiscenda
677 1901 724 1928 est
741 1897 835 1939 vino,
852 1897 930 1941 quia
950 1906 1036 1940 aqua
1057 1895 1216 1939 populum
1237 1895 1364 1938 signat,
1381 1895 1438 1939 qui
1454 1906 1510 1939 per
1526 1894 1644 1927 Christi
1659 1894 1779 1938 passio-

187 1963 261 1985 nem
288 1952 472 1997 redemptus
498 1957 554 1985 est.
579 1954 671 1986 Calix
693 1965 770 1997 ergo
794 1954 997 1994 dominicus,
1017 1954 1113 1997 juxta
1133 1964 1297 1985 canonum
1322 1956 1534 1996 praeceptum,
1557 1963 1642 1996 aqua
1656 1956 1687 1984 et
1702 1951 1779 1983 vino

188 2011 310 2043 mixtus
325 2011 418 2043 dehet
433 2011 562 2052 offerri,
579 2012 656 2055 quia
672 2012 822 2045 videmus
843 2012 878 2044 in
893 2023 978 2056 aqua
1002 2011 1162 2055 populum
1186 2010 1344 2053 intelligi,
1362 2011 1396 2042 in
1413 2010 1489 2043 vino
1505 2010 1631 2042 ostendi
1647 2009 1780 2052 sangui-

187 2079 262 2101 nem
278 2068 408 2102 Christi.
426 2068 509 2101 Cum
527 2080 604 2113 ergo
620 2070 651 2102 iu
667 2070 765 2102 calice
782 2070 858 2103 vino
874 2081 960 2114 aqua
974 2069 1138 2108 miscetur,
1157 2068 1283 2101 Christo
1299 2069 1440 2112 populus
1464 2068 1628 2101 adunatur
1642 2081 1648 2108 ;
1667 2072 1697 2099 et
1712 2078 1780 2100 cre-

187 2126 335 2159 dentium
351 2126 440 2171 plebs
456 2127 484 2159 ei
499 2153 506 2168 ,
524 2127 557 2159 in
576 2139 674 2171 quem
690 2128 791 2161 credit
805 2154 812 2169 ‚
828 2128 1002 2172 copulatur
1022 2140 1028 2159 z
1046 2138 1120 2171 quae
1136 2126 1299 2170 copulatio
1320 2137 1413 2170 aquae
1437 2130 1466 2158 et
1483 2126 1550 2158 viui
1566 2127 1610 2158 sic
1627 2126 1780 2158 miscetur

187 2183 222 2216 in
237 2183 334 2216 calice
349 2184 467 2217 Christi
481 2210 488 2226 ,
506 2188 542 2217 ut
558 2185 672 2218 mixtio
688 2185 745 2218 illa
766 2197 831 2218 non
854 2185 952 2229 possit
967 2184 1121 2229 separari.
1140 2184 1222 2217 Nam
1237 2184 1263 2216 si
1280 2185 1394 2217 viuum
1411 2185 1485 2229 quis
1501 2188 1629 2217 tantum
1645 2183 1777 2224 offerat,

188 2241 321 2284 sanguis
335 2241 454 2274 Christi
469 2242 583 2286 incipit
597 2254 663 2275 esse
680 2243 750 2276 sine
766 2243 872 2276 nobis.

233 2299 268 2332 Si
285 2310 361 2332 vero
376 2299 534 2343 quaeritur
549 2312 590 2332 an
609 2300 739 2333 irritum
756 2301 797 2334 sit
815 2301 902 2346 quod
918 2301 1055 2344 geritur,
1073 2302 1099 2334 si
1114 2313 1200 2345 aqua
1220 2300 1486 2344 praetermittatur
1501 2326 1507 2341 ,
1524 2300 1600 2332 audi
1622 2299 1709 2344 quod
1732 2309 1780 2331 se-

189 2357 303 2402 quitur
325 2357 358 2389 in
380 2357 491 2389 eodem
516 2358 661 2390 canone⁶
683 2371 688 2390 :
708 2371 724 2389 «
742 2358 813 2391 Non
836 2363 940 2403 potest
959 2360 968 2402 (
985 2360 1093 2403 inquit
1115 2360 1123 2402 )
1147 2359 1230 2391 calix
1256 2358 1386 2391 Domini
1408 2369 1474 2390 esse
1499 2369 1583 2401 aqua
1608 2357 1675 2389 sola
1691 2382 1699 2397 ,
1724 2360 1780 2388 aut
1810 2352 1813 2355 ⁴

189 2414 305 2447 vinum
330 2414 436 2447 solum
451 2440 458 2455 ‚
476 2414 538 2447 nisi
560 2418 738 2459 utrumque
761 2416 946 2449 misceatur.
964 2429 979 2447 >³
1000 2417 1079 2449 Item
1105 2416 1289 2460 Cyprianus
1303 2419 1312 2435 ⁷
1331 2428 1337 2447 ε
1360 2428 1376 2446 ι(
1391 2415 1483 2447 Calix
1498 2414 1629 2447 Domini
1652 2424 1717 2445 nou
1734 2418 1781 2446 est

190 2484 276 2518 aqua
289 2472 358 2505 sola
370 2498 378 2513 ,
395 2476 452 2505 aut
467 2472 581 2505 vinum
596 2473 702 2505 solum
718 2499 725 2514 ‚
742 2473 803 2506 nisi
820 2478 998 2518 utrumque
1016 2474 1188 2506 misceatur
1206 2485 1212 2505 :
1230 2474 1310 2505 sicut
1326 2483 1383 2505 nec
1399 2483 1515 2516 corpus
1530 2471 1660 2503 Domini
1678 2475 1781 2515 potest

222 2562 230 2578 ¹
241 2561 362 2590 nabetur,
377 2560 406 2584 tle
421 2560 544 2589 Consecr.‚
561 2570 564 2579 ι
579 2561 609 2584 ist
636 2567 664 2591 11,
681 2569 703 2585 c.
723 2562 808 2585 Utrum
821 2562 865 2585 sub
879 2563 1004 2594 fiqura.—-
1019 2563 1029 2579 ¹
1042 2564 1093 2586 luio
1109 2563 1191 2593 potius
1213 2562 1407 2590 Ambrosiastor,
1430 2561 1453 2583 in
1471 2561 1552 2590 Epz‘vt.
1569 2559 1603 2583 ml
1616 2559 1700 2589 Helua,
1717 2566 1738 2583 c.
1755 2565 1779 2583 x.

220 2596 231 2613 ⁸
248 2596 322 2620 Hilar.
344 2597 402 2625 PF„
418 2596 447 2619 tle
463 2596 583 2626 Consecr„
599 2596 657 2619 dist.
675 2602 703 2627 11,
719 2604 740 2620 c.
758 2596 802 2620 L‘bi
815 2605 875 2627 pars
887 2600 964 2621 est.—-
983 2599 992 2613 δ
1006 2597 1097 2627 Exod..
1116 2603 1168 2626 xvi,
1184 2599 1222 2622 18.
1235 2610 1265 2614 —
1282 2598 1292 2614 ¹⁵
1312 2597 1346 2620 De
1361 2596 1483 2623 Consecr.y
1498 2595 1555 2618 dist.
1572 2601 1600 2624 11,
1617 2602 1639 2619 c.
1657 2595 1740 2618 Omne.
1751 2607 1782 2613 —-

193 2632 201 2646 ⁸
211 2631 290 2656 Juliuz
308 2633 367 2662 Pr„
381 2631 410 2655 (le
425 2631 548 2661 Com-een,
563 2631 620 2655 dist.
637 2637 665 2661 υ,
678 2638 700 2656 c.
715 2632 770 2657 Non
783 2632 862 2656 debes.
872 2645 901 2651 -
913 2633 921 2649 ⁷
935 2633 1055 2662 liabetur,
1068 2633 1097 2657 de
1108 2633 1232 2662 Consecr..
1243 2632 1301 2656 dist.
1318 2638 1347 2661 ιι,
1363 2639 1385 2656 c.
1403 2631 1472 2655 sicut
1484 2631 1509 2654 ιή
1519 2630 1640 2661 sanctific.

1804 750 1872 773 Quare

1790 780 1828 800 suh
1857 780 1894 800 du·

1791 811 1895 837 pheispe-

1791 843 1832 861 ὼε.

1807 1902 1876 1926 Ουυφ

1794 1939 1847 1958 aqua
1864 1933 1898 1952 ad-

1795 1964 1881 1984 mmmm·

1794 1998 1828 2016 tur

1807 2304 1875 2324 Juhus
