2017 2948
37 1932 139 1953 Fundam.

586 152 681 183 DlST.
705 151 757 182 ΙΙΙ.
782 150 896 182 PAR'r.
922 151 945 181 1.
966 150 1056 181 ART.
1081 151 1104 181 1.
1125 150 1275 188 QUAEST.
1300 151 1323 181 1.

473 260 542 282 DUB.
559 259 604 281 VI.

242 318 409 342 Nihilominus
420 317 541 341 insinuari
555 316 656 340 videtur
671 322 770 345 verum,
787 317 836 338 etc.

198 379 304 409 lnnuit
322 378 508 409 Ambrosius
538 378 619 417 quod
646 377 762 407 sufficit
783 376 923 416 aliquam

157 441 363 472 personarum
376 431 569 471 exprimere;
583 431 636 461 sed
655 429 731 460 illud
745 431 791 459 est
806 428 923 459 intelli-

158 485 299 523 gendum
312 509 319 523 ,
338 493 402 515 non
425 485 500 524 quia
524 484 567 514 ibi
590 484 629 513 sit
651 483 743 522 plena
761 482 863 513 forma
875 505 882 519 ,
897 481 924 511 si

157 537 242 568 enim
256 537 412 576 crederet,
431 539 461 568 et
476 537 645 576 negligens
660 537 740 566 esset
755 535 838 575 quod
853 543 922 565 cre-

156 590 201 621 dit
214 590 402 630 exprimere,
412 600 477 621 non
492 590 651 620 sufficeret
669 600 675 620 z
692 590 723 619 et
737 588 807 619 ideo
818 588 922 618 solum

157 643 189 673 in
204 652 278 673 casu
292 645 339 673 est
354 643 545 673 credendum
560 643 666 681 ipsum
678 641 819 672 locutum
835 649 921 678 esse,

156 695 272 726 scilicet
286 696 312 725 si
327 696 420 736 plena
442 696 482 726 sit
505 696 582 726 tides
597 695 630 725 in
646 695 738 725 corde
748 718 757 732 ‚
773 703 831 724 nec
845 693 924 724 desit

155 748 274 787 aliquid
298 749 331 778 in
351 757 496 779 sermone
517 757 557 778 ex
573 748 767 787 negligentia
779 771 787 785 ,
803 746 856 778 sed
871 755 922 777 so-

154 800 222 831 lum
241 801 445 840 impotentia,
469 802 546 840 quia
570 802 646 831 tunc
669 801 793 840 supplet
816 800 925 831 divina

154 853 368 885 misericordia
377 878 386 892 ,
404 856 435 885 et
448 854 611 894 sapientia.

390 974 632 1007 ARTICULUS
657 974 682 1006 I.

194 1067 240 1097 Ad
264 1067 508 1106 intelligentiam
530 1067 628 1107 hujus
650 1067 749 1107 partis
765 1067 924 1107 quaeritur

153 1119 190 1150 de
217 1119 390 1159 quidditate
414 1120 563 1159 baptismi
582 1131 589 1157 ;
614 1122 645 1151 et
667 1120 749 1151 circa
774 1120 834 1151 hoc
857 1120 922 1150 duo

153 1172 366 1212 principaliter
393 1176 607 1212 quaeruntur:
636 1174 740 1213 primo
767 1173 923 1213 quaeritur

153 1225 191 1255 de
206 1225 275 1261 his,
292 1234 363 1264 quae
385 1225 542 1265 pertinent
564 1226 603 1256 ad
627 1226 844 1265 integritatem
870 1235 922 1256 sa-

153 1278 330 1308 cramenti:
352 1278 490 1309 secundo
514 1278 551 1308 de
575 1279 643 1317 his,
669 1288 743 1319 quae
767 1279 924 1318 pertinent

153 1331 192 1361 ad
207 1331 343 1361 formam
353 1331 455 1362 verbi.
473 1331 560 1362 Circa
576 1333 718 1371 primum
733 1334 923 1371 quaeruntur

154 1384 214 1414 tria
230 1393 236 1414 :
256 1384 360 1423 primo
375 1385 543 1424 quaeritur,
561 1384 638 1424 quid
653 1385 692 1414 sit
714 1385 891 1424 baptismus
905 1393 924 1414 a

154 1438 244 1476 parte
265 1436 411 1467 elementi
428 1448 435 1474 ;
459 1437 595 1467 secundo
617 1438 793 1476 quaeritur,
813 1439 923 1468 utrum

154 1489 191 1520 de
216 1490 453 1528 integritatibus
477 1491 546 1529 ejus
570 1490 609 1520 sit
629 1490 792 1530 expressio
806 1490 924 1524 vocalis

155 1542 242 1573 verbi
258 1552 265 1580 ;
283 1543 393 1580 tertio,
411 1545 523 1573 utrum
544 1543 720 1573 necessaria
734 1543 774 1573 sit
789 1543 924 1582 integri-

156 1597 251 1626 tatem
267 1596 416 1636 baptismi
430 1596 508 1627 fides
524 1596 659 1636 alicujus
673 1596 808 1627 articuli.

412 1707 589 1746 QUAESTIO
613 1709 636 1739 I.

199 1791 244 1816 An
263 1789 411 1824 baptismus
430 1789 570 1815 seeundum
589 1797 665 1816 sitam
685 1790 826 1816 essentiam
844 1791 880 1815 sit

391 1835 513 1860 intinctio
532 1835 561 1860 in
579 1842 651 1868 aqua
666 1836 684 1860 ¹.

197 1915 276 1952 Quid
291 1916 330 1945 sit
344 1915 519 1954 baptismus
532 1915 706 1946 secundum
722 1924 812 1946 suam
823 1924 925 1946 essen-

157 1969 251 2006 tiam,
268 1970 377 1999 utrum
391 1978 491 2008 aqua,
507 1968 557 1999 vel
570 1969 712 1999 intinctio
728 1970 761 1999 in
775 1979 870 2009 aqua.
887 1969 926 2000 Et

155 2021 238 2060 quod
249 2030 332 2061 aqua
347 2021 402 2058 sit,
418 2021 543 2051 videtur
555 2030 611 2061 per
626 2021 848 2053 diffinitionem
861 2022 924 2053 Hu-

154 2074 247 2113 gonis
271 2077 281 2093 2
301 2085 307 2104 :
334 2085 348 2102 <‹
369 2073 548 2113 Baptismus
577 2077 623 2105 est
652 2084 736 2115 aqua
760 2076 925 2106 abluendis

154 2127 341 2157 criminibus
364 2127 594 2158 sanctificata.»
614 2128 767 2159 Similiter
786 2138 842 2168 per
863 2129 922 2159 dif-

155 2179 330 2209 finitionem
356 2179 406 2210 sui
430 2180 558 2219 generis
578 2183 588 2199 ³
611 2191 618 2211 t
647 2192 661 2209 (ι
682 2180 923 2212 Sacramentum

154 2234 201 2262 est
227 2231 419 2262 elementum
446 2241 486 2263 ex
510 2233 718 2265 similitudine
746 2243 924 2273 repraesen-

154 2287 242 2322 tans,
260 2294 275 2311 ι)
293 2285 351 2314 etc.
368 2284 471 2324 Ergo,
489 2285 515 2315 si
529 2294 612 2326 aqua
634 2288 681 2317 est
705 2287 900 2318 elementum
912 2312 921 2325 ,

154 2338 387 2368 sacramentum
418 2337 566 2377 baptismi
592 2341 639 2369 est
661 2348 755 2379 aqua.
785 2340 818 2371 Si
840 2340 924 2371 dicas

188 2436 194 2451 ¹
219 2434 258 2464 Cf.
288 2434 359 2458 Alex.
386 2434 481 2464 Ateus,
508 2441 533 2465 p.
560 2435 601 2465 lv,
625 2442 650 2466 q.
673 2442 718 2459 vni
730 2455 736 2465 ,
758 2437 866 2461 membr.
896 2440 922 2467 1;

153 2470 293 2498 s.'s11‹›m.‚
310 2477 334 2500 p.
352 2470 394 2499 111,
409 2477 433 2500 «ι.
453 2475 521 2499 vai,
538 2472 585 2494 art.
604 2474 623 2501 ι,
640 2473 665 2495 et
681 2472 709 2495 tv
727 2472 794 2496 Sent.
811 2472 868 2495 (list.
886 2478 922 2503 ιιι,

153 2513 177 2536 q.
194 2512 212 2536 1,
225 2508 272 2530 nrt.
290 2507 312 2533 1,
325 2506 350 2528 ct
365 2506 395 2529 lv
411 2507 475 2529 cont.
491 2506 572 2536 dent„
591 2513 648 2536 cap.
664 2512 712 2537 ως
728 2507 816 2531 Gulicl.
834 2508 922 2539 Aliis-i„

153 2540 195 2565 lib.
218 2541 248 2564 lv
279 2541 356 2570 Senl„
377 2542 447 2563 tract.
473 2541 520 2570 ΙΙΙ,
547 2548 601 2571 cap.
625 2547 657 2571 ]1;
680 2544 759 2571 ὅροι,
784 2543 814 2566 ΙΥ
843 2544 921 2574 Seut,

153 2576 210 2600 dist.
230 2581 268 2604 ιιι,
284 2582 309 2607 q.
324 2581 360 2606 113
377 2575 450 2606 AEgid
465 2576 549 2606 Rom„
565 2576 634 2607 quoi.
650 2582 690 2607 ιιι,
709 2584 734 2608 q.
750 2583 775 2607 ις
791 2578 922 2609 Ricardus,

155 2612 186 2636 lv
200 2612 277 2642 Seni„
293 2611 350 2636 dist.
362 2617 380 2643 1,
389 2618 414 2643 q.
428 2618 450 2642 1;
463 2612 551 2643 Steph.
564 2612 668 2644 Bruless,
681 2613 711 2637 tV
725 2615 803 2643 Seni„
813 2614 870 2639 dist.
882 2621 921 2646 111,

1694 153 1752 182 209

981 217 1065 257 quod
1091 219 1262 256 utramque
1285 215 1506 247 diffinitionem
1528 218 1672 257 assignat
1694 226 1750 257 per

981 279 1111 301 eausam
1141 269 1337 300 materialem
1358 293 1365 307 ‚
1390 279 1455 300 non
1479 280 1533 310 per
1556 271 1749 309 essentiam3

981 322 1119 353 Contra:
1136 315 1211 353 ll'aec
1234 324 1282 353 est
1304 331 1360 361 per
1386 323 1553 352 essentiam
1572 334 1578 353 :
1601 335 1613 351 a
1630 322 1750 362 Baptis-

981 386 1052 406 mus
1067 379 1113 406 est
1134 378 1367 406 sacramentum
1385 386 1392 412 3
1417 387 1431 404 (ι
1450 378 1480 406 et
1499 376 1586 406 haee:
1606 388 1618 403 ι)
1639 377 1751 407 Sacra-

981 431 1124 459 mentum
1151 431 1197 459 est
1220 429 1371 466 signum3
1394 439 1408 455 ))
1435 430 1463 458 et
1485 428 1553 458 haec
1578 439 1583 458 z
1611 429 1751 467 Signum

981 483 1026 511 est
1040 481 1158 520 species
1177 481 1334 511 sensibilis
1359 481 1443 511 aliud
1461 482 1576 512 faciens
1592 482 1624 512 in
1640 483 1749 520 cogni-

980 533 1096 563 tionem
1115 533 1221 564 venire
1239 544 1245 564 t
1263 545 1278 561 »
1298 542 1379 572 ergo
1394 535 1440 564 est
1462 533 1532 564 haec
1545 543 1621 565 vera
1638 543 1751 564 secun*

980 586 1057 616 dum
1071 586 1279 616 substantiam
1302 597 1308 616 :
1330 598 1345 615 α
1365 586 1545 625 Baptismus
1561 589 1607 617 est
1621 587 1749 626 species,

981 638 1030 669 vel
1046 638 1147 669 forma
1163 638 1295 669 visibilis
1310 639 1356 669 rei
1372 639 1552 669 invisibilis.
1572 650 1586 667 ι)
1604 639 1664 669 Sed
1684 639 1752 669 liaec

980 691 1081 722 forma
1100 715 1108 729 ,
1139 691 1189 722 vel
1217 692 1337 731 species
1354 716 1363 729 ‚
1392 701 1456 722 non
1484 695 1530 722 est
1558 693 1618 722 nisi
1643 701 1750 732 aqua:

980 754 1068 783 ergo,
1087 748 1145 775 ete.

1022 798 1114 834 Item,
1131 798 1249 837 species
1273 798 1365 837 panis
1386 800 1432 828 est
1456 800 1690 828 sacramentum
1718 799 1751 829 in

980 850 1178 881 Eucharistia
1195 874 1204 888 ,
1228 860 1292 881 non
1318 851 1387 890 ipsa
1411 851 1503 890 panis
1527 851 1748 889 manducatio,

979 904 1032 933 sed
1046 903 1150 942 magis
1164 912 1242 933 usus
1257 914 1263 933 z
1281 905 1311 933 et
1325 903 1385 933 hoc
1408 903 1483 942 quia
1506 903 1750 934 similitudinem

978 957 1073 988 habet
1087 958 1126 988 ad
1141 957 1303 996 signatum
1324 958 1366 987 ibi
1380 959 1566 988 contentum
1584 958 1622 997 (α)
1643 969 1649 988 ;
1672 968 1751 998 ergo

979 1010 1004 1039 si
1021 1009 1055 1040 in
1069 1010 1229 1049 baptismo
1252 1011 1356 1049 gratia
1371 1010 1502 1040 abluens
1521 1011 1670 1049 sIgnatur
1694 1021 1750 1050 per

978 1072 1093 1102 aquam
1118 1063 1300 1094 abluentem
1316 1073 1323 1101 ;
1341 1073 1421 1102 ergo
1441 1073 1526 1103 aqua
1546 1064 1679 1094 abluens
1702 1067 1750 1094 est

979 1119 1213 1147 sacramentum
1230 1128 1237 1146 ι
1255 1117 1309 1147 sed
1328 1126 1391 1147 nou
1411 1117 1496 1147 aliud
1515 1126 1612 1156 quam
1628 1118 1748 1157 baptis-

980 1179 1051 1199 mus
1068 1180 1073 1199 ;
1090 1178 1189 1208 ergo,
1205 1171 1265 1200 etc.

1020 1226 1047 1254 1.
1066 1222 1154 1260 Quod
1173 1225 1281 1254 autem
1303 1232 1387 1263 aqua
1404 1233 1469 1254 uon
1491 1224 1530 1254 sit
1553 1224 1748 1263 baptismus,

978 1277 1032 1306 sed
1065 1277 1193 1315 tinctio,
1218 1277 1344 1307 videtur
1366 1287 1422 1317 per
1449 1277 1528 1308 illud
1560 1277 1646 1317 quod
1677 1278 1751 1308 dicit

978 1329 1127 1368 Magister
1153 1330 1185 1360 in
1210 1330 1314 1360 littera
1343 1330 1502 1360 diffiniens
1532 1330 1746 1370 baptismum:

984 1394 997 1411 «
1023 1382 1200 1422 Baptismus
1229 1386 1275 1413 est
1299 1383 1419 1413 ablutio
1444 1383 1584 1422 corporis
1611 1383 1749 1414 exterior

978 1437 1059 1466 facta
1079 1437 1138 1467 sub
1163 1437 1263 1467 torma
1278 1437 1449 1468 verborum
1467 1437 1662 1477 praescripta.
1679 1448 1693 1465 »
1713 1437 1751 1468 Et

979 1489 1084 1519 subdit
1100 1500 1106 1519 :
1127 1501 1140 1517 c<
1152 1490 1325 1520 Accedente
1336 1490 1434 1520 verbo
1449 1490 1487 1520 ad
1501 1490 1706 1528 elementum,
1716 1491 1751 1521 fit

979 1546 1214 1574 sacramentum
1237 1555 1242 1574 :
1264 1555 1278 1572 ι)
1298 1552 1363 1574 nou
1388 1544 1493 1583 ipsum
1508 1543 1701 1574 elementum
1717 1545 1752 1575 fit

979 1599 1226 1634 sacramentum,
1239 1596 1292 1627 sed
1303 1597 1424 1627 ablutio
1439 1597 1517 1627 facta
1530 1597 1562 1627 in
1573 1597 1747 1628 elemento:

979 1658 1058 1688 ergo
1080 1652 1165 1689 patet
1187 1650 1271 1690 quod
1296 1650 1472 1689 baptismus
1494 1660 1559 1681 non
1583 1652 1630 1681 est
1645 1660 1728 1690 aqua
1741 1675 1750 1689 ,

979 1703 1031 1733 sed
1048 1702 1167 1733 ablutio
1183 1704 1214 1733 in
1234 1712 1329 1742 aqua.

1019 1759 1048 1786 9..
1066 1756 1143 1786 Item
1166 1757 1226 1787 hoc
1244 1757 1350 1796 ipsum
1374 1758 1458 1796 patet
1481 1757 1618 1795 ratione,
1636 1757 1710 1796 quia
1724 1758 1750 1788 si

980 1809 1156 1849 baptismus
1181 1811 1262 1840 esset
1292 1818 1395 1848 aqua,
1420 1818 1494 1839 cum
1524 1819 1607 1848 aqua
1627 1818 1752 1849 semper

980 1871 1062 1901 aqua
1088 1862 1139 1899 sit,
1167 1871 1251 1901 aqua
1281 1870 1406 1901 semper
1437 1864 1517 1892 esset
1548 1862 1748 1901 baptismus:

980 1915 1065 1954 quod
1080 1915 1194 1945 salsum
1209 1916 1265 1952 est,
1282 1914 1358 1954 quia
1371 1924 1436 1945 nou
1452 1917 1508 1953 est,
1527 1915 1588 1944 nisi
1604 1915 1681 1945 dum
1696 1915 1751 1946 ali-

979 1968 1052 2007 quis
1065 1968 1251 2008 baptizatur.
1271 1967 1307 1997 Et
1321 1967 1449 2006 iterum,
1464 1977 1537 1998 cuin
1551 1968 1666 2007 aliquis
1678 1969 1751 2008 bap-

979 2021 1127 2051 tizaretur
1137 2021 1170 2050 iu
1183 2020 1274 2058 mari,
1288 2022 1363 2050 tunc
1373 2029 1461 2051 mare
1471 2022 1551 2051 esset
1561 2021 1748 2060 baptismus,

979 2075 1010 2104 et
1024 2074 1146 2104 flumen
1157 2097 1165 2111 ,
1182 2073 1267 2113 quod
1282 2082 1346 2104 non
1362 2074 1408 2103 est
1423 2073 1617 2104 rationabile.

1019 2130 1049 2158 3.
1066 2127 1144 2158 Item
1157 2152 1165 2166 ,
1189 2128 1228 2158 ad
1248 2129 1481 2158 sacramentum
1505 2128 1651 2167 baptismi
1672 2137 1749 2159 con-

979 2182 1077 2213 currit
1091 2181 1227 2213 verbum
1243 2183 1274 2212 et
1293 2181 1487 2212 elementum
1505 2192 1512 2212 z
1533 2190 1614 2220 ergo
1635 2181 1662 2211 si
1678 2191 1748 2212 ver-

979 2235 1056 2265 bum
1078 2237 1124 2265 est
1144 2235 1356 2265 necessarium
1368 2259 1375 2272 ,
1393 2237 1501 2274 utpote
1516 2234 1600 2274 quod
1623 2234 1748 2273 signifi-

978 2290 1044 2325 cat,
1068 2287 1144 2317 illud
1168 2287 1295 2327 proprie
1319 2290 1365 2318 est
1389 2288 1585 2327 baptismus,
1604 2287 1642 2317 ad
1665 2287 1749 2326 quod

978 2341 1112 2371 refertur
1132 2341 1269 2371 verbum
1291 2351 1297 2371 z
1315 2341 1368 2371 sed
1392 2340 1527 2371 verbnm
1552 2340 1687 2370 refertur
1710 2339 1749 2371 ad

978 2395 1083 2424 actum
1107 2393 1280 2431 abluendi,
1301 2402 1374 2423 cum
1401 2393 1515 2423 dicitur
1541 2402 1548 2422 :
1577 2392 1674 2423 Abluo
1699 2396 1748 2430 te,

979 2472 1002 2495 'l-
1026 2472 1050 2493 ις
1076 2466 1162 2488 l‘ctrus
1181 2464 1211 2487 de
1232 2465 1344 2493 'l'ai·ant.,
1369 2465 1397 2488 lv
1421 2466 1498 2493 Sent,
1522 2464 1579 2487 dist.
1604 2469 1643 2493 ιιι,
1667 2471 1692 2494 q.
1719 2466 1748 2494 1;

978 2500 1070 2524 Marsil.
1093 2500 1208 2528 innuen.y
1228 2500 1258 2523 lv
1284 2501 1362 2529 ἕψω,
1379 2506 1404 2530 q.
1423 2506 1460 2525 ιιι,
1477 2500 1524 2522 art.
1540 2505 1560 2528 ι;
1578 2499 1653 2522 Gabr.
1676 2498 1747 2528 Biel.,

979 2536 1010 2558 iv
1027 2536 1106 2563 Sem„
1122 2535 1178 2558 dist.
1193 2540 1268 2565 111711.
1286 2542 1302 2558 ι.
1317 2547 1346 2551 -—
1362 2535 1369 2548 ²
1384 2535 1459 2565 Hug„
1475 2534 1517 2557 lib.
1536 2534 1565 2563 ll,
1582 2541 1607 2564 p.
1623 2534 1665 2564 Vl,
1681 2541 1703 2557 e.
1718 2538 1747 2558 11.

977 2583 1007 2588 —-
1020 2570 1029 2586 ³
1044 2571 1121 2601 Hug„
1136 2570 1179 2593 lib.
1197 2571 1215 2600 Ι,
1234 2577 1258 2600 p.
1275 2570 1314 2598 lx,
1331 2578 1353 2593 c.
1370 2572 1393 2592 3.

1009 2614 1044 2644 (a)
1062 2613 1134 2638 Edit.
1152 2614 1207 2638 Ven.
1223 2614 1406 2644 contemptum.

1767 1234 1800 1255 Ad
1819 1241 1874 1267 opp.
