2017 2948
55 433 159 453 Fundam.

49 1226 112 1252 opin.
135 1229 154 1247 1.

49 1495 113 1522 opin.
133 1498 152 1516 2.

0 1771 6 1776 ·
48 1764 112 1790 Opin.
132 1766 152 1785 8.

48 1795 152 1816 nonoris.

590 188 688 220 DIST.
712 187 764 218 Vl.
788 186 903 219 PART.
929 188 952 218 1.
973 187 1066 218 ΛΒΤ.
1089 187 1112 217 1.
1135 186 1284 224 QUAEST.
1307 187 1358 218 111.

173 268 246 290 cum
262 259 405 290 accidens
419 259 458 289 sit
471 259 505 288 in
519 265 583 288 uno
598 255 739 295 subjecto
751 279 759 292 ,
780 254 942 285 character

173 314 220 343 est
235 312 267 342 in
281 321 347 343 una
361 311 499 352 potentia
513 322 520 341 z
542 309 596 340 sed
614 308 770 349 potentia,
788 317 862 347 quae
876 317 943 338 ma-

173 365 260 396 xime
272 366 347 396 huic
357 365 515 401 convenit,
529 366 574 394 est
587 362 762 401 cognitiva:
778 370 868 400 ergo,
881 363 939 391 etc.

214 418 274 449 Sed
296 418 380 457 quod
402 417 441 448 sit
464 417 497 447 in
521 418 585 447 tota
608 414 767 453 imagine,
793 414 939 444 videtur:

176 471 342 503 Character
373 473 419 502 est
448 470 593 509 quaedam
623 468 857 506 configuratio:
889 468 941 497 sed

173 525 370 565 configurari
393 524 508 555 dicitur
531 524 639 554 anima
660 522 806 553 Trinitati
826 530 940 552 secun-

173 578 251 609 dum
276 580 340 608 tres
367 577 541 617 potentias,
574 585 637 607 non
667 584 767 606 unam
793 576 940 605 tantum:

173 640 270 670 ergo,
287 633 345 661 etc.

214 684 290 714 Item
314 684 476 714 character
504 681 641 722 disponit
664 679 878 720 principaliter
903 680 943 711 ad

172 736 325 775 imaginis
358 735 617 766 reformationem
633 745 639 764 ι
675 734 728 763 sed
760 724 942 763 reformatio

171 789 319 827 imaginis
333 788 505 819 attenditur
518 789 672 827 quantum
688 786 726 816 ad
743 785 943 816 reformatio-

171 850 245 871 nem
257 841 397 880 ipsarum
412 841 625 880 potentiarum
635 863 644 877 ,
661 841 697 870 ut
711 840 942 869 convertuntur

172 894 211 924 ad
225 894 326 925 Deum
341 903 349 924 :
365 903 462 932 ergo,
478 896 536 924 etc.

442 983 666 1016 CONCLUSIO.

171 1056 318 1083 Charactcr
332 1057 411 1083 estin
425 1056 515 1081 anima
530 1054 673 1081 secundum
687 1053 840 1086 imaginem,
853 1059 942 1079 secun<

205 1100 266 1127 dnm
281 1101 485 1136 proprietatem,
502 1100 524 1125 ez*
542 1097 685 1124 secundnm
706 1098 844 1123 veritatem
860 1105 866 1123 ε
891 1105 941 1132 ap-

202 1145 364 1180 propriatur
380 1147 466 1170 tamen
478 1143 607 1177 potentz'oe
622 1143 769 1175 coqnitnoe.

209 1214 299 1254 Resp.
322 1214 361 1245 ad
383 1223 453 1253 arg.
480 1212 653 1243 Dicendum
675 1211 759 1251 quod
780 1211 862 1241 circa
880 1211 941 1241 hoc

169 1267 283 1307 triplex
298 1268 356 1298 fuit
370 1268 487 1307 opinio.
512 1266 646 1303 Quidam
663 1266 831 1303 dixerunt,
856 1265 940 1304 quod

169 1320 330 1351 character
349 1322 395 1350 est
410 1320 443 1350 in
459 1322 522 1349 tota
544 1319 650 1349 anima
662 1342 671 1355 ,
697 1321 824 1357 propter
842 1318 941 1348 ratio—

168 1383 224 1404 nes
240 1373 417 1413 praedictas,
434 1373 509 1412 quia
523 1371 693 1410 distinguit
708 1379 800 1401 ovem
815 1371 854 1401 ab
867 1380 938 1406 ove,

170 1427 219 1457 vel
236 1427 275 1456 ab
290 1417 413 1466 ea'quae
427 1435 494 1455 non
511 1427 555 1455 est
578 1425 665 1455 ovis:
688 1426 717 1454 ct
738 1424 798 1454 hoc
814 1424 941 1463 respicit

168 1479 283 1509 animae
299 1478 518 1509 substantiam.
537 1477 670 1514 Quidam
684 1478 703 1514 ¹,
721 1477 806 1516 quod
822 1477 853 1506 in
867 1486 939 1515 cog-

168 1532 287 1570 nitiva,
306 1533 432 1571 propter
446 1531 603 1561 rationem
621 1530 770 1569 signandi
785 1541 791 1559 z
816 1532 845 1559 et
859 1539 938 1569 quo-

168 1585 256 1615 niam
280 1585 411 1623 signum
433 1583 517 1623 quod
540 1585 585 1613 est
606 1583 685 1613 ratio
708 1583 937 1621 cognoscendi,

167 1637 295 1677 respicit
315 1637 487 1677 potentiam
514 1635 731 1674 cognitivain,
757 1645 837 1675 ergo
851 1659 858 1673 ,
879 1639 936 1666 etc.

168 1690 322 1728 Quidam,
355 1689 440 1729 quod
468 1689 499 1719 in
524 1691 589 1719 tota
617 1689 778 1727 imagine,
812 1692 940 1728 propter

167 1745 322 1776 rationem
344 1745 588 1784 configurandi:
612 1747 643 1775 et
663 1745 738 1784 quia
759 1748 846 1775 actus
866 1745 959 1775 cha--

166 1799 314 1833 racteris.
332 1808 350 1828 a
365 1807 428 1837 quo
442 1807 559 1828 nomen
575 1798 708 1837 accepit,
725 1797 939 1837 principaliter

166 1852 213 1880 est
227 1851 451 1889 configurare3
473 1850 542 1879 ideo
556 1850 624 1880 haec
640 1850 731 1880 tertia
746 1850 854 1889 opinio
871 1860 936 1880 me-

165 1903 225 1933 lior
246 1905 310 1939 est,
335 1902 419 1941 quod
439 1902 555 1932 scilicet
576 1903 616 1932 sit
640 1903 673 1932 in
695 1903 804 1933 anima
826 1912 937 1933 secun-

165 1956 243 1987 dum
266 1956 463 1994 imaginem,
490 1956 666 1986 secundum
692 1957 935 1995 proprietatem,

165 2012 195 2040 et
209 2009 385 2040 secundum
400 2009 578 2040 veritatem.
595 2009 656 2040 Sed
671 2010 746 2049 quia
760 2010 868 2049 imago
880 2010 938 2040 etsi

164 2062 203 2092 sit
223 2062 255 2092 in
279 2062 399 2099 trihus,
428 2064 533 2093 tamen
556 2063 778 2102 appropriatur
799 2063 937 2102 cogniti-

163 2125 226 2153 vae,
245 2115 419 2146 secundum
435 2115 518 2155 quod
533 2115 647 2145 dicitur
662 2115 694 2145 in
711 2115 793 2145 libro
807 2115 846 2147 de
864 2115 937 2156 Spi-

164 2169 231 2199 ritu
247 2172 274 2200 et
289 2169 401 2199 anima
412 2172 433 2206 ²,
455 2168 539 2207 quod
560 2168 670 2207 imago
690 2158 783 2198 estin
798 2170 937 2208 potentIa

164 2221 371 2259 cognoscendi
384 2245 392 2259 ,
428 2221 604 2252 similitudo
630 2222 663 2251 in
692 2222 832 2261 potentia
867 2222 936 2253 dili-

165 2275 260 2313 gendi
274 2285 282 2312 ·‚
306 2275 375 2305 idco
398 2284 453 2314 per
467 2276 756 2316 appropriationem
772 2279 818 2307 est
834 2277 865 2307 in
882 2286 935 2317 po-

164 2328 261 2358 tentia
276 2328 448 2366 cognitiva.

205 2385 232 2412 1.
254 2381 302 2412 Ad
316 2381 394 2412 illud
411 2390 489 2421 ergo
506 2382 590 2422 quod
610 2383 756 2423 objicitur
770 2385 854 2424 quod
869 2384 934 2415 dis-

195 2463 201 2477 ¹
219 2462 245 2487 S.
265 2462 365 2489 Tuom,
386 2468 424 2492 111,
449 2470 473 2493 ¹1-
500 2469 557 2493 cxv,
576 2465 622 2486 art.
639 2464 661 2486 3.
680 2476 711 2480 —
733 2464 742 2479 ²
760 2465 794 2487 De
817 2466 885 2495 Spin
911 2468 933 2488 vl

163 2498 263 2528 anima,
287 2506 309 2522 e.
325 2504 414 2528 xxxix,
433 2498 457 2521 iu
473 2499 582 2529 append.
599 2506 669 2529 oper.
695 2501 720 2523 S.
737 2501 798 2528 Aug.
816 2503 876 2524 tom.
891 2502 931 2530 Vt,

1715 191 1771 220 377

998 253 1117 293 tinguit
1131 253 1283 290 animam,
1299 261 1380 292 ergo
1393 254 1425 284 in
1438 254 1559 291 anima;
1578 264 1692 286 verum
1705 259 1768 294 est;

999 307 1050 337 sed
1062 315 1127 337 non
1135 308 1257 346 oportet
1267 307 1350 346 quod
1364 306 1403 336 sit
1414 306 1517 345 primo
1528 307 1560 337 in
1571 309 1635 338 tota
1646 309 1769 340 anima:

998 359 1078 389 sicut
1104 359 1189 389 color
1217 359 1387 397 distinguit
1416 368 1530 398 corpus
1542 384 1549 397 ,
1581 361 1633 390 sed
1666 363 1771 392 tamen

999 412 1100 450 primo
1116 412 1207 442 estin
1224 412 1391 451 superficie
1404 414 1426 441 ³.

1038 467 1067 494 2.
1085 465 1132 495 Ad
1146 464 1222 495 illud
1236 465 1319 504 quod
1335 464 1493 503 obiicitur,
1511 464 1631 504 «Cujus
1646 468 1691 496 est
1706 467 1769 496 dis-

998 519 1122 558 positio,
1140 521 1186 549 051
1200 521 1231 549 et
1246 519 1372 549 habitus
1384 529 1391 555 ·,
1403 529 1417 545 »
1437 518 1604 549 dicendum
1620 519 1703 558 quod
1720 529 1772 550 ve-

999 580 1072 601 rum
1093 573 1140 601 est
1160 572 1198 601 de
1218 571 1272 602 illa
1288 571 1510 611 dispositione,
1535 580 1607 610 quae
1622 572 1662 602 sit
1677 573 1770 603 habi-

999 625 1069 662 tus;
1087 625 1141 654 sed
1156 624 1194 654 de
1206 624 1267 654 alia
1283 633 1346 654 non
1361 624 1424 661 sic,
1442 624 1517 663 quia
1532 624 1659 655 habitus
1675 626 1772 656 11111115

998 678 1146 717 potentiae
1171 677 1308 717 disponit
1329 677 1368 707 ad
1392 677 1537 708 habitum
1561 677 1711 717 31101105,
1737 681 1771 710 ut

998 731 1125 762 habitus
1140 731 1212 761 fidei
1227 731 1265 761 ad
1281 731 1427 761 habitum
1442 731 1613 761 01131113115.

1039 787 1067 815 3.
1092 785 1140 815 Ad
1160 784 1341 825 illudlquod
1362 785 1524 823 objicitur,
1546 785 1631 823 quod
1653 787 1771 824 spectat

999 838 1038 869 ad
1053 838 1280 877 cognitionem,
1296 837 1464 867 (licendum
1483 838 1566 877 qnod
1581 847 1694 868 verum
1712 841 1769 876 est,

998 891 1023 920 si
1036 891 1075 920 sit
1086 891 1215 921 habitus
1227 890 1448 929 cognoscendi.
1466 890 1503 920 Et
1516 892 1679 929 preeterea,
1697 892 1771 922 cha-

998 946 1100 974 racter
1115 953 1179 974 non
1196 946 1319 974 tantum
1341 944 1380 974 ad
1402 943 1616 982 cognitionem
1631 947 1768 984 spectat,

998 996 1049 1026 sed
1078 997 1172 1026 etiam
1197 997 1236 1027 ad
1262 997 1398 1035 gratiam
1424 996 1650 1026 reformantem
1672 998 1770 1027 totam

998 1049 1184 1088 imaginem.

1037 1105 1067 1133 4.
1082 1103 1129 1133 Ad
1145 1103 1221 1133 1111111
1234 1102 1318 1142 quod
1332 1102 1491 1141 objicitur,
1508 1102 1592 1142 quod
1606 1104 1651 1132 est
1666 1112 1771 1134 unum

996 1156 1031 1186 in
1048 1156 1153 1186 anima
1169 1165 1244 1192 una,
1261 1155 1321 1185 dici
1337 1157 1439 1194 potest
1453 1154 1631 1194 dupliciter.
1654 1155 1769 1193 Primo,

997 1210 1083 1250 quod
1101 1218 1203 1239 unum
1224 1209 1367 1239 accidens
1387 1210 1433 1238 est
1452 1209 1483 1237 in
1505 1208 1648 1247 pluribus
1661 1232 1668 1245 ,
1692 1209 1771 1239 sicut

997 1273 1061 1293 una
1077 1263 1180 1302 gratia
1197 1263 1229 1292 in
1245 1262 1389 1301 pluribus
1407 1262 1553 1301 potentiis
1565 1285 1573 1299 ,
1592 1264 1622 1291 et
1640 1271 1704 1291 uua
1718 1272 1770 1293 sa-

996 1317 1078 1346 nitas
1092 1317 1123 1346 in
1140 1316 1284 1355 pluribus
1306 1315 1468 1345 membris.
1494 1314 1599 1345 Potest
1618 1324 1695 1354 crgo
1713 1325 1769 1346 ac·-

996 1374 1101 1404 cidcns
1130 1381 1232 1403 unum
1263 1380 1331 1401 esse
1361 1371 1394 1401 in
1425 1371 1571 1410 pluribus
1599 1372 1746 1409 potentiis
1763 1396 1768 1408 ,

996 1427 1122 1467 quaudo
1138 1427 1213 1456 illud
1232 1426 1374 1456 accidens
1395 1434 1456 1455 non
1478 1424 1604 1464 respicit
1624 1424 1771 1455 determi-

996 1483 1067 1510 nate
1089 1489 1187 1510 unam
1214 1479 1405 1518 potentiam,
1438 1477 1490 1507 sed
1520 1487 1572 1507 eas
1594 1478 1769 1508 secundum

995 1533 1079 1574 quod
1104 1533 1253 1563 fundatur
1277 1532 1309 1561 ia
1332 1540 1407 1562 nno.
1437 1530 1491 1561 Vel
1516 1531 1628 1561 aliter:
1657 1530 1769 1570 Imago

996 1596 1061 1616 una
1077 1588 1142 1623 cst,
1168 1587 1198 1615 et
1219 1587 1326 1614 tamen
1340 1584 1373 1613 in
1388 1583 1488 1614 tribus
1511 1583 1681 1622 potentiis„
1693 1584 1769 1623 quia

994 1640 1068 1670 dicit
1080 1639 1265 1669 relationem
1281 1638 1319 1668 ad
1334 1646 1448 1668 unum.
1466 1636 1616 1667 Similiter
1632 1637 1689 1667 dici
1707 1646 1764 1676 po-

994 1695 1053 1723 test
1070 1692 1103 1722 in
1117 1692 1295 1722 charactere
1311 1701 1317 1721 z
1335 1691 1411 1730 quia
1426 1690 1510 1720 enlm
1526 1690 1635 1728 imago
1652 1690 1768 1730 impor-

995 1748 1038 1776 tat
1051 1745 1298 1780 distinctionem,
1315 1743 1384 1774 ideo
1395 1745 1598 1782 comparatur
1611 1743 1649 1772 ad
1663 1743 1764 1782 plura,

994 1799 1073 1829 sicut
1089 1798 1127 1828 ad
1145 1806 1247 1828 unum
1263 1797 1453 1835 subiectum.
1473 1795 1510 1826 Et
1525 1796 1709 1835 exemplum
1721 1798 1768 1826 est

994 1852 1026 1881 in
1042 1860 1186 1881 numero.
1203 1850 1374 1880 Ternarius
1399 1849 1484 1878 enim
1508 1858 1591 1878 unus
1606 1851 1652 1879 est
1667 1849 1699 1879 in
1714 1849 1767 1879 tri-

994 1905 1053 1934 bus
1072 1903 1276 1939 hominibus3
1301 1905 1331 1932 et
1355 1911 1436 1932 unus
1458 1904 1523 1939 est,
1551 1902 1697 1940 quamvis
1722 1902 1767 1932 ilii

993 1958 1056 1988 siut
1072 1957 1177 1997 pluren⁴
1192 1956 1225 1986 in
1240 1965 1272 1987 se
1282 1980 1292 1993 ,
1309 1956 1363 1995 qui
1378 1957 1453 1985 sunt
1467 1963 1570 1985 unum
1586 1956 1765 1994 subjectum

992 2011 1139 2049 ternarii,
1156 2014 1186 2041 et
1204 2009 1311 2040 nullus
1331 2017 1444 2039 eorum
1460 2017 1515 2047 per
1530 2018 1562 2038 sc
1580 2010 1703 2038 tantum
1720 2011 1768 2039 est

992 2066 1191 2104 subjaeectum:
1215 2064 1258 2094 ita
1279 2065 1310 2093 et
1331 2063 1364 2092 in
1384 2063 1564 2093 charactere
1582 2063 1767 2102 intelligen-

991 2118 1068 2149 dum
1089 2119 1155 2155 est,
1177 2116 1262 2156 quod
1281 2116 1373 2153 dicit,
1395 2116 1475 2145 sicut
1494 2117 1682 2154 praetactum
1699 2118 1765 2153 est,

991 2170 1162 2210 quamdam
1184 2169 1469 2208 configurationem
1491 2169 1607 2199 animae
1630 2169 1668 2199 ad
1697 2169 1767 2198 bea-

991 2226 1054 2254 tam
1078 2223 1284 2260 Triuitatem,
1312 2222 1447 2252 mediam
1475 2222 1554 2251 inter
1580 2222 1767 2260 configura-

991 2277 1107 2307 tionem
1123 2276 1238 2306 aniinoe
1255 2277 1411 2315 quantum
1424 2275 1461 2304 311
1473 2276 1633 2312 naturam,
1650 2277 1680 2305 et
1693 2284 1766 2305 con-

990 2332 1214 2370 figurationem
1232 2330 1374 2370 ejusdem
1394 2333 1549 2369 quantuni
1568 2329 1607 2359 ad
1625 2330 1762 2368 gratiam

990 2386 1118 2424 gratum
1135 2384 1311 2414 facientem.

988 2467 1047 2490 «vm.
1069 2466 1195 2490 ltr·netl.--
1210 2466 1217 2479 ³
1229 2468 1327 2495 Sardus,
1350 2466 1403 2488 11151,
1424 2471 1494 2494 21,sp
1516 2471 1545 2493 11,
1560 2466 1627 2487 tvm-t
1645 2464 1712 2494 quod
1733 2464 1764 2487 sit

989 2503 1012 2525 111
1029 2503 1146 2529 css-cutia,
1163 2504 1187 2524 et
1202 2509 1254 2525 nou
1271 2503 1367 2525 tantum
1384 2501 1406 2523 in
1421 2499 1550 2530 potentiis.

1796 1868 1871 1889 Exem-

1782 1900 1840 1926 plum
1862 1902 1887 1921 de

1791 1937 1879 1951 numero

1782 1963 1885 1983 ternario.
