2017 2948
242 115 299 143 ¹108

242 180 384 218 oporteat
406 177 658 208 circumstantias
681 176 833 207 confiteri.
859 175 910 205 Est
934 184 1011 213 crgo

211 268 218 273 ¹
243 230 397 269 quaestio,
422 238 502 268 quas
526 230 668 268 oporteat
691 226 853 262 confiteri,
880 228 910 256 et
933 235 1013 265 quas

151 923 231 948 caphe.

153 1764 215 1791 Opia.
238 1767 256 1783 1.

179 2453 261 2478 Appio·

189 2482 245 2501 balio

170 2518 226 2538 opiu.

244 292 306 314 non
312 306 318 313 .

523 361 745 393 CONCLUSIO.

248 445 369 477 confiteri
386 444 599 470 circumstantias
615 443 791 475 awravantes
804 443 839 467 est
853 440 957 470 bonum,
973 440 1018 465 sed

283 495 334 514 non
347 489 522 514 necessariam
536 487 715 520 simpliciter;
732 485 890 511 alleviantes
907 491 964 510 rere
981 486 1016 509 cst

285 531 471 563 t‘nconqruum3
482 528 612 554 trahentes
624 534 683 554 vero
693 528 722 553 in
732 526 896 559 alindyenus
903 527 1016 560 peccati.

285 575 322 598 est
338 571 521 598 necessarium.

292 650 382 689 Resp.
396 649 435 680 ad
447 658 518 687 arg.
534 648 705 678 Dicendum
719 647 801 686 quod
817 647 1020 676 circumstan-

252 704 303 733 tiae
318 711 391 742 quae
403 702 566 740 attingunt
581 702 744 739 peccatum
757 724 764 736 ‚
782 699 930 739 quaedam
947 700 1021 728 sunt

253 756 448 793 alleviantes,
465 754 613 794 quaedam
629 754 661 783 in
676 754 762 784 aliud
779 762 882 792 genus
899 753 1023 783 trahen-

254 811 320 846 tes,
345 808 493 848 quaedam
516 809 743 846 aggravantes.
769 805 1022 837 Circumstantias

257 863 288 891 in
303 861 387 891 aliud
406 870 510 900 genus
527 860 686 890 trahentes
703 859 845 890 confiteri
860 862 905 889 est
921 868 1024 889 neces-

257 914 375 945 sarium
390 923 398 944 ε
430 914 580 953 quoniam
608 922 712 952 genus
741 913 855 952 peccati
882 912 1023 942 confiteri

258 970 390 1007 oportet.
408 967 661 998 Circumstantias
674 975 749 997 vero
761 966 943 996 alleviantes
954 974 1026 995 cou-

258 1020 339 1050 fitcri
361 1029 425 1050 non
449 1022 493 1050 est
515 1020 655 1057 bonum,
681 1019 739 1049 nisi
764 1022 891 1059 propter
912 1018 969 1048 hoc
992 1020 1027 1047 ut

260 1072 389 1102 satisfiat
409 1072 520 1103 alienae
541 1072 759 1111 inquisitioni,
786 1072 835 1102 vel
860 1073 895 1101 ut
920 1070 1027 1109 provi-

261 1125 370 1155 deatur
393 1126 461 1164 eJus
480 1124 625 1155 scandalo
648 1126 677 1153 et
698 1124 928 1163 perturbationi
947 1133 954 1153 :
979 1125 1027 1153 ut-

264 1180 332 1217 pote
349 1178 373 1207 si
389 1178 514 1208 timeret
536 1178 744 1208 confessorem
760 1187 800 1207 ex
815 1177 875 1207 hoc
890 1176 1029 1215 accipere

262 1231 456 1261 occasionem
472 1231 509 1261 ad
526 1231 647 1261 malum
661 1242 668 1267 ;
690 1230 740 1261 vel
754 1231 779 1260 si
795 1230 890 1260 etiam
905 1231 1030 1259 tantum

263 1283 438 1321 diminuat,
463 1287 498 1314 ut
522 1284 561 1314 sit
582 1284 614 1313 in
637 1292 754 1323 genere
774 1283 927 1313 venialis:
953 1283 1031 1313 sicut

264 1336 426 1367 comedere
450 1346 559 1367 carnes
582 1337 613 1366 in
639 1336 883 1376 quadragesima
907 1337 1033 1374 propter

264 1390 492 1429 infirmitatem,
508 1391 551 1421 ita
562 1393 668 1421 tamen
681 1390 795 1430 quoda
808 1390 905 1419 latere
917 1397 981 1418 non
995 1388 1034 1418 sit

267 1443 421 1482 gulositas
435 1444 551 1483 aliqua.
572 1444 609 1474 Et
624 1444 703 1473 ratio
720 1443 817 1482 hujus
832 1444 876 1472 est
890 1465 896 1478 ‚
913 1441 987 1481 quia
1002 1441 1035 1471 in

267 1496 459 1527 confessione
474 1506 538 1527 non
553 1496 644 1527 dehet
659 1498 802 1535 peccator
817 1504 849 1524 se
864 1503 1015 1525 excusare
1025 1517 1033 1530 ,

268 1549 322 1579 sed
337 1558 495 1579 accusare.
520 1549 562 1579 De
582 1548 826 1579 circumstantiis
841 1550 947 1577 autem
963 1555 1035 1585 quae

268 1604 469 1641 aggravant,
493 1603 518 1632 si
540 1612 642 1641 genus
657 1601 773 1641 peccati
793 1610 856 1631 non
879 1602 1037 1630 mutatum

269 1658 333 1692 est,
355 1658 401 1686 est
421 1655 504 1685 inter
522 1655 663 1685 doctores
678 1654 783 1693 opinio
803 1654 939 1684 diversa.
962 1652 1037 1688 Qui-

271 1707 343 1737 dam
356 1708 442 1737 enim
457 1707 565 1738 dicunt
578 1732 585 1745 ,
607 1707 691 1747 quod
706 1707 894 1746 poenitentes
910 1709 1039 1736 tenean-

272 1764 324 1792 tur
340 1762 493 1792 confiteri.
518 1760 579 1791 Sed
593 1761 668 1801 quia
688 1762 882 1800 praeceptum
899 1760 1037 1790 affirma-

272 1815 376 1845 tivum
392 1815 458 1852 est,
480 1814 549 1845 ideo
563 1813 683 1852 obligat
698 1822 762 1844 non
777 1813 814 1843 ad
835 1822 970 1852 semper⁷
987 1813 1040 1843 sed

273 1876 331 1907 pro
354 1867 441 1905 loco,
468 1869 498 1897 et
522 1869 678 1906 tempore,
704 1867 820 1897 scilicet
841 1866 967 1906 quando
990 1876 1042 1897 eas

274 1920 436 1959 cognoscit
459 1920 527 1950 sive
548 1928 604 1959 per
625 1929 657 1950 se
670 1943 677 1956 ‚
700 1920 766 1950 sive
788 1929 844 1959 per
866 1920 1043 1960 inquisitio-

274 1982 348 2004 nem
363 1972 509 2003 alienam.
527 1971 614 2003 Unde
627 1972 751 2011 sapiens
764 1974 795 2003 et
809 1972 990 2011 intelligens
1003 1975 1043 2003 te-

274 2028 368 2056 netur
382 2034 435 2056 eas
450 2026 592 2056 confiteri
607 2026 726 2064 absque
741 2025 956 2064 inquisitione,
972 2026 1044 2056 sim-

186 2082 198 2101 ·i
216 2079 349 2117 implex
368 2081 495 2109 tenetur
517 2079 542 2108 si
564 2079 603 2109 ab
622 2088 658 2109 eo
678 2079 890 2118 inquirantur.
913 2079 973 2109 Alii
994 2079 1044 2109 di-

277 2134 370 2170 cunt,
395 2132 480 2172 quod
503 2140 566 2161 non
588 2134 733 2162 tenemur
754 2132 792 2162 ad
817 2132 1044 2163 confessionem

279 2185 395 2215 harum
416 2184 726 2215 circumstantiarum
749 2185 886 2215 tentione
909 2186 1043 2216 necessi-

280 2237 352 2267 tatis
362 2261 370 2275 ,
392 2237 446 2268 sed
459 2237 498 2268 de
512 2237 596 2268 bono
611 2239 642 2268 et
656 2246 765 2277 aequo;
787 2240 817 2269 et
838 2241 958 2278 quanto
973 2241 1047 2269 sunt

281 2290 384 2328 magis
400 2290 557 2330 sapientes
571 2292 602 2320 et
616 2291 741 2330 perfecti
753 2315 761 2327 ,
777 2293 864 2321 tanto
881 2292 985 2330 magis
997 2292 1048 2322 de-

281 2343 353 2373 bent
368 2342 544 2374 distinctius
558 2351 610 2373 eas
625 2343 781 2382 explicare
797 2355 803 2380 3
821 2345 874 2374 sed
887 2354 951 2375 non
963 2346 1048 2375 tene-

283 2406 354 2427 mur
366 2397 404 2427 ad
418 2397 489 2433 hoc,
503 2396 564 2427 nisi
576 2397 654 2427 torte
666 2405 706 2427 ex
718 2396 845 2436 propria
859 2398 1049 2429 conscientia

282 2450 473 2488 obligemur.
490 2449 577 2480 Hanc
590 2449 778 2489 positionem
794 2449 886 2480 credo
901 2450 1047 2489 probabi-

247 2516 266 2533 ι.
283 2502 404 2532 liorem.
421 2501 509 2532 Unde
523 2502 691 2533 dicendum
704 2526 711 2540 ‚
729 2501 811 2541 quod
827 2503 979 2533 consessio
993 2504 1051 2533 cir-

285 2555 546 2586 cumstantiarum
569 2555 601 2586 in
622 2555 707 2586 aliud
730 2564 834 2594 genus
855 2556 1050 2587 trahentium

801 107 1108 140 SENTENTIARUM
1134 107 1204 138 Llss.
1230 107 1278 137 w.

1069 176 1185 214 spectat
1203 174 1241 204 ad
1260 174 1484 204 confessionem
1500 176 1656 213 quantum
1674 173 1712 203 ad
1727 181 1833 204 neces-

1069 227 1209 264 sitatem;
1222 226 1374 257 consessio
1382 235 1457 256 vero
1467 226 1724 265 aggravandum,
1738 234 1837 265 quan-

1070 282 1139 310 tum
1160 280 1198 310 ad
1220 279 1472 317 congruitatcm;
1496 278 1647 309 confessio
1668 287 1744 309 vero
1759 278 1838 308 alle-

1071 332 1226 362 viantium
1240 332 1344 371 potius
1357 332 1428 362 facit
1437 331 1703 370 incongruitatem
1716 342 1723 362 ι
1737 333 1769 361 et
1780 330 1839 361 hoc

1072 384 1262 423 intelligitur
1276 384 1414 423 exceptis
1429 384 1554 414 casibus
1570 383 1739 423 praedietis.
1762 383 1840 414 Om-

1073 446 1128 468 nes
1144 438 1244 477 igitur
1260 439 1396 468 rationes
1409 438 1577 477 probantes
1589 437 1841 468 circumstantias

1074 500 1139 520 csse
1154 491 1355 528 confitendas,
1373 493 1446 521 sunt
1461 491 1670 529 congruitatis
1684 492 1840 529 quantum

1074 543 1112 573 ad
1135 546 1369 582 aggravantes;
1401 543 1477 574 alias
1489 567 1498 581 ,
1529 543 1555 572 si
1587 543 1683 574 velint
1709 542 1843 582 probare

1076 596 1306 632 necessitatem,
1323 596 1362 626 ab
1378 596 1579 626 insufficienti
1591 595 1777 635 procedunt,
1790 594 1843 626 illa

1077 651 1207 688 excepta
1217 673 1225 687 ‚
1244 658 1316 688 quae
1332 651 1378 679 est
1393 650 1430 680 de
1452 649 1685 680 circumstantia
1699 648 1844 679 trahente

1076 703 1112 732 in
1123 702 1210 733 aliud
1220 712 1335 741 geniis:
1351 703 1433 733 unde
1443 703 1577 733 verbum
1588 701 1763 740 Augustini
1774 710 1846 732 cou-

1078 755 1183 785 silium
1199 757 1255 785 est.

1119 810 1137 838 2
1149 832 1156 846 ,
1173 811 1192 838 li
1203 832 1212 846 ,
1229 810 1247 838 5
1262 811 1291 838 et
1305 810 1333 838 7.
1350 808 1388 838 Et
1402 817 1474 848 quae
1487 807 1681 847 objiciuntur
1697 807 1735 838 de
1750 815 1849 847 quan-

1081 861 1178 898 titate,
1195 862 1225 891 et
1239 860 1472 898 erubescentia,
1488 862 1519 891 et
1534 860 1741 897 accusatione,
1759 862 1789 890 et
1804 859 1850 890 di-

1081 913 1212 951 ligentia
1226 913 1385 951 habenda,
1402 922 1465 943 non
1481 912 1673 944 concludunt
1687 912 1748 943 nisi
1761 912 1849 952 quod

1082 966 1310 1005 competentius
1325 967 1380 996 fiat
1392 990 1400 1003 ,
1423 966 1448 996 si
1469 966 1667 1006 exprimatur
1682 965 1849 1005 cujuslibet

1082 1019 1202 1058 peccati
1218 1019 1462 1050 circumstantia.

1126 1076 1155 1109 1,
1174 1075 1192 1102 ⁶2
1207 1074 1237 1103 et
1252 1075 1280 1102 3.
1304 1072 1351 1102 Ad
1370 1072 1447 1103 illud
1462 1072 1546 1111 quod
1562 1072 1712 1111 objicitur
1726 1071 1759 1103 in
1775 1080 1851 1102 con-

1085 1125 1238 1162 trarium,
1265 1117 1433 1155 dicendum
1457 1125 1540 1164 quod
1565 1133 1629 1155 non
1653 1126 1774 1164 oportet
1798 1133 1851 1155 eas

1086 1177 1226 1207 confiteri
1240 1188 1247 1214 ;
1264 1186 1446 1216 congruum
1462 1180 1508 1208 est
1522 1180 1639 1208 tamen.

1127 1232 1156 1260 4.
1180 1230 1226 1260 Ad
1241 1230 1318 1260 illud
1334 1231 1417 1270 quod
1437 1230 1596 1269 objicitur,
1617 1230 1701 1270 quod
1720 1230 1854 1261 circum-

1087 1284 1210 1314 stantiae
1225 1283 1407 1314 alleviantes
1422 1286 1497 1314 sunt
1511 1283 1706 1321 confitendae,
1723 1285 1796 1320 etc„
1811 1283 1858 1314 di·

1089 1336 1222 1367 cendum
1243 1336 1327 1376 quod
1349 1345 1412 1367 non
1433 1339 1479 1367 est
1497 1336 1617 1374 simile,
1640 1337 1717 1376 quia
1731 1345 1856 1376 aggra-

1091 1391 1199 1419 vantes
1212 1398 1277 1419 non
1293 1391 1416 1420 tantum
1430 1391 1553 1429 oportet
1574 1389 1715 1420 confiteri
1729 1390 1858 1429 propter

1090 1442 1297 1482 quantitatem
1319 1443 1453 1482 peccati,
1479 1451 1592 1473 verum
1613 1442 1708 1472 etiam
1730 1444 1858 1482 propter

1091 1494 1341 1525 erubescentiam
1357 1498 1387 1525 ct
1403 1495 1645 1526 accusationem.

1132 1551 1160 1578 5.
1192 1548 1237 1578 Ad
1266 1547 1343 1578 illud
1373 1548 1456 1587 quod
1484 1548 1630 1587 objicitur
1642 1572 1651 1586 ,
1680 1547 1765 1587 quod
1794 1556 1859 1579 non

1092 1603 1211 1639 augent
1236 1601 1443 1640 quantitatem
1457 1625 1463 1638 ,
1490 1601 1661 1632 dicendum
1687 1600 1772 1640 quod
1796 1609 1862 1632 non

1093 1655 1214 1692 augent
1233 1653 1455 1693 principaliter,
1475 1653 1529 1684 sed
1550 1653 1624 1693 quia
1643 1655 1766 1693 augent
1784 1662 1860 1684 con-

1094 1708 1249 1746 temptum
1273 1706 1322 1736 vel
1348 1705 1521 1737 libidinem.
1545 1705 1607 1737 Nec
1630 1708 1677 1737 est
1698 1706 1799 1737 simile
1825 1706 1864 1737 do

1095 1759 1177 1789 hono
1201 1770 1206 1789 ε
1235 1759 1310 1799 quia
1335 1759 1420 1789 enim
1444 1759 1518 1789 honi
1543 1768 1674 1796 sumus,
1705 1759 1788 1789 bona
1814 1759 1864 1790 fa-

1095 1812 1219 1843 ciamus
1239 1821 1246 1843 :
1270 1812 1355 1843 unde
1369 1812 1528 1852 quantitas
1548 1812 1697 1843 honitatis
1718 1811 1805 1843 venit
1823 1811 1864 1843 ab

1097 1865 1207 1896 habitu
1236 1865 1405 1896 intrinseco
1417 1888 1425 1902 ,
1454 1865 1508 1895 sed
1540 1865 1700 1904 quantitas
1732 1864 1863 1896 malitiae

1097 1919 1136 1949 ab
1164 1920 1255 1956 actu;
1285 1918 1359 1957 quia
1384 1917 1469 1949 enim
1497 1917 1580 1948 mala
1606 1917 1741 1949 facimus
1752 1941 1760 1956 ,
1789 1917 1865 1948 mali

1097 1980 1219 2014 sumus,

1138 2026 1168 2055 6.
1190 2024 1238 2055 Ad
1252 2024 1328 2054 illud
1343 2023 1428 2064 quod
1442 2023 1600 2063 objicitur,
1616 2023 1699 2063 quod
1714 2032 1780 2055 non
1794 2032 1865 2056 mu-

1099 2080 1143 2108 tat
1156 2078 1302 2118 speciem,
1317 2077 1484 2108 dicendum
1497 2076 1581 2116 quod
1594 2078 1641 2107 est
1653 2085 1719 2107 esse
1731 2079 1867 2114 naturae,

1099 2134 1129 2162 et
1143 2140 1210 2162 esse
1225 2130 1322 2161 moris
1336 2142 1342 2160 :
1367 2132 1397 2160 et
1417 2130 1537 2170 aliquid
1557 2132 1603 2160 est
1617 2129 1709 2161 alicui
1724 2130 1869 2161 acciden-

1101 2184 1161 2214 tale
1176 2184 1349 2214 secundum
1365 2192 1432 2214 esse
1447 2185 1588 2221 naturae,
1605 2183 1689 2223 quod
1704 2185 1811 2214 tamen
1823 2185 1870 2214 est

1101 2237 1265 2268 essentiale
1279 2236 1454 2267 secundum
1467 2245 1534 2267 esse
1546 2236 1664 2267 moris:
1680 2238 1711 2267 et
1722 2236 1870 2276 quamvis

1102 2290 1341 2321 circumstantiae
1361 2290 1424 2320 sint
1443 2289 1647 2320 accidentales
1660 2290 1744 2320 actui
1759 2298 1870 2321 secun-

1102 2344 1178 2374 dum
1203 2352 1270 2374 esse
1295 2345 1438 2380 naturae,
1464 2345 1571 2373 tamen
1594 2342 1773 2373 essentiales
1797 2345 1871 2374 sunt

1103 2396 1277 2427 secundum
1291 2396 1417 2426 laudem
1432 2397 1462 2426 et
1476 2395 1693 2435 vituperium
1713 2403 1792 2436 quae·
1800 2395 1870 2426 laus

1104 2449 1190 2481 venit
1209 2458 1247 2479 ex
1265 2451 1353 2489 parte
1372 2448 1470 2479 moris
1481 2472 1490 2486 ,
1510 2448 1561 2479 vel
1579 2449 1649 2488 ejus
1663 2448 1868 2479 contrarium.

1104 2503 1141 2534 Et
1156 2503 1230 2533 situ
1248 2502 1394 2542 objicias.
1416 2501 1499 2541 quod
1519 2510 1583 2532 non
1605 2501 1719 2536 debent
1733 2501 1794 2532 dici
1809 2500 1868 2530 cir-

1105 2555 1301 2586 cumstautiae
1312 2579 1319 2593 ⁷
1341 2554 1511 2586 dicendum
1530 2554 1615 2594 quod
1630 2553 1736 2593 aliqua
1748 2554 1795 2584 est
1809 2552 1870 2584 cir-
