2017 2948
793 171 983 202 DlSTlNCT.

179 238 224 269 illi
240 240 398 279 praecepto
415 239 500 279 quod
519 242 565 269 est
587 238 624 268 de
643 239 860 276 beneficentia,
877 247 950 278 quae

181 294 226 322 est
234 294 343 322 contra
354 292 532 329 avaritiam,
545 291 754 330 subjungitur
763 291 928 330 promissio
941 302 947 322 :

179 347 214 375 ut
222 354 278 384 per
288 345 567 376 comminationem
578 345 814 375 retraherentur
824 354 842 374 a
852 344 946 382 malo,

176 400 206 428 et
229 407 283 438 per
304 398 545 438 promIssionem
566 398 801 428 attraherentur
824 397 862 426 ad
889 397 945 426 bo—

176 459 267 481 num.
291 451 398 482 Posset
423 451 517 481 etiam
538 451 607 488 dici,
634 450 718 489 quod
743 449 946 480 comminatio

176 503 275 542 posita
296 503 376 534 circa
391 504 530 543 primum
552 505 746 542 praeceptum
768 502 880 541 primae
895 504 947 532 ta-

174 555 259 586 bulae
274 556 407 586 refertur
422 557 460 586 ad
477 556 555 593 alia;
573 556 716 586 similiter
728 557 758 585 et
774 555 941 594 promissio

175 608 256 639 circa
272 609 414 648 primum
431 612 626 648 praeceptum
649 609 812 645 secundae;
831 610 861 638 et
876 608 945 638 ideo

175 670 240 692 non
254 662 395 702 oportuit
410 663 535 693 iterare.

490 751 558 772 DUB.
581 750 613 771 V.

466 811 522 834 Non
538 810 650 834 occides.

211 873 247 904 In
261 874 456 913 expositione
472 874 528 913 huj
535 882 572 903 us
587 873 717 903 secundi
731 874 872 904 mandati
891 883 942 904 se-

171 927 284 957 cuudae
299 927 428 965 tabulae,
443 927 630 967 prohibetur
655 927 832 957 secundum
857 927 939 957 litte-

171 989 240 1010 ram
264 982 352 1011 actus
374 980 553 1017 homicidii;
580 980 755 1011 secundum
780 980 939 1019 spiritum,

171 1033 318 1063 voluntas
347 1033 506 1063 occidendi
522 1057 530 1069 ,
559 1035 616 1063 etc.
649 1033 800 1072 Objicitur
827 1037 937 1063 contra

170 1086 240 1124 hoc,
258 1087 333 1126 quia
344 1087 432 1126 pejor
441 1088 487 1116 est
499 1086 645 1116 voluutas
656 1087 827 1124 occidendi,
843 1096 940 1126 quam

169 1139 317 1170 voluntas
349 1139 528 1169 moechandi
566 1150 572 1170 ε
603 1140 656 1169 sed
685 1139 832 1170 voluntas
861 1149 939 1170 moe-

169 1191 283 1222 chandi
306 1201 372 1222 non
395 1192 594 1222 solummodo
620 1192 806 1231 prohibetur
827 1201 940 1223 secun-

169 1245 244 1276 dum
257 1245 415 1284 spiritum,
428 1245 492 1275 imo
505 1246 599 1275 etiam
616 1245 757 1275 secundo
774 1245 911 1276 litteram
932 1257 938 1276 :

168 1307 258 1337 ergo,
275 1299 344 1338 pari
371 1298 513 1334 ratione,
539 1300 569 1328 et
590 1298 737 1328 voluntas
765 1299 937 1329 occidendi.

169 1351 246 1382 item
263 1353 271 1368 ¹
298 1359 306 1380 ε
332 1351 493 1389 Maleficos
508 1359 572 1383 non
594 1353 737 1391 patiaris
756 1354 796 1390 (a)
814 1353 919 1383 vivere
928 1362 941 1391 ,-

168 1404 199 1434 111
212 1413 275 1444 (1110
293 1405 442 1435 mandato
457 1405 824 1444 praecipiturintersectio
842 1417 848 1435 :
862 1415 939 1444 ergo

167 1457 292 1488 videtur
307 1457 393 1497 quod
412 1458 629 1496 repugnantia
644 1458 684 1487 sit
708 1459 789 1488 inter
804 1459 939 1489 manda-

166 1511 235 1541 tum
250 1511 380 1548 morale,
404 1512 435 1541 et
446 1511 606 1550 Judiciale.
624 1511 718 1548 Item,
742 1520 814 1541 cum
829 1512 939 1550 prohi-

166 1563 258 1594 betur
277 1564 402 1602 occisio,
418 1565 473 1594 aut
486 1563 674 1603 intelligitur
694 1565 886 1603 generaliter
901 1566 938 1596 de

165 1617 304 1657 quolibet
318 1617 402 1655 vivo,
423 1619 478 1647 aut
493 1617 683 1656 intelligitur
703 1618 878 1657 specialiter
899 1619 937 1650 de

164 1671 324 1710 proximo.
356 1670 389 1702 Si
411 1671 601 1710 generaliter
621 1672 659 1701 de
686 1672 827 1712 quolibet
849 1673 934 1712 vivo,

164 1733 242 1764 ergo
256 1727 362 1765 peccat
376 1726 431 1765 qui
454 1726 565 1756 occidit
583 1735 727 1757 muscam
748 1729 778 1757 et
802 1728 932 1767 pedicu-

163 1778 289 1815 culum;
319 1779 403 1818 quod
427 1779 603 1809 absurdum
625 1782 671 1810 est
694 1782 725 1810 et
750 1789 930 1812 erroneum.

164 1830 196 1861 Si
211 1831 387 1870 specialiter
403 1832 441 1861 de
455 1832 615 1871 proximo,
632 1842 711 1872 ergo
732 1842 795 1863 non
811 1834 936 1864 videtur

164 1893 290 1922 peccare
306 1884 359 1923 qui
387 1885 499 1915 occidit
518 1886 670 1925 seipsum,
693 1886 743 1916 vel
766 1887 822 1926 qui
850 1887 936 1917 occi-

163 1937 209 1967 dit
218 1938 332 1968 bovem
349 1938 499 1969 alienum.
519 1939 572 1969 Est
583 1940 687 1978 igitur
700 1942 845 1979 quaestio,
858 1941 936 1980 quid

163 1990 196 2020 in
214 1990 275 2021 hoc
290 1991 437 2022 mandato
453 1992 670 2031 prohibeatur,
694 1995 724 2024 et
746 1994 820 2032 quid
838 1994 932 2024 etiam

162 2042 236 2073 huic
262 2044 411 2074 mandato
436 2045 469 2074 in
492 2044 667 2084 Evangelio
687 2047 927 2086 superaddatur.

203 2095 296 2135 Resp.
311 2096 486 2127 Dicendum
502 2097 586 2137 quod
601 2097 768 2137 dupliciter
787 2101 833 2129 est
846 2099 936 2138 loqui

161 2147 200 2178 de
215 2148 425 2188 intelligentia
438 2150 537 2190 hujus
554 2150 709 2189 mandati,
728 2151 872 2182 videlicet
885 2162 935 2182 50-

161 2200 302 2230 cundum
315 2201 509 2232 intellectum
531 2203 734 2242 legislatoris,
751 2204 801 2234 vel
817 2214 934 2235 secun-

160 2252 238 2283 dum
254 2253 445 2285 intellectum
461 2256 595 2286 carnalis
616 2257 735 2296 populi.
762 2257 795 2288 Si
817 2267 934 2288 secun-

161 2303 237 2333 dum
253 2304 448 2336 intellectum
464 2306 665 2345 legislatoris,
682 2307 725 2338 sic
735 2308 848 2347 utique
864 2318 933 2347 pro-

161 2355 288 2387 hibetur
309 2357 516 2389 homicidium
543 2360 700 2398 exterius,
730 2363 760 2391 et
783 2361 932 2392 voluntas

160 2409 363 2440 deliberativa
391 2411 534 2442 ordinata
557 2412 596 2442 ad
624 2413 803 2444 laedendum
829 2415 933 2454 proxi—

161 2470 264 2500 mum,
277 2465 306 2493 et
317 2463 490 2494 iracundia.
503 2463 591 2495 Unde
602 2466 788 2504 prohibetur
798 2467 845 2498 ira
859 2477 932 2498 cum

160 2523 315 2548 consensu
350 2516 553 2548 deliberativo
582 2518 614 2548 in
641 2519 771 2558 animo,
801 2523 831 2551 et
858 2530 931 2551 cum

161 2569 363 2608 expressione
384 2570 526 2601 exterius
547 2570 581 2601 in
605 2572 702 2603 verbo
720 2576 751 2604 et
776 2573 882 2613 signo,
900 2576 931 2606 et

193 2629 198 2643 ¹
215 2629 305 2660 Exod„
317 2636 382 2662 un,
400 2632 436 2656 18.
447 2644 478 2649 —-
488 2632 495 2646 ²
509 2632 610 2661 malm,
623 2638 647 2662 v,
662 2634 700 2658 22.
710 2647 737 2653 -
751 2634 896 2666 ¹Gen.,1x,
907 2637 930 2659 3.

1007 171 1154 203 XXXVII.
1716 177 1728 205 1
1735 177 1774 205 55

1006 247 1080 269 cum
1092 239 1323 278 perpetratione
1344 239 1375 268 in
1398 240 1488 270 sacto.
1510 240 1542 270 Si
1565 250 1642 271 vero
1657 241 1773 272 intelli-

1007 294 1101 329 gatur
1117 291 1291 321 secundum
1303 291 1493 322 intellectum
1503 294 1637 323 carnalis
1653 295 1773 334 populi,

1005 344 1058 383 qui
1088 344 1191 374 solum
1218 344 1384 383 reputabat
1410 344 1485 374 illud
1515 346 1693 384 prohiberi,
1718 357 1775 387 pro

1004 406 1068 436 quo
1082 397 1274 427 inferebatur
1290 405 1383 435 poena
1406 397 1444 426 ab
1468 397 1534 436 ipsa
1554 398 1644 436 lege3
1664 400 1707 429 510
1724 401 1774 430 111-

1003 449 1206 487 telligehatur
1232 448 1392 488 prohiberi
1418 459 1605 489 progressus
1628 452 1666 481 ad
1697 461 1775 491 opus

1002 503 1174 533 homicidii.
1192 502 1229 532 Et
1244 503 1331 533 1111110
1351 503 1545 533 intellectum
1561 504 1632 534 dicit
1656 505 1774 545 Magis-

1003 557 1050 586 ter
1065 556 1248 593 litteralem3
1267 565 1329 585 non
1341 555 1415 595 qnia
1427 556 1602 587 intellectus
1618 558 1700 588 alius
1713 568 1774 589 non

1002 610 1082 639 esset
1112 609 1149 639 de
1172 609 1337 648 principali
1362 609 1482 639 ratione
1504 610 1630 640 ferentis
1651 611 1773 650 legem,

1002 661 1055 691 sed
1072 661 1147 700 quia
1163 661 1368 692 claudebatur
1390 662 1434 691 1111
1455 662 1616 702 implicite.
1634 663 1671 694 Et
1694 674 1776 704 quo-

1003 714 1090 744 niam
1107 714 1191 744 illius
1209 715 1377 754 explicatio
1392 716 1471 745 facta
1484 718 1531 745 est
1546 716 1578 746 in
1594 716 1663 755 lege
1675 717 1775 748 Evau-

1001 766 1094 804 gelii3
1125 767 1194 797 ideo
1219 768 1290 797 dicit
1313 767 1463 806 Magister
1485 770 1773 808 superadditionem

999 818 1044 848 illi
1058 820 1207 850 mandato
1228 829 1295 850 esse.
1318 821 1443 857 factam,
1466 830 1527 851 non
1553 822 1627 861 quia
1652 832 1773 854 novum

1002 872 1120 911 aliquid
1150 873 1353 912 praecipiatur
1369 898 1377 911 ,
1407 874 1461 904 sed
1489 875 1563 914 quia
1600 876 1773 907 intellectus

999 925 1140 964 praedicti
1158 926 1296 956 mandati
1313 927 1499 966 explicatur,
1523 928 1600 958 dum
1621 938 1687 959 non
1702 932 1771 960 tan-

999 979 1067 1008 tum
1098 979 1189 1009 datur
1217 979 1354 1018 intelligi
1384 980 1416 1010 in
1444 981 1594 1020 praedicto
1623 982 1771 1013 mandato

996 1031 1157 1071 prohiberi
1169 1033 1435 1071 perpetrationem
1444 1034 1605 1064 homicidii
1615 1034 1647 1064 in
1659 1044 1767 1074 opere,

997 1087 1049 1117 sed
1061 1087 1155 1117 etiam
1169 1088 1322 1118 offensam
1338 1089 1371 1118 in
1386 1089 1489 1125 corde,
1506 1089 1716 1121 ostensionem
1733 1091 1765 1121 in

997 1139 1109 1178 signo,
1134 1142 1164 1170 et
1185 1142 1421 1180 expressionem
1446 1142 1478 1172 in
1504 1142 1616 1179 verb03
1644 1146 1770 1183 propter

996 1193 1079 1232 quod
1095 1193 1155 1223 tria
1178 1194 1252 1223 dicit
1266 1194 1300 1224 ²:
1325 1194 1390 1232 Qui
1411 1195 1565 1226 irascitur
1589 1196 1687 1233 fratri
1701 1205 1769 1236 suo,

996 1253 1066 1276 reus
1078 1247 1138 1277 erit
1146 1246 1284 1285 judicio.
1299 1247 1359 1282 Qui
1369 1251 1474 1279 autem
1490 1248 1613 1279 dixerit
1625 1257 1635 1278 .·
1649 1249 1768 1288 ΒαοΙια,

995 1306 1066 1329 reus
1088 1300 1150 1330 erit
1168 1299 1312 1330 consilio.
1332 1300 1392 1334 Oui
1414 1303 1518 1331 autem
1540 1300 1689 1333 (1106111.-
1705 1304 1769 1334 Fa-

996 1354 1058 1389 tue,
1086 1352 1139 1381 ubi
1162 1355 1210 1381 est
1228 1353 1390 1391 expressio
1411 1353 1515 1390 verbi,
1541 1361 1613 1385 reus
1637 1355 1698 1386 erit
1717 1364 1769 1394 {Je-

995 1403 1107 1436 hemme
1130 1406 1230 1445 ignis.
1257 1405 1315 1436 Ubi
1338 1406 1391 1436 dat
1415 1406 1591 1445 intelligere
1614 1407 1769 1447 triplicem

994 1457 1131 1495 gradum
1145 1458 1265 1497 peccati
1282 1459 1453 1489 iracundia}
1480 1460 1686 1498 praecedentis
1708 1462 1769 1491 ho—

995 1510 1111 1540 micidii
1128 1512 1446 1542 consummationem.
1470 1512 1508 1542 Et
1527 1522 1584 1552 per
1607 1513 1665 1544 hoc
1685 1517 1769 1554 patet

995 1564 1157 1602 responsio
1171 1564 1210 1594 ad
1225 1564 1366 1603 primum
1381 1565 1553 1604 obJectum.

1033 1617 1082 1647 Ad
1101 1617 1178 1647 illud
1206 1626 1283 1648 vero
1306 1618 1391 1657 quod
1418 1618 1576 1657 objicitur,
1602 1619 1685 1658 quod
1710 1629 1766 1659 per

991 1669 1141 1708 judiciale
1156 1670 1299 1709 praecipit
1320 1670 1497 1701 interficere
1520 1672 1690 1710 maleficos,
1711 1673 1766 1703 di·-

993 1723 1129 1753 cendum
1141 1723 1225 1762 quod
1239 1723 1328 1754 nulla
1342 1726 1388 1753 est
1404 1724 1447 1754 ibi
1463 1725 1677 1762 contradictio,
1694 1726 1768 1765 quia

993 1776 1027 1805 in
1044 1785 1109 1806 uno
1120 1776 1305 1815 prohibetur
1319 1776 1527 1807 homicidium
1544 1777 1720 1808 innocentis
1735 1781 1766 1809 et

990 1829 1079 1867 justi;
1097 1829 1129 1858 in
1144 1829 1206 1859 alio
1220 1830 1405 1868 praecipitur
1429 1830 1544 1860 occisio
1560 1830 1704 1860 malefici.
1732 1831 1766 1861 ln

990 1891 1056 1911 uno
1079 1882 1174 1911 etiam
1194 1881 1380 1920 prohibetur
1404 1882 1610 1912 homicidium
1635 1892 1674 1913 ex
1690 1893 1766 1923 pro-

992 1935 1060 1974 pria
1082 1935 1284 1972 auctoritate3
1300 1935 1332 1964 in
1349 1935 1410 1965 alio
1433 1935 1614 1974 injungitur
1630 1946 1669 1966 ex
1688 1947 1765 1968 auc—

990 1990 1115 2019 toritate
1130 1990 1210 2028 legis
1232 2000 1238 2020 :
1258 1991 1288 2020 et
1304 1990 1363 2020 ista
1376 1990 1438 2020 duo
1455 1999 1519 2020 non
1534 1990 1652 2021 hahent
1666 2001 1764 2031 oppo-

990 2043 1148 2081 sitionem,
1167 2052 1224 2073 nec
1241 2044 1500 2083 repugnantiam.
1520 2036 1569 2074 'Ad
1584 2044 1661 2075 illud
1679 2046 1763 2085 quod

990 2097 1157 2136 quaeritur,
1175 2098 1266 2135 cujUs
1283 2097 1395 2127 occisio
1421 2097 1638 2136 prohibeatur,
1656 2099 1698 2128 ibi
1713 2099 1763 2128 di-

990 2149 1125 2179 cendum
1139 2149 1223 2189 quod
1239 2149 1426 2189 prohibetur
1437 2150 1481 2179 ibi
1496 2151 1610 2181 occisio
1626 2151 1763 2182 viventis

990 2202 1021 2232 in
1037 2203 1191 2241 rationali,
1208 2203 1274 2234 sive
1290 2203 1351 2240 sui,
1365 2203 1432 2234 sive
1447 2204 1586 2235 alterius.
1605 2204 1692 2235 Unde
1706 2206 1761 2245 qui

987 2255 1127 2295 seipsum
1150 2257 1318 2294 interficit,
1346 2257 1418 2287 facit
1439 2259 1548 2288 contra
1576 2259 1760 2289 mandatum

991 2309 1179 2347 praedictum
1195 2320 1201 2339 z
1219 2309 1304 2339 unde
1319 2309 1414 2339 nimis
1428 2310 1604 2341 extendunt
1619 2311 1760 2341 haeretici

987 2362 1176 2401 praedictum
1197 2362 1382 2393 mandatum
1408 2363 1447 2394 ad
1468 2364 1567 2394 vitam
1592 2357 1759 2403 cujuslibet

987 2415 1132 2445 animalis
1153 2415 1248 2446 hruti.
1267 2415 1321 2446 illa
1340 2416 1424 2446 enim
1443 2416 1513 2447 licet
1533 2416 1684 2453 occidere,
1701 2426 1757 2456 pro

986 2476 1023 2497 eo
1038 2468 1123 2507 quod
1137 2468 1208 2498 data
1225 2470 1298 2498 sunt
1312 2468 1435 2499 homini
1451 2469 1482 2498 in
1496 2478 1599 2499 escam
1613 2472 1644 2499 et
1658 2470 1757 2500 subsi-

985 2520 1074 2551 dium
1088 2521 1272 2561 temporale,
1289 2523 1319 2552 et
1338 2522 1513 2553 secundum
1534 2522 1620 2561 quod
1642 2522 1756 2554 dieitur

985 2573 1018 2604 in
1035 2573 1149 2606 Genesi
1162 2574 1184 2604 ³.

1018 2637 1047 2666 (a)
1060 2636 1134 2667 Vulg.
1150 2643 1196 2660 non
1207 2636 1322 2667 patieris.
