2017 2948
125 1162 158 1182 Ad
178 1168 228 1187 opp.

239 122 298 152 686

240 186 359 226 aliquid
380 185 484 217 dicere
505 185 590 226 quod
614 193 678 215 nou
703 183 819 215 habeat
838 184 871 214 in
894 182 1007 221 corde,

239 240 295 272 sed
308 241 434 271 tenetur
449 238 639 278 recogitare,
655 239 686 269 et
699 239 806 277 postea
820 238 945 267 tenetur
959 235 1010 266 di-

239 301 309 324 cere
323 303 330 324 ε
345 292 405 323 hoc
419 294 524 323 autem
537 300 601 322 non
615 290 707 322 credo
721 299 811 330 posse
825 289 1011 328 contingere

238 346 363 378 homini
373 345 500 376 habenti
513 345 705 376 intellectum
718 346 748 373 et
759 352 855 373 usum
866 342 1008 379 rationis,

239 400 299 430 nisi
312 409 368 439 per
380 399 635 439 specialissimam
646 397 794 437 gratiam,
806 404 902 436 quam
915 395 1010 425 etiam

240 452 334 483 credo
344 453 500 492 apostolos
510 461 573 482 non
584 451 743 488 habuisse,
758 450 833 490 quja
847 449 1011 479 venialiter

239 508 458 546 peccaverunt,
469 505 549 535 sicut
563 504 635 534 dicit
650 503 839 541 Gregorius:
857 502 907 532 vel
920 510 1011 542 prop-

240 561 289 590 ter
302 559 435 590 nimiam
449 557 680 597 negligentiam
696 566 704 587 z
720 559 751 587 et
765 556 811 587 sic
826 557 910 596 patet
926 555 1010 595 quod

241 612 415 644 secundum
437 619 642 642 communem
661 609 766 649 legem
780 609 892 639 saltem
914 608 1011 639 semel

240 666 273 696 in
287 674 371 696 anno
385 674 495 696 omnes
507 663 606 695 adulti
621 664 772 693 tenentur
786 662 929 693 confiteri
943 661 1012 692 uni-

240 718 415 757 versaliter,
430 720 460 748 et
476 726 587 748 omnes
607 716 722 747 dehent
743 724 834 747 orare
852 725 859 746 :
877 715 1011 747 Dimitte

240 771 346 809 nobis,
368 773 443 808 etc.;
467 779 525 800 nec
542 772 588 800 est
609 769 744 809 aliquis,
768 769 822 809 qui
844 768 879 799 in
903 768 1012 799 multis

240 833 305 855 non
318 824 416 864 possit
429 823 570 864 seipsum
585 832 733 863 arguere.

504 939 683 977 QUAESTIO
706 939 744 970 ΙΙ.

295 1020 339 1047 An
350 1022 475 1054 peccator
489 1021 594 1053 statim,
609 1027 667 1046 cum
678 1021 772 1054 potest,
790 1021 910 1046 teneatur
923 1019 959 1046 acl

515 1065 703 1097 confessionem
715 1069 733 1090 ¹.

285 1143 446 1180 Quantum
468 1143 507 1173 ad
534 1144 661 1182 tempus
682 1167 690 1179 ,
719 1143 876 1183 quaeritur
903 1145 1013 1173 utrum

245 1198 387 1236 peccator
402 1196 523 1234 statim,
541 1205 614 1226 cum
630 1195 740 1235 possit,
756 1198 902 1226 teneatur
917 1196 1015 1226 confi-

244 1250 318 1287 teri;
335 1252 366 1280 et
380 1249 465 1289 quod
479 1249 522 1279 sic
533 1273 540 1280 .
565 1249 691 1280 videtur
712 1258 769 1289 per
786 1248 958 1288 Hugonem
977 1249 1015 1280 de

244 1301 276 1332 S.
290 1302 412 1333 Victore
425 1310 433 1332 ε
453 1314 467 1331 ι(
476 1303 508 1333 Si
523 1303 690 1333 necessitas
703 1311 768 1333 non
777 1305 833 1339 est,
844 1311 917 1341 quae
931 1311 1013 1342 prae-

243 1355 401 1393 tendatur,
418 1358 616 1395 contemptus
630 1364 695 1386 non
716 1357 886 1386 excusatur
902 1366 908 1385 :
924 1367 938 1383 »
962 1356 1014 1386 sed

243 1417 316 1439 cum
333 1418 366 1439 se
381 1409 473 1440 offert
493 1409 659 1439 confitendi
677 1409 913 1448 opportunitas,
928 1408 1015 1439 nulla

243 1464 346 1500 potest
359 1462 512 1502 praetendi
533 1462 703 1493 necessitas
720 1472 727 1492 :
743 1471 821 1501 ergo
836 1471 901 1492 nou
917 1471 1015 1492 excu-

242 1516 329 1545 satur
345 1523 363 1544 a
376 1516 569 1554 contemptu.

282 1570 311 1598 Ξ.
324 1567 412 1605 item,
420 1570 538 1607 quanto
550 1568 645 1597 homo
655 1568 726 1607 plus
736 1568 935 1607 permanetin
948 1577 1014 1607 pec-

242 1622 328 1658 cato,
344 1622 432 1650 tanto
456 1623 503 1650 est
523 1620 694 1650 inhabilior
710 1631 716 1649 :
735 1629 814 1659 ergo
829 1622 947 1659 quanto
968 1620 1015 1650 ci-

242 1672 305 1702 tius
325 1673 502 1710 confitetur,
526 1674 614 1703 tanto
634 1674 682 1702 est
697 1672 832 1702 habilior
847 1672 885 1702 ad
904 1681 1014 1702 resur-

243 1725 398 1764 gendum.
421 1725 481 1755 Sed
505 1727 626 1755 constat
640 1724 726 1764 quod
741 1724 912 1764 aliquando
926 1727 1013 1755 tene-

242 1780 296 1809 tur
309 1779 462 1816 confiteri,
479 1780 509 1808 et
523 1778 649 1808 nonnisi
664 1778 791 1817 quando
805 1780 852 1808 est
866 1777 1012 1808 habilior:

242 1831 267 1861 si
284 1840 362 1870 ergo
383 1833 470 1861 tanto
492 1831 646 1869 habilior,
668 1833 787 1870 quanto
807 1831 913 1868 citius,
937 1840 1014 1871 ergo

242 1893 341 1924 quam
355 1893 454 1924 ocyus
467 1886 582 1924 potest,
599 1886 724 1915 tenetur
738 1885 892 1915 confiteri.

283 1940 312 1969 3.
333 1938 412 1969 Item
427 1940 587 1977 aegrotans
613 1938 726 1969 morbo
743 1938 897 1978 corporali
911 1941 942 1969 et
955 1947 1013 1978 pe-

242 1991 396 2030 riculoso,
413 1992 468 2032 qui
483 1992 684 2032 approximat
698 1992 792 2023 morti
805 2015 815 2030 ,
835 1994 866 2022 et
888 1992 1015 2031 ignorat

244 2047 391 2082 mortem,
408 2047 533 2075 tenetur
547 2054 691 2084 quaerere
708 2045 883 2082 medicum,
900 2047 930 2075 et
944 2054 1015 2076 con-

244 2097 348 2128 sulere
362 2097 429 2127 sine
443 2096 593 2127 dilatione
607 2121 614 2134 ‚
630 2099 661 2128 et
681 2097 787 2127 statim
798 2121 805 2135 ,
827 2097 853 2126 si
877 2096 968 2127 offert
982 2106 1014 2128 se

244 2150 482 2190 opportunitas:
498 2159 577 2190 ergo
591 2160 664 2181 cum
680 2151 782 2190 maj0r
798 2150 838 2180 sit
855 2150 1014 2189 aegritudo

245 2204 384 2244 corporis
398 2203 569 2244 spiritualis
580 2228 587 2242 ‚
604 2207 635 2234 et
650 2204 752 2243 majus
774 2203 967 2243 periculum,
985 2205 1016 2234 et

244 2257 310 2288 dies
325 2257 438 2288 mortis
453 2257 631 2296 ignoretur,
648 2257 773 2288 videtur
787 2256 872 2297 quod
888 2256 957 2287 sine
972 2256 1016 2287 di-

244 2310 359 2341 latione
372 2313 498 2341 tenetur
512 2309 664 2341 confiteri.

281 2391 338 2421 ¹Cs.
353 2391 424 2414 Alex.
438 2391 534 2420 Ateus„
549 2398 574 2420 p.
588 2391 630 2419 lv,
642 2397 665 2420 q.
679 2389 875 2417 xv111,nic1nb1·.
892 2390 915 2418 11,
931 2391 977 2412 art.
992 2390 1016 2419 -t,

247 2426 261 2456 ἓ
277 2428 302 2454 Ι;
317 2428 344 2450 S.
362 2426 461 2454 Thom„
482 2426 507 2449 in
521 2426 648 2456 Supplem.
662 2433 687 2455 p.
701 2425 743 2454 ΙΙΙ,
758 2431 783 2455 q.
801 2431 834 2455 vi,
848 2426 895 2448 art.
909 2426 936 2453 53
950 2424 1014 2448 fluit.

797 115 1103 149 SENTENTIARUM
1126 115 1200 148 LIB.
1225 116 1277 148 W.

1106 184 1135 214 4.
1164 183 1241 214 ltem
1269 183 1326 214 iste
1352 183 1408 224 qui
1441 186 1489 215 est
1511 184 1543 215 in
1573 183 1693 223 gratia,
1714 184 1839 215 tenetur

1066 245 1233 276 nunquam
1257 236 1369 268 cadere
1385 247 1392 267 ε
1420 245 1498 276 ergo
1518 236 1558 268 ab
1578 235 1744 277 oppositis,
1762 235 1837 274 iste,

1066 290 1120 329 qui
1141 292 1187 320 est
1204 290 1236 319 in
1259 290 1374 330 culpa,
1402 290 1428 320 si
1448 299 1514 321 non
1533 291 1674 330 reportat
1695 288 1734 320 de
1756 288 1841 320 malo

1067 345 1282 382 commodum,
1295 347 1420 376 tenetur
1431 354 1600 384 nunquam
1610 345 1644 374 in
1653 344 1745 384 culpa
1756 351 1838 375 esse:

1066 399 1097 427 et
1109 397 1135 426 si
1151 399 1277 427 tenetur
1292 406 1459 437 nunquam
1474 397 1507 428 in
1522 397 1616 437 culpa
1631 405 1709 429 esse.
1737 398 1767 427 et
1781 396 1841 427 hoc

1066 458 1132 480 non
1147 452 1248 489 potest
1263 459 1330 481 esse
1344 451 1406 481 nisi
1417 449 1625 490 resurgendo,
1640 457 1720 489 ergo
1734 448 1840 480 statim

1066 511 1107 533 ex
1128 512 1192 543 quo
1219 503 1380 542 peccavit,
1402 505 1528 534 tenetur
1550 510 1739 542 resurgere,
1766 501 1841 542 quia

1066 556 1218 587 consessio
1244 558 1290 586 est
1315 555 1354 586 ad
1379 555 1616 595 resurgendum
1635 564 1655 586 a
1676 556 1804 595 peccato
1831 565 1838 586 :

1067 617 1145 648 ergo
1156 633 1163 642 .
1181 611 1240 640 etc.

1107 662 1221 692 Contra
1243 672 1250 692 :

1067 714 1189 754 obligat
1209 714 1247 745 ad
1271 723 1407 754 semper,
1428 713 1481 745 sed
1503 713 1543 744 ad
1565 713 1694 754 aliquod
1715 715 1841 754 tempus

1066 768 1321 799 determinatum.
1349 767 1409 798 Sed
1438 766 1704 807 quandocumque
1731 767 1771 806 (a)
1795 766 1840 798 rei

1067 820 1318 852 indeterminatae
1338 820 1463 851 additur
1482 819 1702 851 determinatio
1717 821 1841 860 tempo-

1067 874 1128 912 ris,
1144 883 1207 905 non
1222 876 1348 904 tenetur
1362 875 1434 904 ante
1448 873 1527 904 illud
1541 875 1667 913 tempus
1689 873 1761 913 quis
1783 873 1840 905 ob·

1068 936 1195 958 servare
1212 938 1218 957 :
1242 927 1296 958 sed
1311 926 1343 957 in
1358 926 1507 957 mandato
1522 925 1560 956 de
1580 925 1776 957 confessione
1791 925 1839 957 di-

1068 981 1160 1018 citur,
1177 980 1261 1020 quod
1277 980 1368 1011 debet
1390 979 1532 1010 confiteri
1557 978 1654 1010 semel
1678 978 1712 1009 in
1731 987 1816 1010 anno
1832 989 1839 1009 :

1067 1041 1145 1071 ergo
1178 1032 1305 1063 videtur
1336 1032 1423 1072 quod
1449 1041 1514 1062 non
1538 1031 1577 1062 sit
1605 1033 1840 1071 transgressor,

1068 1086 1135 1117 sive
1150 1086 1289 1124 omittat,
1306 1086 1372 1116 sive
1388 1085 1514 1116 differat
1529 1085 1672 1115 confiteri
1687 1093 1791 1124 usque
1802 1084 1842 1116 ad

1070 1147 1201 1169 annum.

1111 1190 1204 1228 Item,
1220 1191 1247 1220 si
1260 1192 1385 1220 tenetur
1401 1190 1441 1220 ad
1454 1190 1570 1227 statim,
1587 1190 1657 1230 pari
1671 1190 1794 1220 ratione
1808 1190 1841 1220 in

1069 1243 1130 1274 alio
1154 1253 1238 1274 nunc
1266 1254 1272 1272 :
1298 1243 1352 1273 sed
1376 1251 1451 1273 cum
1475 1242 1538 1272 sint
1560 1245 1638 1273 tunc
1665 1242 1788 1272 infinita
1810 1243 1843 1272 in

1071 1299 1211 1337 tempore
1223 1321 1230 1334 ,
1247 1299 1323 1326 tunc
1338 1296 1488 1326 intinities
1505 1297 1668 1335 peccaret,
1684 1295 1710 1326 si
1724 1295 1842 1326 omitte-

1069 1352 1135 1380 ret:
1152 1350 1205 1380 sed
1220 1349 1280 1380 hoc
1295 1351 1342 1380 est
1357 1348 1587 1379 inconveniens
1603 1358 1611 1379 ε
1626 1356 1722 1387 ergo,
1738 1350 1798 1379 etc.
1810 1348 1844 1379 Si

1069 1405 1104 1433 tu
1119 1403 1203 1433 dicas
1222 1402 1307 1442 quod
1321 1404 1447 1432 tenetur
1462 1401 1585 1438 statim,
1601 1410 1674 1432 cum
1689 1409 1846 1440 recogno-

1070 1455 1128 1486 scit
1141 1455 1310 1493 offensam;
1327 1457 1437 1485 contra
1454 1466 1461 1485 :
1479 1454 1553 1485 Esto
1569 1454 1653 1494 quod
1672 1463 1735 1486 non
1756 1463 1844 1485 reco-

1069 1509 1159 1548 gitet,
1177 1518 1241 1539 non
1255 1510 1402 1539 tenetur:
1420 1507 1474 1538 sed
1488 1507 1550 1538 hoc
1559 1509 1606 1538 est
1616 1507 1735 1538 malum
1750 1509 1782 1538 et
1793 1516 1846 1538 ne-

1069 1563 1242 1602 gligentia:
1255 1571 1334 1601 ergo
1348 1564 1488 1601 reportat
1502 1561 1707 1592 commodum
1722 1561 1761 1592 de
1775 1569 1846 1592 ma-

1070 1616 1146 1646 litia.

1112 1669 1189 1699 Item
1204 1669 1238 1698 in
1253 1667 1363 1699 eadem
1378 1667 1525 1698 decretali
1546 1666 1639 1697 datur
1660 1666 1846 1698 mandatum

1070 1722 1108 1752 de
1131 1721 1342 1758 eucharistia,
1365 1723 1396 1750 et
1419 1720 1480 1751 sub
1507 1720 1617 1751 eadem
1639 1729 1733 1760 poena
1755 1729 1763 1750 :
1790 1719 1844 1751 sed

1069 1777 1189 1806 constat
1203 1774 1288 1815 quod
1302 1782 1396 1804 nemo
1411 1774 1517 1812 peccat
1531 1772 1704 1804 omittendo
1714 1796 1723 1810 ‚
1743 1772 1770 1803 si
1784 1772 1846 1803 dir-

1069 1829 1145 1860 ferat
1160 1837 1288 1859 sumere
1300 1826 1524 1858 eucharistiam
1534 1835 1636 1866 usque
1648 1825 1687 1856 ad
1702 1824 1822 1856 Pascha
1834 1835 1841 1856 :

1070 1891 1150 1921 ergo
1165 1882 1233 1921 pari
1247 1881 1369 1912 ratione
1384 1881 1422 1911 de
1437 1880 1643 1911 confessione.

1111 1934 1188 1965 Item
1203 1934 1327 1965 licitum
1346 1935 1393 1964 est
1406 1932 1561 1973 peccatori
1581 1940 1726 1972 quaerere
1740 1940 1845 1963 sacer-

1070 1988 1176 2019 dotem
1191 1988 1377 2024 discretum,
1398 1989 1429 2017 et
1451 1988 1618 2026 expectare
1642 1995 1650 2016 :
1676 1993 1755 2024 ergo
1775 1984 1844 2016 lici-

1069 2043 1138 2072 tum
1151 2043 1198 2071 est
1211 2040 1307 2072 etiam
1328 2048 1471 2080 quaerere
1492 2041 1618 2078 tempus
1638 2037 1791 2069 idoneum
1813 2039 1844 2069 et

1070 2097 1236 2134 expectare
1245 2093 1283 2124 ad
1297 2093 1514 2124 confitendum
1524 2094 1555 2122 et
1565 2090 1821 2122 satisfaciendum
1833 2101 1840 2122 :

1069 2150 1100 2179 et
1115 2148 1175 2178 hoc
1188 2149 1234 2178 est
1247 2149 1373 2186 tempus
1387 2145 1643 2186 quadragesimae
1664 2144 1704 2175 ad
1717 2143 1778 2174 hoc
1791 2143 1844 2178 in-

1069 2201 1216 2232 stitutum
1234 2210 1242 2230 :
1258 2208 1338 2239 ergo
1357 2198 1494 2236 videtur,
1519 2197 1604 2237 quod
1627 2197 1695 2228 sine
1717 2198 1843 2237 peccato

1069 2254 1161 2285 liceat
1175 2256 1338 2293 expectare
1352 2253 1644 2292 quadragesimam.

1071 2312 1196 2337 ΑΙῑίᾐίοιΙη
1211 2312 1241 2334 lv
1262 2311 1342 2340 Sem„
1361 2312 1432 2334 tract.
1450 2312 1474 2340 6,
1490 2315 1566 2334 c.111.
1586 2316 1612 2339 q.
1632 2313 1674 2337 ιη
1687 2307 1841 2336 aichardus,

1071 2348 1102 2371 lv
1122 2349 1198 2375 Sem„
1220 2347 1277 2370 dist.
1300 2352 1370 2375 xvil,
1396 2349 1443 2369 art.
1459 2348 1482 2376 3,
1506 2352 1531 2376 q.
1559 2350 1602 2373 ιη
1627 2343 1714 2374 steph.
1737 2342 1841 2368 Brulel'..

1072 2383 1103 2407 lv
1117 2382 1195 2412 Sem„
1208 2382 1264 2406 dist.
1277 2387 1379 2412 xv11,q.
1391 2387 1447 2404 xm.

1102 2422 1134 2452 (a)
1149 2422 1209 2445 σω(-
1224 2421 1283 2444 edit.
1296 2423 1540 2451 quantumcumque.

1279 661 1476 701 Praeceptum
1510 660 1740 692 affirmativum
1775 669 1841 692 non
1856 667 1959 690 fundam.
