2017 2948
680 138 776 169 DIST.
796 137 900 169 XXXI.
922 137 1010 168 ΛΒΤ.
1036 138 1058 168 1.
1083 138 1229 174 QUAEST.
1255 139 1277 169 l.
1763 144 1779 172 '7

227 210 256 238 Δ.
273 207 320 238 Ad
348 205 427 237 illud
447 214 525 245 ergo
551 205 638 246 quod
664 204 769 245 primo
794 204 952 244 objicitur,

187 259 272 300 quod
286 258 488 291 excellentius
496 258 566 290 unit
573 267 664 289 amor
670 257 840 296 charitatis,
856 266 953 297 quam

187 321 277 344 amor
288 311 450 350 naturalis,
468 311 636 343 dicendum
652 311 738 351 quod
747 320 861 342 verum
886 313 952 349 est3

187 366 241 397 sed
250 368 356 397 tamen
370 374 410 396 ex
420 366 480 396 hoc
494 373 559 395 non
574 365 728 404 sequitur,
747 365 831 403 quod
854 364 954 395 indis-

187 418 350 450 solubilius
358 418 447 449 uniat
457 428 463 449 :
474 418 549 458 quia
557 418 742 449 excellentia
751 417 880 448 unionis
889 426 954 449 non

187 473 311 502 tantum
325 471 496 502 attenditur
509 470 682 502 secundum
692 471 820 501 unionis
833 471 953 511 insepa-

186 525 387 563 rabilitatem,
402 526 561 564 quantum
584 524 757 555 attenditur
779 524 954 554 secuudum

186 578 315 609 habitus
329 577 495 616 unitatem,
511 577 578 608 sive
598 576 724 617 objecti,
742 576 811 608 sive
826 576 954 608 termini

186 630 386 670 dignitatem.
403 630 491 661 Unde
513 630 594 661 ratio
607 630 667 661 ista
690 639 754 661 non
782 629 876 661 valet.
894 630 955 661 Sed

185 684 211 714 si
229 686 265 715 tu
274 692 408 724 quaeras,
424 683 509 714 unde
522 684 583 715 1108
597 685 653 722 est,
669 683 755 723 quod
765 685 954 714 8180111818-

185 738 260 769 18115
272 738 343 769 111111
355 738 615 777 inseparabiliter,
631 739 662 768 et
683 746 773 768 amor
796 737 956 768 charitatis

185 801 261 830 non,
278 791 446 822 dicendum
461 791 545 830 quod
560 790 619 821 1108
641 792 698 828 851,
722 790 799 830 quia
820 790 956 821 charitas

186 847 232 877 est
245 845 371 876 habitus
385 845 585 884 regulativus
596 846 627 875 et
642 844 814 876 directivus
840 846 955 876 volun-

185 900 257 931 tatis
271 899 496 938 deliberativae,
504 907 576 939 quaa
586 901 632 930 est
644 899 682 930 ad
689 899 832 940 opposita
843 908 956 931 secun-

185 953 262 985 dum
277 954 394 984 statum
413 952 496 990 viae3
516 961 606 983 amor
627 961 705 984 vero
729 952 883 984 naturalis
901 962 955 984 re-

185 1006 273 1047 spicit
296 1006 397 1047 ipsam
411 1006 649 1037 inclinationem
664 1008 805 1045 naturae,
821 1015 894 1047 quae
910 1008 957 1038 est

185 1059 225 1092 ad
248 1069 351 1091 unum
381 1060 600 1091 determinata.
636 1059 708 1091 Ideo
739 1060 888 1091 dilectum
915 1069 956 1092 ex

185 1113 336 1145 charitate
350 1115 451 1153 potest
465 1122 532 1144 esse
545 1113 689 1144 odiosum
703 1115 831 1153 propter
844 1113 957 1145 volun-

185 1167 256 1198 tatis
270 1166 677 1206 vertibilitatem,quamvis
698 1167 783 1207 quod
803 1167 958 1198 naturali·-

185 1221 233 1251 ter
244 1219 397 1259 diligitur,
414 1229 540 1260 semper
554 1220 595 1251 sit
608 1220 744 1251 amabile
764 1223 893 1261 propter
906 1221 955 1261 ip-

185 1272 250 1304 sius
264 1275 387 1304 naturae
401 1273 708 1305 determinationem.
725 1273 813 1305 Unde
824 1283 889 1305 non
909 1276 958 1306 est

185 1326 286 1358 simile
299 1326 376 1357 hinc
389 1328 420 1358 et
432 1326 516 1359 inde.

224 1383 254 1412 2.
269 1381 318 1412 Ad
331 1380 410 1413 illud
433 1381 519 1421 quod
533 1381 695 1421 objicitur,
709 1382 795 1422 quod
821 1382 958 1413 charitas

186 1433 351 1465 estfortior
364 1435 503 1474 peccato,
527 1433 698 1465 dicendum
718 1434 803 1474 quod
828 1435 957 1465 amissio

186 1486 347 1518 charitatis
363 1496 429 1518 non
444 1489 490 1518 est
506 1489 634 1528 propter
649 1487 720 1526 hoc,
744 1488 830 1528 quod
845 1497 957 1528 pecca-

186 1542 256 1571 tum
278 1541 354 1579 agat
372 1540 407 1571 in
432 1540 545 1581 ipsam,
577 1549 648 1571 eam
662 1541 859 1581 expellendo,
875 1541 958 1572 sicut

185 1602 250 1624 una
263 1593 366 1624 forma
379 1593 535 1624 naturalis
551 1593 679 1633 expellit
693 1594 790 1625 aliam
799 1605 807 1632 ;
824 1595 878 1626 sed
897 1595 958 1627 hoc

185 1648 241 1685 est,
270 1646 345 1687 quia
358 1655 434 1677 cum
460 1655 527 1678 esse
555 1646 716 1678 charitatis
744 1647 919 1688 dependeat
939 1658 958 1679 a

185 1699 321 1738 duobus,
337 1699 482 1731 videlicet
495 1709 514 1731 a
528 1699 591 1731 Deo
601 1700 764 1739 influente,
778 1704 809 1732 et
823 1711 842 1732 a
858 1702 958 1734 libero

185 1753 314 1784 arbitrio
329 1753 519 1794 suscipiente
529 1763 537 1792 3
549 1762 622 1784 cum
633 1754 771 1784 liberum
788 1754 957 1786 arbitrium

185 1815 217 1838 se
228 1815 247 1837 a
259 1806 320 1838 Deo
334 1807 458 1843 avertit,
473 1806 608 1837 charitas
620 1806 653 1837 in
663 1808 829 1848 semetipsa
839 1808 954 1839 delicit.

185 1860 223 1892 Et
232 1860 307 1901 quia
319 1860 457 1892 liberum
469 1861 676 1892 arbitriumse
687 1871 752 1892 non
767 1862 883 1893 avertit
896 1862 957 1893 nisi

185 1913 353 1954 peccando,
368 1913 444 1944 hinc
460 1918 506 1945 est
522 1914 609 1954 quod
622 1914 758 1945 charitas
776 1915 891 1946 dicitur
901 1925 957 1955 per

186 1969 349 2008 peccatum
363 1966 490 2006 expelli,
505 1976 571 1998 non
591 1969 720 2007 propter
740 1968 957 1999 fortitudinem

184 2020 284 2060 ipsius
297 2021 415 2060 peccati
425 2021 561 2060 agentis,
577 2021 631 2051 sed
646 2023 775 2061 propter
801 2022 958 2053 defectum

184 2073 284 2114 ipsius
297 2074 389 2105 liberi
403 2074 524 2105 arbitrii
536 2073 743 2114 suscipientis.

224 2130 254 2160 3.
273 2128 321 2159 Ad
350 2128 428 2159 illud
456 2127 543 2168 quod
566 2128 726 2167 objicitur,
752 2129 837 2168 quod
863 2138 958 2161 omne

184 2185 347 2223 peceatum
362 2183 408 2212 851
422 2190 461 2212 ex
485 2189 594 2212 amore
615 2181 698 2212 male
724 2181 956 2223 inflammante,

185 2236 235 2268 vel
249 2236 362 2267 timore
376 2235 459 2266 male
473 2235 674 2273 humiliante,
686 2235 856 2267 dicendum
872 2238 957 2278 quod

184 2289 262 2320 illud
277 2288 442 2329 dupliciter
455 2290 556 2329 polest
570 2288 705 2328 intelligi
722 2300 728 2319 :
746 2291 802 2320 aut
820 2291 905 2330 qnod
920 2291 959 2321 il-

185 2341 225 2374 1ae
242 2342 315 2373 duae
335 2341 455 2372 radices
468 2341 648 2382 praecedant
673 2351 768 2374 omne
790 2346 954 2383 peccatum

186 2396 401 2436 perpetratum
409 2395 548 2426 exterius
559 2396 717 2435 tempore;
730 2398 786 2427 aut
798 2397 958 2437 (1111811188-

186 2448 298 2480 cedant
312 2447 451 2487 ¹origine.
474 2447 508 2479 Si
536 2448 717 2488 praecedant
737 2451 891 2490 tempore,
914 2451 959 2483 sic

186 2511 253 2534 non
279 2502 402 2542 oportet
428 2509 496 2532 esse
520 2501 712 2541 generaliter
733 2512 859 2542 verum,
882 2505 958 2545 quia

188 2556 260 2587 ante
271 2555 415 2596 primum
428 2556 591 2596 peceatum
605 2556 733 2588 nullum
751 2557 885 2590 istorum
900 2559 961 2591 fuit

189 2609 224 2640 in
233 2610 336 2649 primo
347 2608 488 2640 homine.
504 2608 536 2640 Si
552 2608 629 2649 quia
640 2611 819 2649 praecedant
834 2612 957 2652 origine

1013 205 1113 245 ipsam
1123 205 1387 245 perpetrationem
1398 207 1527 245 peccati,
1540 207 1584 237 sic
1591 207 1687 238 habet
1696 208 1781 239 veri·

1012 259 1120 296 tatem,
1142 258 1218 297 111118
1241 267 1336 289 1181110
1357 260 1520 298 peccatum
1541 261 1699 300 perpetrat
1720 260 1782 291 nisi

1013 311 1095 341 malo
1110 312 1224 342 aflectu
1239 311 1366 350 amoris,
1379 311 1431 343 vel
1447 312 1529 343 malo
1551 313 1666 344 affectu
1686 313 1781 345 timo-

1012 364 1064 394 ris.
1083 363 1236 401 Quamvis
1249 367 1355 395 autem
1371 365 1556 404 huiusmodi
1569 366 1699 397 auectus
1716 375 1783 398 non

1012 416 1075 447 sint
1090 417 1123 447 in
1137 418 1266 448 homine
1279 418 1415 449 habente
1429 418 1613 449 charitatem
1639 419 1672 449 in
1696 421 1780 458 actu,

1012 474 1144 510 possunt
1151 473 1257 501 tamen
1266 470 1378 508 inesse,
1389 473 1464 512 quia
1473 472 1609 502 liberum
1615 472 1783 503 arbitrium

1012 523 1096 563 quod
1113 526 1159 554 851
1172 526 1295 554 rectum
1318 534 1374 564 per
1393 524 1589 562 charitatem,
1618 524 1780 556 incurvari

1010 579 1111 617 potest
1129 586 1184 617 per
1198 577 1411 617 cupiditatem.

1052 633 1081 661 4.
1099 631 1146 662 Ad
1160 631 1237 661 illud
1251 630 1336 671 quod
1358 631 1517 671 objicitur,
1541 631 1626 671 quod
1647 630 1783 663 liberum

1014 685 1183 715 arbitrium
1197 686 1230 715 in
1245 685 1392 724 eligendo
1417 685 1563 725 sequitur
1584 684 1782 716 affectionem

1013 737 1309 777 praedominanlem,
1325 738 1494 769 dicendum
1504 737 1589 777 quod
1599 739 1646 768 est
1660 737 1784 769 affectio

1013 790 1247 829 praedominans
1267 791 1299 821 in
1314 791 1437 829 habitu,
1456 792 1487 822 et
1501 793 1547 822 est
1560 791 1683 822 affectio
1697 800 1783 832 prae-

1013 843 1180 874 dominans
1196 844 1229 874 in
1248 847 1332 875 actu.
1350 845 1429 875 Cum
1453 853 1531 884 ergo
1559 844 1675 875 dicitur
1699 844 1785 885 quod

1013 895 1149 926 liberum
1163 897 1330 927 arbitrium
1346 897 1488 937 sequitur
1498 897 1696 928 affectionem
1706 906 1786 937 11188-

1013 948 1244 986 dominantem,
1261 949 1321 980 1108
1338 958 1403 981 11011
1424 949 1615 989 intelligitur
1634 949 1673 980 de
1691 949 1786 982 affec-

1013 1002 1098 1033 tione
1110 1003 1359 1043 praedominante
1382 1002 1416 1033 in
1430 1003 1553 1040 habitu,
1575 1002 1629 1034 sed
1650 1003 1688 1034 de
1702 1011 1785 1043 11181-

1014 1057 1196 1088 dominante
1209 1057 1243 1088 in
1256 1059 1339 1088 actu.
1365 1056 1518 1094 Quamvis
1542 1058 1649 1087 autem
1670 1056 1706 1087 in
1725 1056 1784 1088 ho-

1014 1110 1100 1141 mine
1113 1110 1249 1141 habente
1270 1110 1454 1141 charitatem
1478 1109 1602 1141 affectio
1627 1109 1787 1141 charitatis

1014 1163 1262 1204 praedominetur
1289 1164 1323 1194 111
1349 1163 1471 1201 habitu,
1500 1163 1654 1202 contingit
1679 1164 1787 1195 tamen

1014 1218 1213 1249 affectionem
1238 1217 1396 1249 carnalem
1426 1217 1651 1258 praedominari
1678 1219 1752 1248 actu
1777 1227 1784 1248 :

1015 1271 1090 1311 quia
1103 1272 1286 1311 frequenter
1300 1271 1409 1308 homo,
1421 1271 1477 1311 qui
1492 1272 1538 1301 est
1553 1270 1587 1301 in
1603 1270 1716 1309 gratia,
1737 1279 1789 1302 eo-

1015 1334 1088 1355 rum
1106 1333 1179 1364 quae
1197 1325 1251 1356 Dei
1267 1326 1343 1355 sunt
1364 1324 1491 1361 oblitus,
1516 1324 1647 1355 omnino
1671 1324 1789 1364 cogitat

1016 1387 1088 1418 quae
1103 1380 1178 1409 sunt
1191 1378 1303 1410 mundi
1315 1402 1322 1416 ,
1340 1379 1371 1408 et
1388 1377 1431 1408 518
1456 1377 1602 1415 afficitur,
1618 1377 1709 1417 quasi
1723 1386 1790 1410 non

1016 1434 1096 1463 85581
1122 1432 1200 1463 civis
1227 1431 1311 1462 illius
1341 1439 1489 1471 supernas
1517 1430 1737 1462 Hierusalem:
1759 1432 1791 1463 et

1015 1486 1094 1517 dum
1114 1485 1208 1516 istam
1238 1485 1438 1516 affectionem
1468 1484 1623 1524 sequitur,
1647 1484 1728 1516 cadit
1755 1485 1790 1517 111

1016 1539 1242 1580 praecipitium,
1268 1537 1436 1578 perditque
1450 1537 1565 1577 gratiae
1590 1537 1731 1576 donum,
1759 1540 1791 1570 et

1016 1593 1178 1624 charitatis
1190 1592 1347 1623 habitum.

1057 1649 1085 1677 5.
1113 1646 1161 1677 Ad
1185 1646 1263 1677 illud
1282 1645 1368 1685 quod
1383 1645 1498 1676 ultimo
1513 1645 1679 1685 objicitur,
1705 1646 1791 1686 quod

1015 1700 1145 1731 habenti
1161 1700 1347 1731 charitatem
1369 1699 1511 1731 Christus
1533 1701 1580 1730 est
1600 1700 1792 1732 fundamen-

1015 1757 1096 1791 tum,
1115 1756 1145 1784 et
1161 1753 1297 1793 Spiritus
1312 1755 1438 1784 sanctus
1460 1755 1508 1784 est
1531 1753 1564 1783 in
1581 1753 1787 1794 adjtitorium,

1015 1807 1183 1838 dicendum
1199 1808 1284 1847 quod
1298 1816 1412 1839 verum
1427 1809 1490 1845 est;
1519 1806 1574 1838 sed
1588 1807 1632 1838 518
1648 1807 1789 1840 Christus

1016 1863 1062 1892 est
1078 1861 1333 1899 fundamentum,
1360 1861 1446 1901 quod
1469 1870 1534 1892 non
1561 1863 1715 1892 sustentat
1729 1861 1791 1893 nisi

1017 1915 1075 1945 sibi
1092 1915 1184 1945 inniti
1200 1915 1358 1946 volentem
1373 1924 1380 1953 3
1396 1916 1427 1944 et
1441 1914 1577 1953 Spiritus
1585 1916 1711 1945 sanctus
1725 1923 1791 1946 non

1017 1969 1175 2008 gubernat
1200 1968 1233 1998 in
1267 1976 1333 1998 8558
1362 1967 1518 2006 gratuito,
1543 1967 1602 1998 nisi
1631 1968 1790 1999 volentem

1015 2022 1074 2053 51111
1089 2021 1262 2061 cooperari.
1276 2021 1313 2051 Et
1325 2021 1406 2059 ideo,
1423 2022 1571 2060 quamvis
1586 2021 1662 2052 illud
1675 2022 1788 2052 funda-

1017 2077 1161 2106 mentum
1171 2075 1211 2106 sit
1226 2075 1399 2114 immobile,
1414 2077 1446 2105 et
1455 2074 1651 2114 adjutorium
1663 2075 1740 2105 illud
1751 2074 1791 2106 sit

1016 2129 1220 2167 invincibile3
1238 2130 1355 2166 tamen,
1372 2128 1449 2168 quia
1467 2128 1604 2159 liberum
1620 2128 1790 2160 arbitrium

1017 2193 1056 2214 ex
1072 2192 1131 2214 5118
1146 2183 1377 2214 defectibilitate
1392 2183 1519 2213 recusat
1532 2182 1626 2212 inniti
1641 2182 1693 2212 isti
1713 2182 1790 2213 sun-

1017 2237 1178 2275 damento,
1188 2239 1219 2267 et
1235 2236 1395 2276 cooperari
1408 2235 1454 2266 illi
1469 2235 1640 2275 adjutorio,
1656 2244 1790 2275 peccan-

1018 2291 1057 2322 do
1081 2291 1186 2321 deficit
1204 2290 1238 2321 in
1261 2299 1294 2321 se
1320 2291 1408 2330 ipso,
1425 2298 1462 2320 ac
1485 2298 1542 2329 per
1565 2289 1626 2320 hoc
1645 2288 1790 2329 privatur

1016 2344 1178 2375 charitatis
1192 2344 1285 2381 dono,
1297 2345 1423 2384 propter
1437 2343 1593 2374 defectum
1601 2352 1619 2373 a
1628 2344 1716 2382 parte
1725 2342 1786 2382 sui,

1016 2407 1082 2428 11011
1097 2399 1224 2437 propter
1246 2397 1403 2429 defectum
1423 2405 1442 2428 a
1457 2398 1546 2437 parte
1568 2394 1785 2432 fundamenti,

1016 2451 1066 2483 vel
1077 2452 1126 2492 adj
1131 2451 1238 2483 utorii.
