2017 2948
204 192 242 221 38

200 255 289 295 gelos
302 252 450 288 deseruit,
466 251 612 282 homines
628 252 734 281 autem
750 248 903 280 relevavit
917 258 923 278 :
938 249 969 278 et

200 308 242 338 sic
260 307 343 346 patet
362 305 459 345 quod,
475 304 651 335 secundum
668 303 810 333 diversos
826 301 966 337 effeetus,

199 361 294 392 homo
309 362 339 390 et
356 359 491 399 angelus
506 359 536 388 in
555 357 720 387 dilectione
736 355 788 386 Ilei
804 365 836 385 se
858 356 968 384 mutuo

199 412 366 443 excedunt.
379 412 411 443 Si
425 414 532 442 autem
545 419 680 450 quaeras,
692 418 763 449 quae
774 409 906 438 istarum
921 407 967 436 *li-

198 465 364 496 lectionem
395 466 498 504 magis
531 463 660 494 excedat
693 462 865 501 reliquam,
896 462 968 489 tunc

198 519 453 559 respondendum
473 520 530 556 cst⁷
546 517 630 557 quod
649 519 694 546 est
716 515 800 554 loqui
820 514 857 543 ‹lo
873 513 966 543 dilec-

199 570 291 601 tionis
306 579 437 601 excessu
456 571 491 599 ut
506 578 602 602 nunc,
619 567 668 597 vel
691 565 885 606 simpliciter,
902 563 968 593 sive

198 623 375 654 secundum
399 624 516 653 statum
544 623 733 660 praesentem
745 642 752 656 7
780 618 827 648 vel
855 625 967 646 secun-

198 676 275 707 dum
288 678 405 706 statum
417 675 555 705 finalem.
567 674 597 703 Si
612 674 781 712 loquamur
791 671 828 701 de
839 678 970 701 excessu

198 728 374 760 dilectionis
390 727 566 758 secundum
581 728 697 756 statum
714 726 912 764 praesentem,
927 722 970 751 sic

198 781 433 812 concedendum
449 783 505 816 est,
525 779 610 818 quod
626 778 728 817 magis
743 777 855 815 diligat
869 784 967 813 ange-

198 834 244 864 los
258 842 354 873 quam
370 833 528 870 liomines3
545 832 571 862 si
585 840 661 862 vero
676 831 846 870 loquamur
861 838 972 859 set-un-

198 886 275 917 dum
292 889 408 917 statum
425 887 526 916 finalis
541 885 665 925 gratiae,
680 884 713 914 in
730 893 795 924 quo
814 883 970 922 repar-itio

198 940 258 970 erit
278 942 507 975 consummata,
526 939 569 969 sic
592 938 714 969 videtur
734 937 807 967 satis
829 936 970 966 rationa-

198 994 302 1025 biliter
316 1002 407 1033 posse
428 993 499 1030 dici,
516 992 599 1031 quod
617 991 718 1029 inagis
737 990 846 1028 diligat
863 988 967 1019 homi-

198 1056 265 1078 nes.
283 1046 323 1077 De
343 1046 488 1085 pluribus
508 1045 593 1075 enim
611 1044 737 1074 habebit
755 1043 850 1073 homo
867 1042 897 1071 in
915 1050 970 1080 pa-

198 1100 313 1135 radiso,
330 1099 412 1129 unde
435 1100 547 1137 gratus
568 1100 597 1127 ut
613 1097 746 1127 devotus
759 1096 871 1126 existat,
896 1094 968 1131 Deo,

198 1163 294 1194 quam
317 1151 480 1191 angelicus
503 1150 590 1187 ordo,
612 1152 678 1179 tuin
705 1151 830 1188 propter
851 1149 971 1178 beneli-
1002 1176 1006 1179 .

198 1207 282 1236 cium
298 1204 531 1240 iucarnationis,
549 1206 617 1232 tum
638 1204 764 1241 propter
779 1202 965 1231 heneficium

198 1257 433 1297 redemptionis,
453 1259 523 1287 tum
539 1258 665 1295 propter
680 1255 869 1285 lwuelicium
885 1255 967 1284 euli-

197 1311 300 1342 nentis
320 1310 567 1349 glorificationis,
585 1318 657 1348 quae
673 1318 735 1338 non
758 1310 883 1337 tantum
902 1317 968 1338 mtt-

197 1362 346 1393 nifestant
370 1370 447 1399 erga
471 1369 529 1390 nos
560 1359 678 1390 divinae
711 1358 870 1388 charitatis
902 1367 970 1388 ma-

197 1415 413 1455 gnitudinem,
446 1413 498 1443 sed
528 1413 624 1443 etiam
656 1413 725 1452 ejus
754 1411 966 1449 nimietatem,

198 1468 372 1498 secundum
388 1466 464 1496 illud
480 1466 563 1505 quod
581 1465 710 1495 dicitur¹
725 1475 731 1495 ε
748 1465 830 1495 Deus
846 1465 903 1504 qui
917 1464 968 1496 dt*-

197 1528 250 1552 ves
278 1522 322 1552 esc
351 1521 386 1551 in
414 1518 654 1555 misericordia,
677 1521 804 1557 propter
832 1518 969 1549 nimiam

196 1573 406 1609 charitatem,
435 1581 499 1611 qim
535 1571 653 1603 dilexit
686 1578 758 1606 nos,
783 1578 853 1601 cum
885 1578 970 1602 csse-

198 1634 268 1658 mus
303 1625 421 1657 mortui
458 1628 586 1664 peccato
599 1648 606 1660 ‚
639 1624 879 1662 convivificavit
913 1632 969 1655 nos·

201 1680 326 1711 Christo
337 1679 388 1719 (a).
406 1678 444 1709 Et
467 1678 510 1708 sic
526 1679 609 1717 patet
632 1677 793 1716 responsio
810 1677 847 1706 ad
865 1686 970 1716 quaes-

198 1733 318 1763 tionem
342 1732 545 1772 propositam.
571 1730 659 1761 Patet
687 1730 779 1760 etiam
809 1730 970 1769 responsio

198 1786 236 1816 ad
253 1786 384 1825 objecta,
401 1785 474 1824 quia
488 1785 633 1823 utraeque
652 1783 788 1813 rationes
810 1792 923 1813 verum
934 1783 967 1822 (b)

199 1839 393 1870 concludunt
422 1837 595 1868 secundum
629 1836 768 1867 diversas
796 1836 872 1866 vias.
903 1836 968 1866 lllae

199 1892 285 1924 enim
301 1891 449 1927 ratione&
467 1899 538 1929 quae
554 1890 686 1929 probant
701 1889 785 1928 quod
803 1889 906 1927 magis
921 1889 968 1919 di-

199 1945 279 1984 ligat
301 1953 404 1983 genus
429 1944 626 1979 humanum,
652 1942 824 1982 procedunt
854 1951 969 1972 secun-

200 1998 277 2028 dum
294 1997 441 2027 effectum
463 1996 680 2035 reparationiS,
698 1995 805 2025 habito
827 1998 971 2035 respectu

201 2051 240 2082 ad
263 2050 390 2080 finalem
412 2051 541 2086 statum,
563 2051 592 2078 et
615 2048 683 2078 ideo
706 2057 819 2078 verum
840 2048 971 2078 conclu-

201 2104 291 2140 dunt,
318 2104 348 2133 et
376 2101 582 2132 concedendae
611 2103 700 2137 sunt;
729 2101 866 2130 rationes
896 2110 971 2132 vero

202 2165 275 2196 quae
288 2157 320 2186 in
336 2155 516 2195 oppositum
531 2154 743 2191 adducuntur,
759 2154 821 2184 alia
834 2154 885 2184 via
901 2163 972 2194 pro-

203 2209 329 2246 cedunt,
347 2208 427 2239 sicut
440 2210 522 2247 patet
539 2206 713 2246 aspicienti.

244 2266 272 2294 1.
290 2261 370 2293 Nam
384 2261 469 2301 quod
484 2260 586 2299 primo
601 2259 760 2298 objicitur,
776 2260 860 2299 qnod
876 2269 974 2300 ange-

203 2317 254 2347 lus
267 2317 313 2346 est
324 2315 385 2346 Deo
399 2313 542 2349 similior,
554 2313 612 2343 hoc
626 2322 739 2343 verum
754 2315 800 2343 est
815 2315 973 2352 quantum

203 2370 242 2400 ad
266 2378 302 2400 ea
328 2377 400 2408 quae
423 2369 499 2397 sunt
524 2368 657 2403 nalurae,
681 2366 734 2396 sed
763 2375 826 2395 non
853 2368 975 2405 oportet

204 2425 361 2464 quantum
388 2423 427 2452 ad
454 2422 537 2452 dona
561 2421 684 2460 gratiae.
712 2420 838 2451 Dilectio
866 2423 974 2451 autem

205 2476 259 2507 Dei
282 2475 386 2515 magis
407 2477 517 2515 pensat
532 2474 614 2504 dona
628 2476 750 2504 naturae
763 2474 973 2512 superaddita,

238 2539 244 2554 ¹
264 2538 361 2568 Elaios„
376 2544 402 2567 n,
416 2540 438 2567 1,,
450 2539 472 2561 5.
483 2550 512 2554 ——
523 2537 532 2552 2
545 2536 783 2566 Dist.X1,nrl.l.11.
800 2542 831 2562 n:
849 2537 974 2565 disrxw,

206 2575 252 2597 nrt.
268 2579 316 2603 1,11.
327 2579 342 2596 ι.
352 2574 397 2591 -3
408 2574 476 2604 Sap.5
487 2578 521 2602 tx,
538 2574 571 2596 lii.
583 2584 610 2588 -
621 2571 630 2588 ὅ
644 2572 681 2602 Cf.
694 2572 975 2601 s.'1*1101uus,lllsrmt„

206 2609 264 2632 (list.
281 2614 367 2638 xxxii,
384 2611 430 2632 art.
450 2610 473 2639 ΕΞ,
496 2615 520 2638 q.
544 2607 742 2637 1v‚;1{ioliur‹l.,
765 2607 794 2630 lll
818 2607 894 2636 S‘ffl‘u-
918 2608 964 2632 ‹list

207 2649 292 2673 xxxn,
311 2645 357 2667 ait.
378 2645 406 2671 2,
424 2650 448 2673 q.
467 2649 507 2672 1v;
531 2642 618 2673 Stepli.
640 2642 744 2672 urulef„
769 2642 799 2666 lll
819 2643 897 2672 Sem„
917 2642 974 2666 dist.

773 180 1081 214 SENTENTIARUM
1103 180 1176 212 LIB.
1200 182 1253 212 ΙΙΙ.

1027 257 1124 288 quam
1145 257 1182 278 ea
1203 257 1275 288 quae
1294 250 1367 278 sunt
1388 247 1573 278 naturaliter
1593 247 1697 278 insita.
1719 246 1756 278 Et
1775 246 1801 277 si

1027 303 1061 330 tu
1078 300 1206 339 objicias
1220 301 1303 340 quod
1317 301 1420 339 gratia
1432 299 1655 340 correspondet
1665 301 1802 337 naturae,

1027 354 1064 384 acl
1088 354 1148 384 hoc
1171 354 1245 384 satis
1269 354 1300 383 in
1331 353 1468 384 secundo
1497 353 1592 383 libro²
1615 360 1803 392 responsum

1029 409 1086 437 est.

1067 462 1096 490 2.
1115 460 1161 490 Ad
1185 459 1260 490 illud
1281 459 1363 499 quod
1387 458 1546 499 objicitur,
1565 458 1650 497 quod
1669 457 1750 488 Deus
1771 457 1804 488 li-

1028 514 1163 544 beralior
1183 515 1229 543 est
1249 513 1280 542 in
1298 512 1430 551 angelis,
1447 512 1522 551 quia
1539 520 1605 541 uno
1622 513 1709 541 motu
1724 510 1802 541 bea-

1027 567 1170 603 tificavit,
1185 566 1353 596 dicendum
1370 565 1452 605 quod
1471 564 1548 594 illud
1564 573 1627 594 non
1643 563 1804 594 concludit

1027 620 1065 649 de
1081 619 1244 649 dilectione
1260 618 1452 658 simpliciter,
1466 617 1519 647 sed
1535 617 1573 647 de
1588 616 1750 646 dilectione
1768 618 1805 646 ut

1030 681 1126 709 nunc,
1139 680 1212 711 quae
1226 673 1343 701 statum
1357 672 1552 710 praesentem
1569 668 1708 708 respicit.
1722 667 1806 699 Prae-

1028 728 1124 762 terea,
1141 725 1245 763 majus
1265 724 1324 753 snit
1339 723 1542 762 unigenitum
1559 730 1655 752 suum
1671 729 1728 760 pro
1743 721 1806 751 im-

1028 778 1088 817 piis
1112 777 1203 814 dare⁷
1226 786 1323 816 quam
1347 776 1470 815 angelis
1494 774 1691 806 merentibus
1711 776 1804 804 aeter-

1028 839 1103 860 nam
1132 830 1308 861 mercedem
1334 829 1534 860 retribuere:
1553 828 1614 858 hoe
1637 827 1723 858 enim
1748 827 1807 857 fuit

1025 883 1169 922 justitiae,
1191 882 1268 913 illud
1291 891 1366 913 vero
1386 881 1614 912 misericordiae
1635 882 1665 910 et
1684 879 1807 920 pietatis

1028 935 1325 967 abundantissnnae.

1069 992 1096 1019 3.
1123 988 1171 1018 Ad
1194 987 1275 1017 illud
1301 986 1386 1026 quod
1408 985 1570 1024 objicitur,
1590 984 1677 1024 quod
1699 984 1807 1024 angeli

1028 1042 1132 1081 magis
1150 1042 1300 1080 diligunt,
1323 1039 1398 1079 quia
1421 1038 1546 1069 nullum
1567 1038 1683 1068 habent
1705 1040 1805 1068 retar-

1027 1095 1182 1131 dativum,
1200 1093 1370 1124 dicendum
1386 1091 1470 1131 quod
1486 1091 1539 1121 illa
1556 1091 1635 1121 ratio
1649 1090 1807 1121 concludit

1027 1149 1130 1178 solum
1166 1147 1341 1177 secundum
1380 1147 1498 1175 statum
1534 1146 1743 1184 piaesentem,
1770 1144 1803 1175 in

1027 1203 1110 1240 quo³
1138 1208 1262 1239 corpus,
1289 1208 1363 1230 cum
1391 1199 1616 1237 corrumpitur,
1647 1201 1805 1236 ayqravat

1027 1254 1190 1293 spiritum·,
1206 1252 1380 1283 secundum
1405 1254 1522 1282 statum
1547 1260 1624 1282 vero
1647 1251 1804 1290 futurum,

1028 1317 1101 1337 cum
1120 1316 1235 1346 corpus
1255 1306 1314 1336 erit
1335 1305 1498 1345 spirituale
1521 1304 1683 1340 effectum,
1708 1304 1805 1335 homo

1027 1369 1092 1389 non
1106 1359 1234 1389 habebit
1247 1358 1374 1398 aliquod
1390 1358 1666 1398 impedimentum,
1678 1356 1733 1388 sed
1749 1356 1805 1388 ha-

1027 1412 1112 1443 bebit
1127 1412 1326 1452 praecipuum,
1341 1411 1454 1450 gratiae
1469 1410 1679 1450 adjutormm.

1067 1469 1096 1496 4.
1125 1466 1172 1495 Ad
1199 1465 1277 1495 illud
1305 1473 1382 1496 vero
1410 1463 1496 1504 quod
1526 1463 1690 1503 objicitur,
1716 1463 1803 1504 quod

1028 1521 1102 1548 sunt
1125 1518 1323 1554 mediatores,
1348 1518 1493 1547 similiter
1517 1518 1601 1556 patet
1624 1516 1800 1556 responsio.

1028 1572 1212 1603 Mediatores
1226 1571 1310 1602 enini
1333 1571 1432 1602 nostri
1453 1572 1528 1600 sunt
1542 1570 1718 1600 secundum
1738 1572 1803 1600 sta-

1028 1628 1095 1656 tum
1126 1625 1290 1664 praesentis
1316 1623 1470 1661 miseriae,
1502 1623 1533 1653 in
1563 1632 1638 1663 quo,
1670 1625 1798 1662 propter

1028 1679 1234 1718 multiplicem
1253 1678 1420 1715 defectum,
1439 1676 1654 1712 necessarium
1673 1680 1720 1707 est
1741 1684 1800 1706 no-

1028 1731 1075 1761 bis
1100 1731 1265 1771 multiplex
1289 1730 1497 1769 adjutorium,
1526 1732 1556 1760 et
1580 1731 1710 1769 propter
1730 1737 1798 1760 ma-

1029 1793 1128 1823 gnam
1151 1783 1387 1822 elongationem
1409 1782 1508 1813 nostri
1533 1791 1551 1812 a
1573 1781 1649 1819 Deo,
1673 1782 1800 1822 indige-

1028 1847 1100 1868 mus
1115 1837 1324 1868 mediatorum
1337 1835 1466 1867 auxilio.

1294 1945 1472 1984 QUAESTIO
1495 1945 1532 1976 V.

1047 2036 1093 2061 An
1107 2035 1174 2060 Deus
1188 2034 1274 2066 maqz's
1288 2031 1413 2058 dilexerit
1426 2037 1506 2065 (lenus
1521 2030 1667 2057 humanum
1676 2049 1685 2063 ‚
1702 2037 1782 2065 quam

1337 2076 1469 2102 Christum
1477 2074 1497 2101 ⁶.

1071 2158 1183 2188 Utrum
1199 2156 1279 2187 Deus
1296 2155 1400 2194 magis
1411 2155 1555 2187 dilexerit
1571 2164 1674 2194 genus
1690 2154 1802 2185 huma-

1030 2220 1120 2249 num,
1132 2220 1228 2250 quam
1246 2210 1420 2246 Christum;
1434 2211 1464 2239 et
1478 2208 1563 2248 quod
1574 2208 1628 2245 sic,
1641 2208 1799 2239 videtur⁸:

1033 2265 1084 2296 Sic
1109 2264 1191 2294 Deus
1211 2262 1330 2294 dilexit
1348 2261 1515 2299 mundum,
1533 2264 1568 2293 uc
1584 2261 1690 2300 filium
1711 2269 1804 2292 suum

1031 2316 1235 2356 um'qenicum
1255 2315 1358 2346 daret.
1381 2313 1441 2345 Sed
1463 2314 1518 2353 qui
1538 2314 1590 2344 dat
1609 2314 1730 2354 aliquid
1748 2322 1804 2353 pro

1032 2370 1148 2409 aliquo,
1161 2367 1262 2405 magis
1276 2367 1380 2405 diligit
1394 2367 1471 2397 illud
1485 2376 1541 2406 pro
1555 2376 1618 2407 quo
1631 2367 1694 2404 dat,
1708 2374 1806 2406 quam

1032 2422 1109 2452 illud
1131 2421 1217 2461 quod
1242 2422 1437 2450 commutat:
1454 2420 1480 2450 si
1496 2428 1573 2458 ergo
1598 2419 1680 2450 Deus
1701 2418 1807 2450 filium

1033 2484 1129 2506 suum
1149 2474 1233 2504 dedit
1251 2482 1306 2513 pro
1327 2473 1426 2503 saluto
1447 2473 1575 2512 generis
1595 2472 1739 2510 humani,
1756 2472 1805 2502 vi-

1034 2573 1116 2597 xxxn,
1133 2574 1157 2597 ¹1-
1175 2573 1205 2595 v;
1220 2566 1367 2590 Guiltelmus
1381 2566 1471 2596 Voril.,
1492 2566 1522 2589 ΙΙΙ
1541 2565 1627 2595 Sent.‚
1645 2564 1704 2588 dist.
1720 2569 1804 2593 xxxu,

1034 2609 1059 2633 q.
1076 2609 1133 2626 r—
1151 2603 1161 2618 ὅ
1174 2602 1362 2630 Joa11.,111‚16.

1065 2643 1097 2673 (a)
1110 2642 1184 2673 l’ulg.
1200 2643 1226 2666 ιἰι
1238 2641 1344 2667 ctu-isto.
1354 2654 1383 2659 —
1397 2641 1428 2671 (b)
1443 2640 1512 2665 Edit.
1529 2640 1586 2664 Ven.
1603 2646 1675 2666 vero.

1819 2169 1852 2189 Ad
1876 2175 1927 2196 opp.
