2017 2948
220 135 277 164 508

219 199 370 230 eramenti
379 224 386 237 ,
404 199 485 230 sicut
499 200 647 239 quaelibet
661 210 733 241 pars
747 201 848 241 potest
863 196 988 237 signifi-

218 261 299 290 care,
312 254 342 282 et
356 252 473 291 signat,
486 253 565 283 sicut
575 255 689 291 totum,
702 254 745 283 sic
757 252 907 292 quaelibet
919 258 990 290 pars

218 304 324 344 signat
338 308 367 336 et
383 306 519 336 eontinet
535 308 636 337 totum
654 317 659 336 :
676 308 706 336 et
721 306 872 345 quoniam
887 313 989 343 quan--

218 360 425 398 tumcumque
440 361 543 398 paries
558 359 750 397 significent,
768 361 874 388 tamen
890 365 991 386 unum

219 412 291 439 sunt
306 419 377 440 cum
395 412 475 447 toto,
498 420 598 441 uuum
615 411 745 449 iuquam
760 411 907 448 signum,
927 417 991 438 non

218 461 321 501 plura,
340 463 398 493 nisi
413 463 573 494 dividatur
588 473 594 493 :
613 464 685 493 him·
699 466 744 493 est
759 463 842 503 quod
855 471 927 493 cum
941 471 989 492 se-

218 515 280 545 mel
296 516 489 553 contineant,
507 518 536 545 et
552 516 692 546 Christus
706 518 790 546 totus
804 515 899 546 semel
915 524 988 545 con-

218 570 355 600 tineatur
372 571 423 609 (a),
445 580 507 601 non
530 572 630 610 potest
651 571 787 601 inveniri
809 570 991 610 exemplum

218 623 250 653 in
270 623 494 662 corporalibus,
514 624 578 655 imo
590 624 694 663 potius
708 624 905 654 inveniretur
920 632 992 653 con-

218 676 363 706 trarium.
389 676 449 707 Sed
471 677 653 717 exemplum
670 677 880 717 quaerendum
897 677 991 706 estin

219 729 452 768 spiritualibUS,
480 740 544 760 nou
569 731 644 769 quia
659 739 772 770 corpus
791 729 903 759 Christi
927 738 991 759 non

219 781 259 811 sit
278 790 353 812 vere
371 791 501 822 corpus,
527 783 577 813 sed
600 783 731 813 modum
752 782 872 813 essendi
898 781 991 812 habet

219 833 261 864 ihi
279 843 375 874 snpra
394 836 540 866 naturam
562 844 742 876 corporum.
760 835 848 866 Sicut
866 844 943 873 ergo
960 835 991 865 in

218 887 313 917 unico
327 896 457 927 corpore
473 891 517 919 est
532 889 626 919 unica
645 889 765 927 anima,
788 891 819 919 et
838 891 943 919 tamen
960 889 990 918 in

219 939 354 979 singulis
371 941 522 972 memhris
537 943 674 973 existens
684 944 759 979 tota,
776 944 806 972 ct
820 944 866 972 cst
882 941 989 980 semel,

219 992 295 1031 quia
323 1003 425 1024 unum
449 997 495 1025 est
518 995 726 1035 perfectiliile3
757 995 800 1025 sic
825 997 855 1025 et
879 1003 992 1034 corpus

220 1045 333 1076 Christi
350 1047 445 1078 semel
460 1050 585 1078 tantum
600 1048 632 1078 in
645 1057 709 1079 uno
722 1050 768 1078 est
782 1050 989 1078 sacramento.

536 1141 605 1163 DUB.
629 1142 661 1162 V.

408 1198 528 1229 indignus
546 1201 584 1222 est
601 1198 642 1229 qui
660 1198 740 1229 aliter,
758 1199 806 1222 etc.

261 1259 390 1291 Videtur
406 1260 487 1291 male
501 1261 613 1298 dis-cre,
631 1261 706 1300 quia
719 1269 828 1290 omnes
842 1260 933 1290 aliter
947 1269 993 1290 ce—

220 1312 379 1344 lebramus
397 1325 402 1344 ;
420 1317 564 1345 constans
578 1314 662 1344 «nim
678 1316 735 1351 est,
752 1312 837 1353 quod
853 1312 993 1343 Christus

220 1375 277 1396 nec
293 1369 337 1397 tot.
350 1367 521 1404 orationes,
541 1378 596 1397 nee
618 1369 662 1398 tot
677 1367 780 1397 crucis
798 1366 993 1405 signationes

220 1418 302 1457 fecit,
319 1422 396 1459 quot
411 1429 467 1450 nos.
482 1421 623 1451 sat-imus.
641 1420 673 1451 Si
686 1423 717 1450 tu
730 1420 824 1457 dicas,
837 1420 918 1458 quod
935 1418 994 1449 hoc

221 1471 410 1511 intelligitur
435 1475 590 1512 quantum
614 1473 651 1503 ad
677 1482 733 1510 ea,
759 1481 831 1512 quae
857 1474 931 1502 sunt
956 1471 994 1501 de

221 1525 394 1555 substantia.
409 1526 613 1563 sacramenti3
638 1526 803 1565 quceritur,
821 1534 919 1565 quare
935 1524 991 1555 Ec-

222 1577 314 1607 clesia
327 1578 413 1608 addit
433 1578 508 1608 istas
531 1578 759 1616 solemnitates,
784 1581 813 1608 et
835 1580 878 1608 tot
893 1578 994 1608 crucis

222 1630 424 1668 signationes,

263 1682 350 1723 llesp.
380 1684 551 1713 Dicendum
576 1684 659 1723 quod
682 1683 829 1722 quaedam
856 1685 995 1722 spectant

222 1736 260 1766 ad
276 1736 371 1775 hujus
380 1737 566 1767 sacramenti
582 1737 800 1767 necessitatem
816 1739 845 1766 et
860 1736 994 1775 integri—

222 1792 330 1827 tatem,
347 1792 376 1820 et
392 1790 463 1820 talia
479 1790 618 1819 Christus
633 1799 686 1828 per
701 1799 733 1819 se
748 1789 891 1826 tradidit;
910 1797 996 1828 qnae-

223 1841 295 1872 dam
315 1843 353 1873 ad
374 1843 617 1880 solemnitatem,
642 1844 672 1873 et
692 1843 762 1873 haec
784 1842 919 1872 Ecclesia
941 1851 993 1872 su-

223 1896 366 1934 peraddit
381 1907 387 1927 2
405 1897 474 1927 liaec
484 1898 589 1926 autem
607 1905 671 1926 non
687 1898 760 1926 sunt
775 1895 994 1932 diminuentffl,

224 1949 276 1979 scd
302 1950 457 1980 salvantia
482 1950 535 1979 illa
558 1958 630 1989 qua}
655 1951 728 1979 sunt
755 1949 792 1979 de
816 1949 997 1988 integritate

224 2003 411 2032 sacramenti
431 2013 436 2033 :
455 2005 485 2032 et
501 2002 569 2033 ideo
589 2011 652 2032 uon
667 2002 757 2032 aliter
773 2001 926 2039 celebrat,
944 2002 997 2031 sed

225 2054 267 2084 ita
301 2057 418 2085 servat.
452 2054 482 2085 Si
512 2055 582 2095 quis
611 2064 686 2086 vero
716 2054 830 2084 vitaret
862 2055 996 2084 formam

225 2107 356 2146 Christi,
375 2108 425 2138 vel
441 2118 477 2138 ea
491 2118 563 2148 quin
585 2108 696 2139 tradita
714 2108 841 2138 suntab
862 2107 999 2138 Ecclesia

226 2162 380 2198 mutaret,
401 2160 509 2200 utique
531 2163 561 2190 ct
585 2160 653 2190 talis
675 2162 754 2190 esset
775 2160 928 2199 indignus
945 2171 951 2190 z
969 2163 999 2190 et

226 2213 263 2244 de
292 2214 345 2244 tali
368 2214 520 2253 loquitur.
546 2214 591 2243 Ad
619 2213 695 2244 illud
720 2213 804 2253 quod
830 2213 996 2252 quaeritur,

226 2276 323 2306 quare
338 2266 474 2297 Ecclesia
484 2266 567 2296 addit
578 2266 760 2306 hujusmodi
775 2266 998 2303 solemnitates,

226 2320 392 2350 dicendum
409 2320 493 2359 quod
503 2319 620 2349 additio
636 2320 749 2350 harum
765 2319 999 2349 solemnitatum

227 2375 271 2403 est
286 2382 343 2412 pro
361 2373 526 2403 excitanda
540 2372 720 2409 devotione,
741 2374 771 2402 et
785 2372 932 2402 arctanda
948 2372 1000 2401 in-

226 2426 382 2463 tentione;
400 2428 447 2456 est
463 2426 561 2464 ,etiam
576 2426 667 2456 tertio
682 2428 809 2465 propter
824 2425 999 2465 expressio-

226 2487 294 2509 rem
301 2479 576 2518 significationem.
586 2479 673 2510 Unde
680 2479 1001 2510 addunturorationes

227 2532 266 2562 ad
289 2532 487 2563 excitandam
502 2532 704 2564 devotionem
723 2532 755 2562 in
775 2531 998 2568 sacerdotibus,

260 2595 293 2625 (α)
306 2595 368 2619 Coet.
383 2595 443 2619 edit.
457 2595 610 2619 continetur.

779 128 1088 165 SENTENTIARUM
1112 130 1185 161 [ΑΒ.
1211 131 1260 162 Π.

1045 199 1076 228 et
1099 197 1136 228 ad
1152 198 1325 230 docendum
1347 200 1423 240 quid
1443 200 1578 232 debeant
1596 203 1711 241 petere.
1730 203 1818 235 Unde

1046 250 1125 281 sicut
1141 251 1293 282 instituite
1307 255 1380 284 sunt
1393 254 1480 284 horae
1490 254 1660 292 canonicae,
1675 263 1715 286 ne
1725 264 1819 296 prop-

1046 305 1093 333 ter
1115 304 1347 344 negligentiam
1373 310 1567 346 pertranseat
1588 307 1681 344 hora,
1706 308 1739 338 in
1758 317 1822 348 qua

1047 365 1110 386 non
1125 356 1269 388 laudetur
1285 358 1378 397 Deus,
1396 362 1425 390 et
1439 362 1473 390 ut
1490 360 1623 399 populus
1635 361 1823 391 accendatur

1047 406 1085 436 ad
1100 407 1298 438 devotionem
1311 420 1318 446 ;
1342 410 1385 440 sic
1400 414 1429 440 et
1445 411 1476 440 in
1496 411 1655 450 proposito
1669 413 1716 441 est
1730 411 1822 442 intel·

1047 458 1226 498 ligendum.
1255 461 1386 501 Propter
1410 464 1617 494 intentionem
1640 472 1716 494 vero
1742 463 1825 494 fiunt

1047 513 1149 542 crucis
1172 513 1383 553 signationcs,
1406 518 1440 546 ut
1466 517 1610 547 sacerdos
1631 518 1706 547 actu
1723 516 1826 546 cordis

1047 567 1077 594 et
1087 574 1242 596 manuum
1254 571 1457 598 convertatur
1467 578 1565 608 supra
1573 571 1823 600 sacramentum:

1047 617 1116 648 ideo
1144 620 1271 658 quando
1297 621 1458 657 nominat,
1488 622 1596 660 signat
1619 624 1746 662 propter
1769 631 1825 652 ex-

1048 672 1235 711 pressiorem
1248 673 1528 712 significationem.
1547 675 1612 706 111ae
1624 675 1709 706 enim
1723 675 1825 706 crucis

1047 725 1070 754 si
1076 726 1250 764 gnationes,
1268 736 1340 766 quae
1356 728 1398 757 ibi
1414 730 1499 766 sunt,
1517 737 1589 768 quae
1604 730 1679 760 sunt
1694 728 1826 768 viginti-

1047 779 1199 818 quinque,
1222 782 1251 810 et
1266 781 1348 811 fiunt
1364 781 1395 811 in
1412 784 1531 821 septem
1546 782 1680 819 vicibus,
1697 782 1822 821 signifi-

1047 834 1118 862 cant
1133 841 1278 872 expresse
1294 836 1471 873 passionem
1487 835 1602 866 Christi
1613 859 1622 874 ,
1640 835 1719 866 sicut
1731 835 1826 866 tradit

1048 885 1259 918 Innocentius.
1277 887 1311 918 In
1327 887 1430 927 prima
1449 889 1516 919 vice
1541 889 1623 919 fiunt
1644 890 1701 926 ter,
1725 888 1765 919 ad
1786 888 1826 919 si-
1840 908 1945 935 δίψῃ

1047 939 1265 975 gnificandum
1281 941 1397 971 trinam
1412 941 1616 972 traditionem
1629 941 1753 979 Christi,
1769 941 1826 972 sci·
1840 938 1945 996 ζζωεὲῑιζ

1048 991 1117 1022 licet
1133 1002 1151 1022 a
1168 993 1241 1029 Deo,
1258 994 1350 1032 Juda,
1367 997 1397 1025 et
1411 994 1532 1026 Judaeo.
1556 995 1590 1025 In
1607 994 1745 1026 secunda
1757 995 1825 1026 vice
1840 1002 1904 1023 catio.

1047 1047 1128 1077 fiunt
1146 1048 1327 1088 quinquies,
1355 1050 1394 1080 ad
1418 1049 1664 1088 significandum
1683 1049 1826 1089 quinque

1048 1107 1213 1138 pei-soum,
1230 1109 1302 1139 quae
1322 1101 1355 1131 in
1370 1101 1536 1132 traditione
1553 1101 1666 1132 Christi
1684 1102 1824 1139 fuerunt,

1047 1152 1161 1182 scilicet
1176 1162 1341 1191 personam
1358 1154 1481 1192 traditi,
1498 1155 1648 1185 tradentis
1668 1154 1778 1192 Judae,
1795 1156 1827 1185 et

1047 1205 1238 1242 ementium,
1261 1207 1315 1246 qui
1338 1207 1465 1237 suerunt
1486 1210 1565 1245 tres,
1589 1207 1704 1238 scilicet
1720 1207 1823 1247 ponti-

1048 1258 1133 1295 Γιθθε,
1150 1258 1274 1295 scribae,
1286 1260 1315 1289 et
1330 1259 1496 1298 pharisaei3
1516 1260 1548 1289 iu
1563 1260 1655 1290 tertia
1669 1260 1750 1290 fiunt
1765 1260 1822 1299 bis,

1049 1311 1087 1341 ad
1103 1311 1346 1350 significandam
1360 1314 1599 1343 conversionem
1613 1313 1747 1353 duplicis
1761 1313 1824 1344 ele-

1049 1364 1162 1402 menti,
1179 1364 1295 1395 scilicet
1317 1366 1408 1405 panis
1422 1368 1452 1396 et
1476 1366 1552 1396 vini.
1571 1366 1605 1396 In
1620 1368 1732 1406 quarta
1746 1367 1827 1397 fiunt

1049 1418 1229 1457 quinquies,
1242 1418 1280 1448 ad
1292 1419 1539 1458 significandum
1551 1419 1690 1459 quinque
1700 1420 1825 1460 plagas.

1052 1470 1084 1500 ln
1099 1471 1210 1510 quinta
1224 1472 1304 1501 fiunt
1317 1472 1372 1510 bis,
1390 1472 1428 1502 ad
1440 1473 1686 1511 significandum
1697 1472 1829 1503 vincula

1049 1524 1166 1562 quihus
1181 1533 1294 1563 corpus
1311 1524 1369 1554 suit
1391 1525 1546 1563 ligatum,
1570 1528 1600 1556 et
1615 1526 1742 1565 flagella
1756 1526 1826 1566 qui-

1051 1577 1109 1606 lJus
1124 1577 1255 1615 sanguis
1269 1577 1400 1608 effusus.
1415 1577 1448 1607 In
1463 1580 1550 1608 sexta
1562 1579 1642 1609 fiunt
1658 1581 1716 1616 ter,
1732 1587 1828 1618 prop-

1049 1632 1096 1659 ter
1117 1630 1355 1660 crucifixionem
1372 1630 1485 1661 factam
1505 1631 1538 1660 in
1561 1631 1682 1670 linguis
1700 1631 1825 1662 Judaeo-

1050 1692 1134 1720 rum,
1151 1683 1277 1722 quando
1292 1685 1338 1713 ter
1353 1684 1520 1714 dixerunt¹
1540 1694 1546 1713 :
1567 1683 1727 1724 Crucifiqe
1743 1692 1826 1717 eum.

1052 1734 1085 1765 ln
1109 1736 1242 1774 septima
1266 1736 1422 1776 quinque,
1448 1739 1494 1766 ter
1517 1737 1555 1767 de
1579 1746 1709 1776 corpore
1733 1746 1828 1777 super

1051 1788 1190 1826 calicem,
1208 1791 1237 1818 et
1252 1789 1298 1818 bis
1313 1798 1331 1818 a
1347 1789 1453 1826 latere,
1476 1791 1512 1820 ut
1528 1789 1749 1828 significentur
1764 1792 1828 1821 tres

1051 1841 1220 1879 cruciatus,
1239 1841 1355 1872 scilicet
1369 1841 1535 1881 passionis,
1558 1842 1780 1882 propassionis,
1797 1845 1827 1874 et

1051 1894 1294 1933 compassionis,
1317 1896 1346 1924 et
1369 1896 1495 1934 propter
1509 1904 1626 1934 aquam
1641 1897 1671 1926 et
1692 1896 1827 1935 sangui-

1051 1956 1141 1984 nem,
1167 1948 1221 1987 qui
1245 1948 1283 1978 de
1309 1947 1406 1978 latere
1430 1947 1543 1977 Christi
1570 1948 1741 1978 [luxerunt.
1770 1947 1826 1979 Hae

1052 2009 1162 2030 omnes
1173 2002 1245 2030 sunt
1260 2000 1530 2039 vigintiquinque,
1543 2000 1599 2039 qui
1613 2003 1659 2030 est
1671 2009 1826 2031 numerus

1053 2053 1192 2090 cubicuS,
1202 2054 1238 2083 ut
1245 2053 1429 2092 designetur
1439 2053 1521 2092 quod
1531 2055 1826 2094 quantumcumque

1052 2105 1279 2145 multiplicetur
1293 2106 1494 2144 sacrificium,
1509 2115 1633 2146 semper
1643 2109 1688 2137 est
1699 2116 1802 2138 uuum
1816 2117 1824 2138 :

1053 2161 1083 2189 et
1098 2158 1141 2188 sic
1155 2160 1239 2198 patet
1253 2159 1336 2198 quod
1353 2159 1431 2188 nihil
1446 2162 1536 2190 vacat
1549 2169 1567 2190 a
1582 2160 1745 2199 mysterio.

2012 1972 2017 1983 -
2005 1349 2017 1937 „Qu-4*—
2007 78 2017 1296 ——————————————————

1294 2278 1536 2312 ARTICULUS
1560 2280 1586 2313 I.

1095 2372 1143 2402 Ad
1165 2372 1408 2411 intelligentiam
1428 2373 1527 2412 hujus
1548 2374 1645 2413 partis
1661 2374 1719 2405 tria
1733 2374 1824 2414 prin—
2014 2393 2017 2406 ι

1056 2425 1197 2464 cipaliter
1220 2428 1411 2465 quaeruntur
1435 2437 1441 2456 2
1472 2426 1575 2465 primo
1599 2426 1637 2457 de
1660 2426 1825 2458 existentia
2011 2411 2017 2433 ³

1056 2478 1247 2518 specierum,
1269 2479 1336 2509 sive
1354 2478 1563 2510 accidentium
1582 2479 1650 2509 sine
1664 2478 1822 2518 subjecto;
2008 2472 2017 2511 1

1057 2531 1195 2562 secundo
1210 2531 1248 2561 de
1269 2531 1391 2564 actione
1407 2531 1564 2572 ipsarum,
1584 2531 1650 2563 sive
1663 2532 1823 2563 transmu-
2010 2515 2017 2534 ¹

1091 2592 1099 2608 ¹
1109 2592 1190 2622 Joan.‚
1202 2598 1257 2624 11¹,
1271 2594 1294 2622 6,
1311 2594 1348 2616 15.
