2017 2948
812 155 1001 187 DISTINCT.
1028 155 1078 186 lV.
1099 154 1201 186 PARS
1225 156 1262 187 11.
1771 163 1828 191 339

239 223 436 256 Retractavit
451 228 459 244 ¹
475 223 608 268 quidem
622 222 808 266 exemplum
823 248 831 263 ,
848 223 903 255 sed
926 235 992 256 non
1012 223 1203 256 sententiam
1218 235 1226 264 ;
1243 223 1288 255 ait
1303 223 1390 256 enim
1411 236 1417 255 :
1437 237 1453 255 «
1470 224 1507 257 In
1522 229 1639 269 quarto
1653 225 1738 259 libro
1752 237 1826 260 cum

240 281 392 322 dicerem,
408 281 510 313 vicem
525 280 676 324 baptismi
693 290 783 324 posse
796 280 914 313 habere
929 281 1122 325 passionem,
1140 291 1205 313 nou
1219 280 1296 313 satis
1310 280 1465 314 idoneum
1480 283 1573 325 posui
1586 283 1677 316 illius
1690 283 1827 317 latronis

241 338 426 382 exemplum
441 351 447 378 ;
465 338 562 382 quia,
581 342 692 369 utrum
709 348 775 369 non
790 337 889 370 suerit
908 337 1090 382 baptizatus
1102 363 1110 379 ‚
1128 338 1289 370 incertum
1304 341 1362 370 est.
1386 350 1402 368 11
1426 330 1558 371 Constat
1578 351 1654 383 ergo
1669 341 1738 374 sine
1752 341 1830 386 hap-

240 396 335 428 tismo
358 395 485 439 aliquos
498 394 691 439 justificari,
717 398 748 426 et
771 394 901 426 salvari.
927 394 1021 427 Unde
1043 394 1254 435 Ambrosius,
1272 394 1311 427 de
1334 395 1567 429 Valentiniano
1582 400 1613 429 ²:
1633 410 1650 428 «
1671 397 1829 432 Ventrem

241 464 349 485 meum
364 452 470 493 doleo,
482 455 519 484 ut
533 451 720 496 prophetico
735 455 809 483 utar
820 451 951 495 eloquio
966 464 972 484 :
986 452 1065 495 quia
1075 463 1173 496 quem
1185 456 1437 493 regeneraturus
1447 464 1550 495 eram,
1568 453 1661 487 amisi
1674 465 1681 486 :
1700 465 1831 488 verum-

241 514 348 542 tamen
362 509 514 551 gratiam,
530 520 629 553 quam
645 508 700 541 ille
715 509 872 553 poposcit,
888 519 954 542 non
971 509 1089 541 amisit..
1109 522 1125 540 >³

285 567 343 599 His
358 571 466 599 autem
481 566 610 598 videtur
625 565 757 598 obviare
772 565 859 610 quod
874 565 1036 598 Dominus
1051 566 1128 598 dicit
1143 569 1152 585 ³
1168 578 1175 598 :
1197 567 1272 601 Nisi
1287 568 1358 611 quis
1371 574 1506 601 renatus
1521 569 1627 613 fuerit
1642 581 1682 603 ex
1697 582 1785 616 aqua
1799 579 1830 605 et

239 624 366 668 Spiritu
380 630 505 663 sancto,
523 634 586 655 mm
596 629 705 667 potest
721 623 847 655 intrare
862 623 897 655 2¹72
911 634 1043 667 reymlm
1064 624 1229 656 coelormn.
1254 624 1348 663 Quod
1367 626 1392 658 si
1414 626 1608 669 generaliter
1632 638 1747 661 verum
1770 633 1828 671 est,

240 693 305 714 non
322 682 473 713 videntur
487 692 553 712 esse
569 692 645 713 vera
661 681 810 724 superius
826 681 939 724 posita.
958 681 1021 713 Sed
1038 681 1122 714 illud
1138 681 1389 724 intelligendum
1406 687 1452 716 est
1466 683 1505 716 (16
1520 684 1585 716 illis
1598 710 1606 725 ,
1623 685 1680 729 qui
1694 692 1830 730 possunt

240 743 270 771 et
284 743 496 771 contemnunt
514 738 681 782 baptizari.
701 738 760 770 Vel
777 738 821 771 ita
845 738 1095 781 intelligendum
1111 744 1157 771 est
1174 751 1179 770 :
1202 753 1217 770 ιι
1241 739 1309 772 Ν151
1334 741 1407 784 quis
1430 745 1561 774 renatus
1576 742 1675 775 fuerit
1690 754 1729 776 ex
1744 755 1830 788 aqua

239 800 269 828 et
284 795 408 839 Spiritu
423 800 544 836 sancto,
562 808 578 825 ›>
597 796 628 828 id
645 800 703 836 est,
720 806 760 828 ex
775 807 811 828 ea
825 796 1068 838 regeneratione
1089 808 1162 840 quae
1185 796 1221 829 fit
1236 808 1294 841 per
1308 809 1428 842 aquam
1444 803 1474 831 et
1489 799 1649 844 Spiritum
1665 806 1826 843 sanctum,

239 864 303 884 non
319 853 509 885 salvabitur.
528 853 587 885 Illa
602 857 710 885 autem
732 853 933 895 regeneratio
952 853 989 885 fit
1014 865 1080 886 11011
1106 858 1234 886 tantum
1258 865 1315 898 per
1340 855 1554 899 baptismum,
1576 857 1631 890 sed
1655 858 1752 891 etiam
1774 870 1832 903 per

239 910 460 954 poenitentiam
484 914 515 942 et
538 910 742 953 sanguinem.
770 909 863 943 Unde
892 911 1064 942 auctoritas
1092 911 1169 943 dicit
1198 912 1270 944 ideo
1296 913 1492 956 Apostolum
1518 914 1689 958 pluraliter
1712 916 1831 950 dixisse

234 967 493 1010 fundamentum
511 967 750 1011 baptismatum
767 969 789 1009 ⁸,
805 967 883 1011 quia
898 973 945 999 est
960 967 1140 1012 baptismus
1155 968 1188 1000 111
1205 980 1289 1012 aqua
1306 995 1313 1009 ‚
1331 969 1364 1002 in
1379 970 1540 1013 sanguine
1553 997 1561 1013 ‚
1577 972 1611 1004 in
1627 973 1828 1017 poenitentia.

238 1024 306 1058 Hoc
321 1030 430 1057 autem
446 1036 510 1058 non
526 1025 598 1057 ideo
612 1025 700 1066 dicit,
719 1025 807 1068 quod
822 1029 1061 1057 sacramentum
1081 1025 1233 1069 baptismi
1250 1025 1307 1058 fiat
1332 1038 1397 1060 non
1420 1028 1483 1060 nisi
1508 1028 1542 1061 in
1561 1040 1667 1073 aqua;
1684 1030 1739 1063 sed
1754 1031 1832 1075 quia

238 1081 339 1126 ipsius
354 1083 471 1123 virtus,
494 1082 526 1114 id
549 1086 607 1122 est,
624 1082 836 1114 sanctificatio
851 1081 948 1114 datur
964 1093 1030 1115 non
1056 1083 1152 1115 modo
1168 1094 1224 1126 per
1240 1094 1358 1128 aquam
1373 1111 1381 1126 ‚
1399 1085 1453 1117 sed
1473 1097 1530 1130 per
1546 1087 1740 1130 sanguinem
1751 1115 1761 1128 ‚
1779 1089 1830 1122 vel

238 1139 462 1183 poenitentiam
478 1139 627 1171 1111611115.
645 1139 740 1171 Ratio
758 1139 855 1172 etiam
872 1139 904 1172 id
919 1139 1033 1172 suadet
1050 1152 1057 1172 z
1076 1140 1103 1172 si
1124 1140 1212 1172 enim
1238 1152 1303 1173 11011
1330 1142 1515 1176 valentibus
1537 1144 1667 1177 credere
1686 1145 1832 1189 parvulis

237 1196 357 1229 sufficit
379 1196 574 1241 baptismus,
593 1197 698 1229 multo
728 1197 831 1239 magis
853 1196 973 1229 sufficit
1002 1196 1083 1229 fides
1106 1197 1227 1230 adultis
1253 1198 1456 1242 volentibus,
1483 1200 1537 1233 sed
1562 1212 1628 1234 non
1647 1202 1833 1236 valentibus

238 1254 406 1298 baptizari.
430 1253 522 1286 Unde
546 1254 755 1297 Augustinus
769 1254 778 1269 ὃ
797 1267 804 1286 z
827 1266 843 1283 (1
864 1255 990 1293 Quzeris
1006 1254 1084 1298 quid
1111 1254 1151 1287 sit
1171 1255 1295 1298 majus,
1320 1255 1402 1289 fides
1415 1282 1423 1298 ,
1448 1268 1490 1290 an
1505 1261 1616 1302 aqua?
1631 1259 1703 1292 Non
1716 1259 1832 1294 dubito

240 1311 320 1355 quin
337 1311 547 1355 respondeam
567 1324 573 1343 ε
592 1311 682 1343 fides.
701 1311 735 1343 Si
751 1323 827 1354 ergo
841 1312 928 1356 quod
946 1312 1056 1344 minus
1077 1316 1123 1343 est
1146 1312 1346 1345 sanctificare
1361 1318 1464 1357 potest
1478 1340 1486 1356 ‚
1502 1326 1611 1349 nonne
1623 1318 1711 1361 quod
1727 1318 1833 1362 majus

240 1370 310 1400 est?
325 1368 358 1401 id
380 1373 426 1400 est
444 1368 523 1401 fides
535 1394 543 1409 ,
561 1369 599 1400 de
617 1380 682 1412 qua
705 1368 852 1401 Christus
866 1369 911 1401 ait
926 1376 934 1391 ²³
949 1381 955 1401 :
982 1369 1045 1409 Qui
1069 1368 1242 1402 crediderit
1259 1370 1293 1402 in
1315 1382 1380 1410 me,
1407 1371 1540 1405 etiamsi
1556 1380 1703 1407 mortuus
1713 1376 1828 1418 fecerit,

239 1421 335 1458 viz-etl
361 1425 423 1458 Sed
445 1426 559 1458 dicunt
574 1426 676 1470 aliqui
693 1426 823 1458 nullum
845 1426 995 1458 adultum
1021 1426 1055 1458 in
1078 1426 1243 1459 Christum
1269 1427 1419 1467 credere,
1436 1429 1489 1462 vel
1507 1429 1697 1464 charitatem
1712 1432 1831 1466 habere

239 1483 309 1515 sine
330 1483 509 1528 baptismo,
527 1484 588 1516 nisi
604 1485 798 1527 sanguinem
822 1484 938 1516 fundat
962 1495 1019 1527 pro
1039 1484 1178 1517 Domino
1193 1511 1200 1525 ‚
1219 1485 1348 1517 subdita
1373 1486 1614 1521 introducentes
1634 1489 1829 1523 testimonia.

240 1541 443 1584 Augustinus
457 1546 466 1561 ⁷
483 1542 528 1574 ait
547 1554 552 1573 ;
575 1555 590 1571 «
604 1542 653 1573 Ex
669 1541 725 1573 illo
745 1546 907 1585 tempore,
925 1553 990 1585 quo
1010 1541 1161 1574 Salvator
1175 1542 1258 1574 dixit
1274 1554 1281 1574 :
1300 1543 1374 1577 Nisi
1393 1544 1464 1588 quis
1478 1551 1612 1578 renatus
1622 1546 1738 1590 fuerit,
1756 1551 1829 1586 etc.,

240 1598 361 1642 absque
375 1604 574 1631 sacramento
589 1598 761 1642 baptismi,
778 1603 896 1642 [1116161
917 1610 991 1639 eos,
1008 1598 1065 1642 qui
1090 1599 1123 1630 in
1152 1599 1291 1631 Ecclesia
1315 1601 1507 1643 sanguinem
1530 1602 1697 1645 fundunt,
1713 1603 1833 1648 aliquis

240 1655 339 1688 vitam
355 1660 510 1688 :eternam
525 1657 667 1700 accipere
682 1667 748 1688 non
759 1660 872 1700 potest.
887 1656 1034 1698 »Jtemffi
1052 1655 1216 1688 «Nullum
1231 1658 1514 1700 catechumenum,
1530 1660 1680 1704 quamvis
1695 1661 1833 1694 inbonis

238 1713 391 1756 operibus
404 1713 608 1754 defunctum,
626 1714 728 1746 vitam
743 1717 897 1746 aeternam
914 1712 1033 1745 habere
1047 1713 1222 1754 616111111115,
1239 1719 1372 1758 excepto
1387 1717 1555 1758 martyrio,
1574 1717 1631 1750 ubi
1648 1721 1714 1750 tota
1728 1730 1832 1752 sacra-

241 1775 351 1803 menta
365 1770 519 1814 baptismi
534 1771 751 1815 complentur.
770 1783 786 1801 »
804 1771 883 1803 Item
899 1770 909 1785 ⁰
929 1783 935 1802 :
958 1783 972 1800 «
991 1770 1163 1814 Baptizatis
1184 1772 1244 1803 iter
1260 1776 1387 1805 tantum
1402 1774 1516 1806 salutis
1537 1785 1603 1807 esse
1621 1776 1794 1809 credimus.
1813 1790 1828 1807 »

239 1827 301 1860 Sed
317 1828 405 1872 quod
430 1828 462 1859 in
484 1828 534 1860 his
551 1828 659 1861 minus
674 1828 776 1867 dixit,
802 1828 835 1860 in
850 1827 923 1859 aliis
936 1828 1087 1872 capitulis
1108 1839 1207 1872 supra
1231 1829 1341 1872 positis
1363 1830 1538 1874 supplevit.
1563 1831 1603 1864 Et
1618 1832 1689 1865 ideo
1705 1833 1773 1866 haec
1787 1834 1832 1866 sic

239 1885 451 1927 intelligenda
465 1889 562 1927 sunt,
579 1889 616 1918 ut
630 1885 677 1917 illi
694 1885 753 1918 soli
778 1885 933 1917 habentes
955 1889 1083 1928 tempus
1104 1885 1291 1928 baptizandi
1313 1886 1527 1930 excipiantur.
1554 1888 1589 1921 Si
1610 1889 1698 1922 enim
1712 1890 1831 1935 aliquis

239 1942 361 1975 habens
375 1942 472 1975 fidem
489 1946 519 1975 et
533 1942 723 1974 charitatem
738 1942 879 1975 voluerit
893 1941 1051 1986 baptizari
1065 1967 1072 1983 ,
1089 1946 1120 1974 ct
1142 1953 1207 1975 non
1226 1943 1311 1976 valet
1334 1944 1521 1977 necessitate
1535 1952 1720 1990 praeventus
1731 1973 1739 1989 ,
1754 1959 1831 1993 sup-

239 1999 304 2043 plet
318 1999 558 2043 Omnipotentis
572 1999 769 2042 benignitas,
785 1999 873 2044 quod
889 2003 1089 2032 sacramento
1104 1999 1261 2033 defuerat.
1280 2000 1366 2033 Dum
1383 2001 1471 2034 enim
1490 1994 1615 2036 solvere
1630 2008 1749 2048 potest,
1766 2005 1830 2039 nisi

237 2057 353 2099 solvat,
369 2062 519 2099 tenetur3
536 2057 590 2090 sed
605 2069 679 2090 cum
690 2058 758 2101 jam
774 2069 839 2090 non
854 2061 968 2102 potest,
987 2061 1017 2090 et
1034 2061 1139 2090 tamen
1158 2057 1240 2099 vult,
1258 2069 1324 2090 non
1342 2058 1482 2103 imputat
1497 2060 1525 2092 ei
1541 2060 1644 2103 Deus,
1663 2062 1720 2106 qui
1735 2074 1828 2096 suam

239 2115 414 2158 potentiam
443 2115 652 2147 sacramentis
677 2126 743 2147 non
766 2115 925 2157 alligavit.
953 2114 1047 2154 Quod
1073 2125 1148 2147 vero
1173 2114 1348 2148 invisibilis
1373 2116 1583 2150 sanctificatio
1613 2119 1682 2152 sine
1707 2120 1827 2153 visibili

237 2177 435 2205 sacramento
451 2172 647 2216 quibusdam
664 2172 751 2214 insit,
768 2176 877 2217 aperte
892 2172 1099 2216 Augustinus
1115 2172 1213 2205 tradit
1227 2184 1322 2217 super
1336 2174 1520 2208 Leviticzcm
1535 2174 1566 2215 ¹⁰,
1584 2175 1693 2209 dicens
1712 2190 1728 2207 «
1743 2177 1827 2210 invi-

238 2229 365 2262 sibilem
385 2230 671 2263 sanctificationem
695 2230 891 2275 quibusdam
915 2230 1047 2263 affuisse
1067 2234 1097 2262 et
1121 2230 1279 2274 profuisse
1304 2231 1372 2264 sine
1393 2231 1577 2265 visibilibus
1600 2235 1823 2277 sacramentis3

238 2286 398 2319 visibilem
412 2298 490 2320 vero
507 2289 811 2329 sanctificationem,
829 2299 901 2332 quae
917 2288 953 2320 fit
968 2292 1169 2321 sacramento
1184 2288 1319 2330 visibili,
1341 2289 1410 2322 sine
1425 2290 1584 2323 invisibili
1599 2302 1690 2335 posse
1704 2292 1825 2335 adesse,

238 2355 302 2376 non
328 2355 418 2388 posse
440 2345 607 2388 prodesse:
630 2357 687 2378 nec
712 2350 820 2378 tamen
841 2346 969 2379 visibile
993 2349 1232 2378 sacramentum
1256 2346 1328 2379 ideo
1353 2347 1629 2381 contemnendum
1658 2353 1720 2391 est,
1750 2350 1828 2394 quia

237 2405 438 2445 contemptor
451 2402 521 2445 ejus
534 2402 740 2436 invisibiliter
758 2403 951 2436 sanctificari
968 2414 1032 2436 non
1046 2407 1159 2447 potest.
1174 2403 1258 2436 Hinc
1268 2404 1450 2446 Cornelius,
1463 2410 1494 2437 et
1508 2405 1566 2449 qui
1581 2417 1656 2439 cum
1669 2418 1706 2439 eo
1721 2413 1824 2450 erant,

269 2509 278 2523 ⁴
293 2510 366 2539 Aug,³
382 2508 497 2537 lteram„
511 2508 554 2532 lib.
572 2510 601 2537 Η,
613 2515 636 2532 6.
654 2515 725 2534 xviii.
737 2522 766 2527 —
781 2511 789 2524 ²
802 2510 899 2540 Ambr„
913 2510 943 2533 (le
957 2510 1026 2533 avita
1047 2510 1177 2538 Valentia..
1194 2518 1219 2534 u.
1235 2512 1274 2542 29,
1291 2511 1387 2535 30.—³
1398 2513 1478 2543 loun„
1500 2518 1541 2542 111,
1558 2515 1579 2536 ὃ.
1592 2514 1637 2530 —⁴
1653 2513 1734 2538 Gloss.
1753 2522 1827 2546 super

236 2543 308 2573 epist.
322 2543 446 2571 minem„
458 2549 492 2573 vi,
505 2544 576 2567 2.—⁵
590 2545 663 2575 Aug.,
680 2544 708 2567 rle
721 2545 791 2568 unico
804 2545 885 2576 Bapt.‚
902 2546 1011 2575 611111ςῆ
1027 2545 1071 2568 lib.
1089 2545 1107 2574 Ι,
1123 2551 1149 2575 p.
1162 2545 1202 2574 lx,
1221 2552 1242 2568 c.
1259 2551 1292 2569 iv.
1303 2559 1333 2563 —
1347 2546 1357 2562 θ
1371 2546 1453 2576 loun„
1470 2552 1506 2578 xi,
1522 2548 1560 2571 25.
1570 2560 1600 2565 —
1614 2547 1624 2564 ⁷
1637 2549 1689 2572 imo
1701 2549 1782 2580 Fulg„
1797 2551 1827 2574 de

237 2577 280 2607 fid.
295 2578 329 2602 all
341 2578 419 2607 Petr„
434 2586 456 2602 c.
474 2584 513 2608 111,
529 2586 553 2602 n.
572 2580 650 2602 13.-
664 2579 674 2596 ⁸
690 2579 814 2607 Gennad..
829 2580 857 2603 rle
871 2580 953 2604 accim.
971 2580 1063 2610 dnqm..
1080 2588 1100 2603 6.
1119 2585 1171 2607 xm,
1187 2580 1218 2603 al.
1230 2586 1317 2604 mxiv.
1335 2593 1362 2598 —
1377 2582 1385 2595 ⁹
1401 2580 1474 2609 Ibill„
1490 2582 1614 2612 superius.
1632 2595 1659 2601 —
1676 2584 1697 2600 ¹⁰
1710 2585 1765 2615 Aug
1776 2604 1784 2615 ‚
1800 2586 1825 2609 in

240 2612 350 2643 Levitic„
363 2620 388 2643 q.
401 2619 506 2638 Lxan.

1869 589 1919 613 Quae

1853 619 1950 640 videntur

1852 650 1938 670 obviare

1845 681 1951 708 praedictis
