2017 2948
82 177 164 204 Impro-

72 208 137 229 hailo.

71 447 149 474 Opinio
156 450 175 469 ⁴?-

193 105 251 133 550

192 178 276 200 nem.
305 169 604 210 Quantumcumque
630 173 737 201 autem
766 171 832 201 haec
857 171 963 209 opinio

193 223 368 261 muniatur,
395 232 562 263 nunquam
583 226 688 254 tamen
713 224 789 254 adeo
810 223 962 259 munitur,

191 275 318 315 quando
341 285 434 307 aures
460 277 521 316 piae
544 277 603 307 hoc
623 277 815 307 abhorreant
837 276 961 314 audire,

191 329 275 369 quod
296 329 331 359 in
346 332 458 360 ventre
484 330 522 370 (a)
548 330 662 367 muris,
695 330 743 359 vel
762 329 791 359 in
807 329 911 359 cloaca
925 329 963 359 sit

191 392 305 424 eorpus
313 383 436 421 Christi,
446 384 587 424 quandiu
598 383 715 423 species
724 383 765 412 ibi
777 383 960 412 subsistunt.

191 435 321 476 Propter
344 436 413 467 haee
439 439 485 467 cst
508 437 569 467 alia
592 436 713 475 opinio,
740 436 824 475 quod
849 445 963 475 corpus

191 489 303 520 Christi
329 489 417 520 nullo
444 490 538 520 modo
565 489 724 519 descendit
754 489 785 519 in
822 492 962 519 ventrem

190 542 300 573 muris.
329 542 416 573 Ratio
440 544 546 572 autem
571 550 643 581 quae
671 542 730 572 hos
754 544 874 578 movet,
901 544 960 579 est,

189 595 264 634 quia
288 595 428 625 Christus
453 604 517 625 non
539 596 586 625 est
606 595 665 624 sub
690 594 742 624 illo
765 597 962 625 sacramento

190 649 245 678 uisi
269 650 415 686 eatenus,
439 648 523 688 quod
543 647 717 679 ordinabile
738 650 785 677 est
805 648 843 678 ad
866 657 961 678 usum

190 702 383 739 humanum,
401 701 517 731 scilicet
533 701 572 731 ad
589 701 864 732 manducationem
883 713 888 732 :
908 702 961 731 sed

189 755 267 785 sicut
291 764 362 785 mus
381 754 475 792 rodit,
498 755 541 784 ita
555 756 585 785 et
602 754 741 784 inhabile
762 755 852 792 sacit;
874 757 903 785 ct
918 755 962 785 ita

189 810 422 838 sacramentum
438 816 505 838 esse
520 807 649 845 desinit,
675 809 705 838 et
720 817 835 847 corpus
848 808 960 838 Christi

189 860 230 890 ibi
254 869 320 890 esse
342 860 470 897 desinit,
493 862 524 891 et
547 860 722 890 substantia
746 861 834 899 panis
855 861 934 891 redit
954 872 959 891 ε

188 913 267 943 sicut
283 912 481 943 Innocentius
495 913 584 950 dicit,
606 915 637 943 et
656 913 825 943 auctoritas
840 923 937 953 supra
952 918 959 933 ¹

188 966 294 996 habita
321 969 366 996 est
390 967 421 997 in
446 967 643 997 distinctione
667 967 875 1006 praecedenti,
893 968 960 998 ·ubi

188 1019 360 1058 quaesitum
376 1021 422 1049 est
437 1021 545 1049 utrum
561 1019 733 1049 accidentia¹
757 1020 906 1050 nutriant.
926 1020 959 1050 Et

188 1073 256 1103 haec
264 1074 371 1112 opinio
380 1074 580 1104 communior
590 1076 645 1110 est,
657 1076 687 1104 et
697 1076 778 1104 certe
787 1074 959 1112 honestior,

188 1128 219 1155 et
234 1126 462 1156 rationabilior.

230 1182 257 1209 i.
275 1179 322 1209 Ad
342 1179 419 1209 illud
439 1188 516 1218 ergo
532 1179 614 1219 quod
635 1179 793 1218 objicitur,
811 1180 895 1218 quod
912 1180 960 1210 in-

187 1232 401 1271 separabiliter
413 1235 460 1263 est
470 1232 594 1262 unitum
606 1232 780 1272 speciebus,
794 1232 959 1263 (licendum

188 1285 271 1325 quod
286 1294 400 1315 verum
422 1288 482 1321 est7
507 1285 648 1325 quandiu
668 1285 785 1315 habent
806 1286 961 1316 rationem

188 1339 393 1377 sacramenti,
410 1341 440 1369 et
455 1341 528 1369 sunt
542 1339 664 1369 habiles
679 1339 717 1369 ad
736 1348 830 1369 usum
846 1339 962 1369 huma-

188 1401 266 1421 num
286 1403 291 1421 :
310 1392 369 1422 hoe
384 1394 489 1422 autem
511 1401 574 1422 non
595 1393 656 1428 est,
678 1401 752 1422 cum
771 1401 842 1422 mus
856 1402 959 1423 come-

188 1444 242 1475 dit.

229 1500 257 1528 ⁶2.
283 1497 331 1527 Ad
353 1497 430 1527 illud
457 1498 539 1537 quod
564 1498 721 1536 objicitur,
747 1499 830 1537 quod
858 1498 962 1537 magis

189 1550 362 1580 detestatur
377 1552 551 1589 peceatum,
569 1550 735 1580 dicendum
752 1551 837 1590 quod
849 1551 879 1580 in
892 1560 962 1590 pec-

190 1604 294 1633 catore
305 1605 334 1632 et
348 1605 394 1632 est
408 1605 533 1640 natura,
548 1605 578 1632 et
591 1605 636 1633 est
647 1603 737 1642 culpa
752 1615 758 1633 :
771 1606 801 1633 et
816 1604 962 1642 quamvis

190 1656 351 1696 displiceat
362 1656 463 1695 culpa,
478 1658 584 1686 tamen
597 1659 756 1693 naturam,
768 1666 863 1695 quarn
880 1657 960 1694 fecit,

191 1718 254 1739 non
270 1709 351 1747 odit3
370 1709 434 1739 imo
450 1710 574 1738 tantum
595 1709 713 1747 diligit,
733 1709 818 1748 quod
836 1712 963 1748 paratus

190 1765 236 1791 est
250 1762 410 1792 remittere
425 1761 568 1801 culpam,
592 1762 616 1791 si
640 1761 704 1801 ipse
720 1762 908 1799 consentiat3
933 1765 963 1792 et

192 1814 311 1844 ratione
324 1814 495 1844 habilitatis
510 1814 663 1844 naturalis
679 1814 810 1845 idoneus
825 1817 870 1845 est
888 1824 959 1854 pec-

191 1870 276 1897 cator
298 1876 423 1898 sumere
442 1867 564 1906 magis,
590 1877 687 1906 quam
706 1877 792 1905 mus,
816 1868 964 1907 quamvis

192 1929 265 1951 mus
280 1930 344 1951 non
361 1921 400 1951 sit
418 1923 576 1961 peccator3
592 1921 666 1961 quia
680 1931 844 1961 nunquam
861 1932 964 1962 pecca-

193 1977 241 2004 tor
262 1974 305 2004 ita
325 1975 415 2005 vitiat
429 1984 485 2005 nei·
506 1975 680 2014 corrumpit
700 1978 849 2006 naturam
866 1976 961 2006 ratio-

192 2028 313 2066 nalem,
334 2028 411 2068 quin
431 2028 471 2058 sit
485 2028 631 2065 nobilior,
648 2037 745 2068 quam
762 2029 961 2059 irrationalis.

233 2084 262 2111 3.
279 2081 327 2111 Ad
342 2080 419 2111 illud
436 2081 519 2120 quod
535 2081 700 2120 quaeriiur,
719 2081 794 2120 quid
809 2083 961 2120 comedit3

192 2133 400 2174 respondetur
421 2133 588 2172 dupliciter
606 2134 783 2164 secundum
801 2134 879 2165 duas
893 2136 964 2175 opi-

192 2187 313 2223 niones,
327 2185 376 2216 vel
387 2186 470 2225 quod
482 2186 615 2216 comedit
625 2187 797 2217 accidentia
808 2197 879 2227 quae
891 2190 964 2218 sunt

193 2239 311 2269 virtute
326 2247 422 2278 supra
435 2240 583 2268 naturam
601 2239 760 2278 possibilia
776 2241 916 2270 converti
932 2241 964 2270 in

193 2292 415 2329 substantiam;
436 2292 487 2322 vel
503 2291 587 2331 quod
602 2292 737 2322 comedit
753 2294 964 2325 substantiam

194 2345 295 2384 panis,
311 2354 384 2385 quae
400 2345 489 2383 redit,
506 2344 586 2375 sieut
601 2346 747 2384 superius
759 2348 877 2377 tactum
895 2348 961 2379 fuit.

194 2398 226 2428 Si
241 2407 365 2438 quaeras
379 2398 457 2438 quid
471 2398 512 2428 sit
530 2398 568 2429 de
583 2407 714 2438 corpore
730 2398 857 2438 Christi,
879 2411 963 2432 nun-

194 2451 270 2491 quin
286 2451 404 2488 evolat,
427 2451 596 2482 dicendum
611 2452 710 2491 quod,
734 2453 810 2483 sicut
829 2454 859 2484 in
875 2456 965 2494 panis

227 2522 308 2545 ¹Dist.
324 2528 371 2553 xii,
387 2530 412 2553 p.
429 2523 448 2552 l,
459 2524 506 2546 art.
524 2524 545 2553 9,
562 2530 586 2554 q.
603 2529 619 2546 1.
633 2536 661 2540 -
677 2523 796 2553 ²Maitla.,
814 2530 867 2554 xls',
886 2527 921 2549 (ἓ.
937 2539 960 2542 --

227 2567 259 2595 (a)
274 2566 334 2590 Coet.
345 2566 404 2589 edit.
422 2568 546 2591 ventrem.
559 2580 588 2584 —
604 2567 636 2597 (b)
653 2568 712 2591 Caet.
725 2568 784 2590 edic
801 2570 924 2594 masticet.

751 103 1061 135 SENTENTIARUM
1082 103 1156 134 LlB.
1182 101 1230 132 lv.

1018 170 1223 201 conversione
1254 178 1367 210 corpus
1399 169 1511 201 Christi
1537 180 1600 203 non
1631 173 1791 206 deseendit

1018 223 1167 261 localiter,
1185 233 1242 254 nec
1258 226 1399 254 mutatur
1413 224 1519 263 aliqua
1536 226 1721 264 mutatione,
1738 229 1791 260 sed

1017 277 1083 307 sola
1103 276 1192 316 panis
1213 277 1419 307 conversione
1441 277 1552 318 incipit
1569 288 1635 310 esse
1650 282 1710 311 sub
1732 281 1793 312 illis

1018 330 1196 369 speciebus3
1223 330 1265 359 sic
1285 329 1350 359 sola
1373 330 1463 369 panis
1479 332 1659 363 reversione
1678 333 1793 365 desinit

1018 392 1084 413 esse
1100 383 1154 420 ibi,
1173 383 1214 412 ita
1227 382 1311 422 quod
1327 382 1415 413 nulla
1430 383 1465 412 fit
1480 383 1512 413 in
1523 393 1560 414 eo
1573 386 1715 424 mutatio,
1734 396 1791 418 nec

1017 436 1138 472 localis,
1160 445 1216 465 nec
1233 435 1304 466 alia.
1325 436 1384 471 Qui
1397 439 1498 475 potest
1512 445 1622 477 capere
1631 442 1653 477 ²,
1670 441 1790 480 capiat,

1017 492 1047 520 et
1061 490 1115 529 qui
1132 498 1208 526 non,
1226 485 1330 519 credat
1353 500 1359 520 z
1375 492 1403 520 et
1420 490 1478 520 hoc
1493 490 1552 520 sibi
1568 492 1713 523 sufficiat.

1056 545 1085 573 Ji.
1102 543 1147 573 Ad
1164 542 1238 573 illud
1254 543 1336 582 quod
1352 543 1501 582 objicitur
1515 544 1552 574 de
1568 553 1643 575 vase
1656 545 1788 586 polluto,

1017 596 1186 626 dicendum
1204 596 1289 635 quod
1304 605 1369 626 non
1386 599 1432 626 est
1447 597 1566 635 simile,
1591 598 1667 637 quia
1687 598 1791 630 adhuc

1017 649 1148 689 pollutio
1157 649 1239 679 vasis
1249 658 1311 679 non
1320 650 1422 679 aufert
1430 650 1624 681 habilitatem
1633 651 1670 681 ad
1681 661 1789 690 usum,

1017 714 1052 734 ac
1063 712 1117 742 per
1127 703 1187 732 hoc
1195 711 1259 732 non
1269 703 1382 740 aufert,
1395 703 1472 743 quin
1482 704 1521 733 sit
1531 707 1766 736 sacramentum
1781 717 1788 736 z

1017 758 1046 786 et
1061 756 1104 786 ita
1118 764 1183 785 non
1198 755 1278 785 tollit
1293 758 1487 786 contentum.

1280 871 1462 908 QUAESTIO
1485 872 1522 903 11.

1083 953 1126 978 An
1150 959 1245 986 corpus
1269 952 1368 979 Christi
1391 952 1531 979 descendat
1554 953 1584 978 in
1607 955 1722 979 ventrem

1327 995 1441 1022 hominis
1457 996 1476 1022 ⁸.

1058 1074 1167 1105 Utrum
1186 1084 1301 1114 corpus
1323 1075 1435 1105 Christi
1460 1075 1625 1106 descendat
1652 1076 1684 1106 in
1711 1085 1788 1106 ven-

1016 1131 1096 1158 trem
1112 1128 1266 1165 homiuis3
1288 1130 1317 1158 et
1333 1128 1416 1167 quod
1432 1128 1490 1166 sic,
1508 1128 1634 1159 videtur
1647 1129 1786 1159 auctori-

1017 1183 1078 1211 tate
1091 1205 1098 1218 ,
1124 1181 1162 1211 de
1190 1181 1381 1218 consecr-ac„
1409 1182 1470 1211 dist
1494 1191 1529 1213 11.
1556 1182 1589 1211 in
1618 1192 1644 1212 c.
1675 1182 1788 1214 Tribus

1017 1233 1170 1273 (flactibus
1186 1242 1195 1263 .·
1221 1245 1234 1260 «
1250 1234 1310 1270 Qui
1328 1234 1454 1263 residua
1466 1235 1605 1274 corporis
1619 1235 1767 1265 dominici
1779 1259 1786 1272 ‚

1017 1296 1089 1326 quae
1111 1286 1143 1316 in
1167 1286 1304 1316 sacrario
1329 1286 1435 1316 relicta
1460 1288 1554 1323 sunt,
1576 1288 1788 1324 consumunt,

1018 1349 1080 1370 non
1096 1339 1203 1369 statim
1215 1340 1253 1370 ad
1268 1339 1486 1379 percipiendos
1502 1348 1688 1369 communes
1704 1338 1790 1369 cibos

1018 1392 1226 1430 conveniant,
1252 1401 1292 1422 ne
1307 1394 1416 1432 putent
1441 1401 1538 1422 sacrae
1559 1392 1693 1432 portioni
1714 1392 1790 1421 mis-

1018 1454 1087 1475 cere
1103 1446 1209 1476 cibum
1222 1471 1229 1481 ,
1247 1446 1301 1485 qui
1317 1454 1372 1484 per
1387 1445 1580 1485 aqualiculos
1597 1445 1742 1484 digestus
1757 1444 1791 1474 in

1018 1508 1175 1529 secessum
1191 1499 1374 1529 ell'unditur.
1388 1510 1401 1526 »
1423 1498 1482 1528 Sed
1497 1498 1557 1528 hoc
1574 1506 1640 1528 non
1654 1497 1770 1528 diceret
1781 1521 1789 1535 ,

1018 1552 1080 1583 nisi
1097 1552 1297 1582 descenderet
1312 1552 1343 1581 in
1360 1554 1504 1581 ventrem
1519 1562 1525 1580 :
1543 1560 1637 1590 ergo,
1654 1552 1714 1580 etc.

1060 1606 1136 1635 Item
1153 1605 1234 1635 Beda
1249 1604 1364 1634 ibidem
1378 1614 1384 1634 :
1407 1616 1420 1632 α
1436 1604 1469 1634 Si
1485 1604 1555 1643 quis
1571 1612 1626 1643 per
1639 1603 1790 1634 voracita-

1020 1661 1082 1688 tem
1097 1657 1146 1688 vel
1158 1657 1340 1687 ebrictatem
1353 1656 1583 1687 Eucharistiam
1601 1656 1789 1693 evomuerit,

1019 1711 1231 1750 quadraginta
1244 1710 1353 1740 diebus
1367 1709 1526 1749 poeniteat.
1543 1720 1557 1736 υ
1577 1708 1637 1739 Sed
1652 1717 1718 1739 non
1734 1718 1793 1739 vo-

1020 1764 1128 1801 mitur,
1144 1763 1204 1793 nisi
1219 1763 1304 1802 quod
1322 1762 1474 1802 trajicitur
1491 1771 1498 1791 ε
1515 1770 1609 1800 ergo,
1626 1763 1684 1791 ete.

1062 1816 1137 1846 ltem
1167 1825 1281 1856 corpus
1296 1815 1408 1845 Christi
1433 1815 1637 1854 conjunctum
1660 1815 1707 1844 est
1729 1813 1790 1844 illis

1020 1870 1193 1910 speciebus
1211 1869 1352 1909 quandiu
1364 1870 1493 1899 manent
1506 1868 1566 1898 sub
1579 1867 1690 1898 formis
1705 1867 1789 1898 suis:

1020 1924 1074 1954 sed
1092 1933 1155 1955 non
1170 1924 1276 1954 statIm
1292 1924 1560 1960 transmutantur,
1579 1922 1643 1952 imo
1664 1922 1792 1953 descen-

1020 1980 1100 2009 dunt
1124 1980 1155 2009 in
1182 1981 1325 2009 ventrem
1347 1978 1405 2008 sub
1428 1977 1494 2007 suis
1516 1977 1764 2017 proprietatibus
1783 1988 1789 2008 :

1021 2041 1099 2071 ergo
1116 2034 1147 2063 et
1159 2041 1273 2071 corpus
1288 2031 1400 2061 Christi
1416 2040 1489 2061 cum
1505 2031 1561 2061 eis.
1823 2022 1833 2026 ⁶

1062 2086 1139 2116 Item
1156 2094 1269 2124 corpus
1283 2085 1395 2115 Christi
1411 2087 1465 2115 aut
1481 2084 1567 2115 vadit
1582 2084 1615 2114 in
1630 2086 1772 2115 ventrem
1783 2109 1790 2122 ,

1020 2140 1075 2168 aut
1089 2139 1121 2168 in
1141 2140 1279 2168 mentem
1295 2149 1301 2168 :
1318 2147 1382 2168 non
1398 2138 1431 2167 in
1448 2140 1603 2175 mentem,
1621 2137 1695 2177 quia
1708 2137 1794 2168 solus

1023 2191 1103 2221 Deus
1119 2191 1256 2221 illabitur
1275 2191 1373 2220 menti
1390 2201 1396 2220 ε
1417 2200 1494 2229 ergo
1509 2190 1542 2220 in
1557 2192 1711 2221 ventrem.

1063 2245 1156 2282 Item,
1182 2254 1238 2284 pro
1262 2246 1380 2284 quanto
1407 2244 1521 2274 dicitur
1545 2252 1659 2283 corpus
1680 2243 1793 2274 Christi

1022 2298 1206 2328 manducari
1221 2297 1511 2328 sacramentaliter?
1525 2297 1557 2327 Si
1573 2298 1700 2336 propter
1714 2305 1794 2327 mas-

1021 2351 1201 2381 ticationem
1212 2353 1346 2388 tautum,
1356 2359 1436 2389 ergo
1444 2350 1471 2379 si
1482 2350 1552 2389 quis
1563 2350 1740 2380 masticaret
1750 2349 1786 2389 (b)

1021 2403 1149 2442 species,
1165 2406 1195 2433 et
1208 2405 1345 2443 spueret,
1357 2403 1514 2434 diceretur
1524 2401 1792 2433 sacramentaliter

1021 2456 1242 2494 manducasse,
1261 2457 1345 2497 quod
1361 2456 1475 2487 falsum
1492 2458 1538 2486 est
1554 2466 1560 2486 :
1579 2464 1657 2495 ergo
1671 2455 1793 2494 oportet

1021 2536 1030 2552 ³
1049 2536 1087 2566 Cf.
1108 2536 1178 2560 Alex.
1197 2537 1292 2567 Ateus„
1315 2544 1338 2567 p.
1364 2537 1405 2565 lv,
1425 2543 1450 2567 q.
1471 2542 1510 2564 xi,
1531 2535 1637 2559 membr.
1659 2535 1681 2562 2,
1697 2534 1744 2556 art.
1761 2533 1785 2561 4,

1020 2573 1034 2601 ᾗ
1049 2573 1078 2601 33
1093 2573 1181 2603 steph.
1198 2572 1302 2600 Brulet„
1319 2573 1349 2596 lV
1363 2573 1441 2603 Sent„
1455 2572 1510 2596 dist.
1529 2577 1584 2599 xiil,
1601 2578 1624 2601 q.
1642 2576 1676 2592 Vl.

1803 1087 1836 1107 Ad
1857 1093 1908 1114 opp.
