2017 2948
596 202 783 234 DISTINCT.
806 202 939 234 XXXIII.
963 203 1053 234 ART.
1078 204 1101 234 Ι.
1125 204 1261 241 QUAEST
1283 205 1332 236 IV.

173 270 217 300 sic
237 272 282 300 est
297 269 520 310 temperantia3
544 271 600 300 aut
622 269 755 307 illatum,
783 272 813 299 et
834 270 878 299 sic
892 272 939 300 est

173 323 332 353 fortitudo.
351 322 383 352 Si
397 322 478 352 circa
492 322 691 368 bonumfflut
705 322 825 352 ratione
840 322 937 360 utilis,

174 378 205 406 et
219 375 424 415 expedientis,
442 377 471 404 et
488 375 533 404 sic
548 377 593 404 est
614 374 798 414 prudentia3
817 377 872 405 aut
887 384 938 405 ra-

176 429 259 458 tione
269 427 403 465 honesti,
416 429 446 458 et
458 427 633 465 laudabilis,
648 430 678 457 et
691 427 735 457 sic
750 430 795 457 est
803 428 938 466 justitia.

174 481 244 511 Alio
260 489 334 511 vero
359 480 453 510 modo
475 480 613 510 sumitur
641 480 684 509 sic
708 491 714 509 :
744 480 819 519 quia
838 480 941 511 virtus

175 533 350 569 cardinalis,
374 534 429 562 aut
452 532 574 562 ordinat
599 533 638 562 ad
662 532 860 571 proximum,
887 535 942 563 aut

173 585 298 616 ordinat
312 585 351 615 ad
365 594 398 615 se
420 585 524 624 ipsum
542 593 549 614 :
565 585 590 615 si
611 585 648 615 ad
664 585 822 624 seipsum,
838 587 894 615 aut
909 585 941 615 in

173 637 336 676 eligendiS,
354 639 384 667 et
399 637 442 668 sic
466 640 511 667 est
533 638 715 677 prudentia;
741 640 796 668 aut
820 638 853 667 in
879 647 942 668 res-

173 692 316 732 puendis,
333 694 363 723 et
378 693 422 722 sic
444 695 490 723 est
505 694 724 732 temperantia.
742 693 774 724 Si
787 702 862 724 vero
892 702 941 723 or—

173 745 261 775 dinat
275 745 312 775 ad
328 745 523 785 proximum,
539 748 594 776 aut
610 745 668 776 hoc
687 748 734 776 est
758 746 791 776 in
808 746 941 777 redden-

173 797 231 835 dis,
247 797 334 827 etsie
348 800 393 827 est
404 798 546 836 justitia;
564 801 619 828 aut
640 799 675 828 in
695 799 894 836 sustinendis,
911 800 942 829 et

173 850 217 880 sic
234 853 280 881 est
292 850 451 881 fortitudo.
470 851 586 881 Omnes
609 854 715 881 tamen
734 851 767 881 hi
787 852 872 882 modi
894 852 940 882 di-

174 903 263 934 cendi
276 903 415 943 aliquam
434 903 583 934 videntur
601 904 718 934 habere
735 904 939 943 calumniam,

166 966 231 992 ,nec
245 966 474 997 usquequaque
489 957 646 996 attingere
656 958 693 988 ad
705 957 859 988 rationem
873 967 942 998 pro-

173 1011 286 1050 priam.
304 1010 342 1041 Et
354 1010 424 1041 ideo
438 1010 541 1041 adhuc
555 1012 651 1041 restat
666 1011 745 1041 alius
761 1011 875 1041 modus
895 1012 944 1042 di-

174 1064 274 1101 cendi,
296 1065 350 1103 qui
370 1066 511 1103 respectu
535 1064 759 1103 praedictorum
780 1067 826 1095 est
846 1065 940 1104 septi-

174 1126 256 1154 mus,
270 1119 300 1147 ct
314 1117 461 1147 omnibus
476 1117 633 1156 praedictis
647 1117 773 1148 videtur
789 1127 855 1148 esse
874 1127 940 1148 ma-

174 1170 224 1208 gis
238 1170 381 1200 idoneus,
399 1169 478 1200 Cum
493 1170 578 1200 enim
596 1170 697 1201 virtus
714 1171 880 1201 cardinalis
900 1171 944 1201 di-

173 1224 274 1259 catur,
291 1223 365 1262 quia
381 1223 507 1253 ordinat
525 1223 687 1254 hominem
708 1224 791 1253 circa
816 1234 852 1254 ea
871 1233 943 1264 quae

174 1278 249 1306 sunt
262 1276 301 1306 ad
316 1276 424 1314 finem,
437 1275 504 1306 sive
514 1276 597 1306 circa
609 1277 685 1316 quid
700 1279 854 1315 creatum,
870 1287 943 1308 cum

174 1328 270 1359 homo
293 1329 406 1359 habeat
431 1330 606 1369 comparari
628 1330 666 1360 ad
689 1331 827 1370 seipsum
849 1333 880 1361 et
905 1331 943 1361 ad

174 1382 321 1418 alterum,
337 1382 439 1412 virtus
453 1382 619 1412 cardinalis
629 1385 684 1413 aut
704 1385 751 1413 est
764 1384 944 1422 regulativa

175 1435 303 1464 actuum
326 1434 465 1465 hominis
487 1437 630 1474 respectu
648 1435 710 1472 sui,
730 1438 784 1466 aut
799 1439 944 1476 respectu

175 1487 312 1526 proximi
336 1496 343 1516 z
367 1487 392 1517 si
421 1490 565 1526 respectu
592 1488 653 1525 sui,
669 1488 729 1518 hoc
753 1491 854 1527 potest
877 1498 944 1520 esse

174 1539 336 1579 tripliciter
351 1540 526 1570 secundum
539 1542 645 1571 actum
660 1541 866 1581 principalem
887 1542 941 1572 tri-

175 1593 262 1632 plicis
270 1593 407 1630 virtutis,
418 1593 563 1624 videlicet
571 1594 743 1632 rationalis,
753 1595 835 1625 circa
843 1605 941 1634 quam

175 1648 221 1676 est
242 1646 426 1685 prudentia;
454 1647 720 1686 concupiscibilis,
746 1647 828 1678 circa
847 1657 943 1688 quam

175 1701 222 1729 est
241 1699 464 1738 temperantia;
488 1702 518 1730 et
538 1699 719 1738 irascibilis,
743 1700 824 1731 circa
847 1710 944 1740 quam

175 1752 314 1782 consistit
328 1752 488 1783 fortitudo.
516 1752 548 1782 Si
572 1762 648 1783 vero
668 1753 791 1784 ordinet
812 1754 851 1784 ad
866 1754 942 1785 alte-

175 1813 260 1842 rum,
277 1804 320 1834 sic
335 1806 381 1834 est
395 1813 460 1835 una
472 1805 586 1841 virtus,
601 1814 672 1844 quae
687 1806 814 1844 quidem
830 1806 944 1837 dicitur

171 1857 304 1896 justitia,
320 1857 397 1896 quia
412 1867 476 1888 una
492 1860 538 1888 est
549 1858 629 1888 ratio
645 1859 820 1889 secundum
844 1869 942 1899 quam

175 1910 213 1940 ad
229 1911 363 1940 alterum
378 1910 511 1948 ordinat,
528 1911 673 1942 videlicet
684 1912 760 1942 ratio
774 1913 881 1943 debiti.
906 1913 944 1943 Et

176 1962 250 2001 quia
264 1962 333 1992 haec
347 1963 427 1992 ratio
442 1964 541 2002 potest
558 1964 675 1994 attendi
696 1966 871 1995 secundum
887 1975 943 1995 ac-

176 2016 245 2044 tum
260 2014 429 2053 cujuslibet
447 2016 605 2054 potentiae⁷
623 2017 697 2047 hinc
715 2019 761 2047 est
777 2018 859 2056 quod
872 2019 944 2057 jus-

175 2068 245 2098 titia
259 2068 426 2098 cardinalis
441 2069 575 2099 circuire
589 2069 702 2100 dicitur
716 2079 827 2100 omnes
847 2071 942 2109 vires,

177 2123 207 2151 et
230 2123 335 2151 tamen
358 2131 422 2151 una
445 2124 492 2152 θεῖ
514 2124 642 2161 propter
663 2132 760 2153 unam
789 2123 943 2154 rationem

177 2173 341 2204 ordinandi
357 2174 396 2205 ad
406 2174 552 2205 aiterum.
567 2175 604 2205 Et
618 2175 660 2205 sic
677 2178 761 2215 patet
774 2185 943 2213 numeru5‚

177 2228 208 2256 et
227 2227 411 2257 sufficientia
440 2228 664 2267 praedictarum
688 2231 825 2268 quatuor
846 2229 945 2261 virtu-

179 2281 258 2309 tum.

219 2333 246 2361 1.
264 2332 311 2363 Ad
326 2332 403 2363 illud
417 2342 493 2364 vero
507 2334 591 2373 quod
606 2334 755 2373 objicitur
766 2335 798 2365 in
815 2337 943 2366 contra-

177 2385 274 2422 rium,
291 2385 376 2424 quod
391 2386 522 2417 virtutes
536 2387 724 2426 theologicae
737 2390 811 2419 sunt
822 2390 884 2419 tres
899 2397 945 2419 se-

178 2438 317 2468 cundum
333 2439 506 2470 trinitatem
520 2441 743 2480 potentiarum,
758 2444 828 2480 etc„
843 2443 945 2473 diceu-

178 2490 255 2520 dum
280 2492 363 2530 quod
390 2501 454 2522 non
478 2495 524 2523 est
546 2494 665 2532 simile,
689 2495 764 2534 quia
789 2495 944 2526 virtutum

178 2543 429 2583 theologicarum
462 2547 508 2575 est
539 2547 683 2577 ordinare
712 2547 875 2578 hominem
906 2549 944 2578 ad

179 2596 290 2635 Deum,
305 2598 359 2636 qui
371 2597 457 2628 solus
467 2600 513 2628 est
523 2598 595 2628 finis
609 2600 755 2631 omnium
769 2601 941 2639 bonorum3

180 2650 385 2681 cardinalium
402 2660 478 2682 vero
493 2653 541 2681 est
559 2651 722 2684 hominem
743 2654 890 2686 ordinare
905 2655 944 2686 ad

1725 212 1761 239 57

996 280 1029 300 se
1044 273 1075 301 et
1089 271 1126 301 ad
1143 272 1325 310 proximum
1343 283 1349 301 :
1368 274 1399 302 et
1412 273 1481 304 ideo
1494 283 1619 305 necesse
1632 277 1678 305 θεῖ
1692 275 1765 314 plu-

996 332 1046 353 res
1059 324 1194 354 virtutes
1216 325 1347 363 reperiri
1363 334 1402 355 ex
1426 328 1513 364 parte
1535 327 1593 357 ista
1615 337 1712 366 quam
1727 338 1766 358 ex

996 376 1059 413 illa,
1083 379 1210 416 propter
1229 386 1327 406 unam
1349 379 1594 417 comparationis
1617 380 1764 410 differen-

997 428 1073 458 tiam
1090 429 1337 468 superadditam,
1352 431 1474 461 ratione
1489 432 1581 470 cujus
1596 433 1767 464 attenditur

993 482 1128 520 justitia.

1037 536 1067 564 2.
1090 535 1135 564 Ad
1153 535 1231 565 illud
1259 535 1342 574 quod
1363 536 1524 574 objicitur,
1547 537 1631 576 quod
1644 538 1769 576 justitia

998 595 1070 626 quae
1097 587 1222 618 ordinat
1245 588 1284 618 ad
1308 588 1444 619 alterum
1471 591 1518 619 est
1543 592 1665 619 tantum
1692 600 1766 628 una,

998 649 1077 678 ergo
1092 640 1235 670 similiter
1253 641 1322 671 aliae
1342 641 1475 672 virtutes
1494 642 1678 679 cardinales,
1696 652 1768 682 quae

998 693 1144 723 ordinant
1167 693 1330 724 hominem
1355 694 1394 724 ad
1417 695 1573 734 seipsum3
1600 695 1767 726 dicendum

998 746 1082 785 quod
1097 755 1160 776 non
1173 748 1219 776 θεῖ
1233 746 1344 776 simile.
1358 746 1395 777 Et
1409 748 1489 777 ratio
1504 748 1603 787 hujus
1621 750 1677 782 θεῖ,
1695 749 1770 788 quia

999 799 1131 829 virtutes
1146 808 1217 838 quae
1232 799 1407 838 respiciunt
1429 800 1591 830 hominem
1608 801 1639 830 in
1662 810 1705 838 se,
1722 804 1769 831 at-

999 851 1173 882 tenduntur
1189 861 1285 891 penes
1308 855 1397 882 artus
1421 852 1540 883 virium
1566 849 1766 893 principales,

999 904 1053 943 qui
1068 904 1219 943 quoniam
1235 904 1350 935 diversi
1368 907 1460 942 sunt,
1486 915 1611 935 necesse
1634 909 1681 936 est
1701 907 1769 937 illas

999 965 1065 986 esse
1081 957 1222 987 diversas
1245 968 1252 986 :
1279 958 1331 987 sed
1356 958 1475 995 virtus,
1493 967 1565 997 quae
1589 959 1712 988 ordinat
1731 960 1769 989 ad

999 1009 1152 1047 alterum,
1170 1019 1233 1039 non
1258 1010 1356 1040 sumit
1379 1013 1503 1041 tantum
1529 1011 1683 1041 rationem
1708 1012 1767 1041 dis-

999 1061 1158 1092 tinctionis
1174 1063 1213 1092 al]
1236 1063 1357 1093 actibus
1379 1063 1605 1103 principalibus
1629 1064 1771 1104 ipsarum

999 1115 1131 1153 virium,
1148 1124 1205 1154 pro
1229 1125 1265 1146 eo
1281 1116 1365 1155 quod
1387 1125 1442 1155 per
1460 1117 1586 1147 eosdem
1603 1119 1703 1155 actus,
1721 1127 1771 1147 εθ-

999 1168 1139 1198 cundum
1155 1178 1234 1208 quos
1249 1169 1413 1199 ordinatur
1427 1169 1523 1200 homo
1534 1170 1567 1200 in
1583 1179 1626 1207 se,
1643 1170 1771 1201 ordina-

1000 1222 1052 1251 tur
1066 1221 1160 1251 etiam
1171 1222 1210 1252 ad
1226 1222 1409 1261 proximum
1426 1233 1431 1252 ε
1451 1223 1520 1253 ideo
1535 1223 1769 1254 distinctionem

999 1274 1096 1304 sumit
1112 1284 1150 1304 ex
1165 1275 1286 1304 ratione
1302 1275 1505 1314 comparandi
1520 1276 1559 1305 ad
1570 1276 1715 1307 alterum.
1733 1277 1770 1307 Et

1000 1327 1075 1364 quia
1088 1327 1167 1357 ratio
1183 1327 1247 1365 illa⁷
1261 1330 1295 1357 ut
1306 1328 1425 1357 dictum
1436 1330 1493 1365 est,
1512 1329 1603 1358 unica
1619 1331 1684 1367 θεῖ;
1701 1329 1770 1360 ideo

1000 1379 1101 1410 virtus
1116 1380 1249 1419 justitiae
1262 1404 1270 1417 ,
1289 1390 1359 1420 quaa
1376 1383 1422 1411 est
1445 1381 1483 1412 ad
1498 1381 1632 1412 alterum
1648 1382 1771 1413 ordina-

998 1433 1075 1470 tiva‚
1094 1433 1189 1463 hahet
1203 1433 1359 1463 unitatem
1376 1443 1383 1464 :
1399 1443 1456 1464 nec
1473 1444 1511 1464 ex
1527 1435 1586 1465 hoc
1600 1437 1723 1474 oportet
1738 1436 1770 1465 in

999 1485 1069 1515 aliis
1091 1485 1235 1516 similiter
1256 1486 1453 1523 concludere,
1478 1487 1551 1526 quia
1578 1497 1641 1518 non
1667 1491 1713 1518 est
1727 1489 1769 1518 si-

1000 1538 1075 1569 mile
1090 1539 1164 1569 hinc
1178 1541 1207 1569 et
1224 1539 1307 1569 inde.

1041 1594 1069 1622 3.
1086 1592 1134 1622 Ad
1160 1592 1236 1622 illud
1262 1592 1347 1631 quod
1368 1593 1525 1632 objicitur,
1549 1594 1632 1633 quod
1655 1596 1771 1634 praetcr

1000 1645 1057 1675 has
1080 1645 1212 1676 virtutes
1237 1645 1411 1676 cardinales
1432 1645 1539 1676 Glossa
1563 1647 1650 1686 ponit
1675 1647 1768 1678 dilec-

999 1698 1117 1728 tionem
1136 1698 1186 1728 Dei
1203 1700 1233 1728 et
1249 1699 1398 1738 proximi,
1416 1699 1584 1730 dicendum
1602 1701 1688 1740 quod
1704 1701 1770 1740 ipsa

1000 1750 1123 1781 dilectio
1140 1751 1275 1790 proximi
1290 1761 1354 1781 non
1370 1752 1499 1791 ponitur
1509 1753 1553 1782 ibi
1565 1753 1639 1792 quia
1650 1753 1690 1783 sit
1705 1754 1770 1783 vir-

1000 1806 1051 1834 tus
1065 1804 1245 1840 cardinalis,
1256 1805 1310 1835 sed
1324 1805 1398 1844 quia
1410 1805 1477 1844 ipsa
1487 1808 1533 1836 est
1544 1815 1616 1845 quae
1631 1807 1771 1837 maxime

1000 1857 1130 1896 adJ‘uvat
1141 1857 1299 1896 justitiam
1315 1859 1476 1896 virtutem,
1490 1861 1524 1889 ut
1534 1859 1681 1890 affectum
1698 1869 1772 1890 nos-

1001 1913 1085 1940 trum
1109 1911 1206 1949 possit
1232 1914 1374 1950 respectu
1397 1912 1533 1951 proximi
1567 1914 1648 1942 recte
1673 1922 1771 1951 regu-

1000 1963 1076 1993 lare.
1090 1962 1155 1992 Nisi
1169 1963 1253 1992 enim
1264 1964 1336 2003 quis
1346 1964 1529 2003 proximum
1541 1974 1634 1995 suum
1649 1966 1769 2005 diligat,

1000 2025 1065 2046 non
1079 2018 1126 2046 θεῖ
1139 2016 1229 2046 facile
1242 2019 1277 2046 ut
1292 2018 1346 2055 jus
1358 2017 1500 2047 debitum
1513 2018 1573 2047 sibi
1586 2018 1706 2049 reddat.

1040 2073 1068 2099 4.
1087 2069 1134 2099 Ad
1147 2069 1224 2099 illud
1240 2069 1324 2109 quod
1335 2070 1482 2109 ohjiciiur
1503 2071 1540 2101 de
1557 2071 1626 2101 aliis
1650 2072 1772 2102 virtuti-

1001 2123 1072 2160 bus,
1089 2124 1195 2162 utpote
1212 2122 1250 2152 de
1267 2122 1455 2161 humilitate,
1475 2124 1624 2163 patientia
1647 2127 1678 2155 et
1697 2126 1770 2155 obe-

1000 2176 1126 2213 dientia,
1143 2175 1311 2206 dicendum
1326 2176 1410 2216 quod
1429 2186 1541 2207 omnes
1562 2177 1622 2207 illae
1639 2178 1772 2208 virtutes

1001 2238 1057 2268 pro
1073 2238 1191 2267 magna
1209 2231 1296 2268 parte
1310 2230 1416 2259 reduci
1435 2230 1550 2259 liabent
1572 2230 1610 2260 ad
1627 2230 1713 2268 istas,
1730 2231 1772 2261 si-

1001 2284 1054 2312 cut
1063 2282 1101 2312 ad
1113 2282 1262 2312 radicalia
1276 2282 1441 2322 principia,
1455 2283 1486 2312 in
1502 2283 1617 2322 quibus
1631 2283 1771 2314 residens

1001 2337 1047 2366 θεῖ
1070 2335 1150 2365 ratio
1174 2335 1337 2371 movendi,
1371 2337 1401 2365 et
1423 2335 1581 2374 dirigendi
1606 2336 1766 2375 primaria.

1002 2388 1132 2428 Propter
1160 2388 1245 2428 quod
1273 2388 1368 2418 etlam
1395 2388 1570 2418 cardinales
1593 2398 1611 2418 a
1639 2389 1771 2420 cardine

1001 2444 1212 2481 nuncupatur.
1230 2441 1317 2471 Unde
1331 2441 1480 2481 patientIa
1495 2442 1533 2471 :id
1551 2442 1769 2472 fortitudinem

1001 2495 1173 2531 reducitur,
1190 2496 1220 2523 θῖ
1244 2493 1315 2524 aliae
1337 2494 1453 2533 plures7
1479 2503 1551 2533 quie
1577 2497 1652 2525 sunt
1672 2495 1770 2535 ipsius

1001 2548 1118 2587 species
1135 2547 1324 2584 materiales,
1340 2547 1515 2577 secundum
1531 2548 1614 2587 quod
1631 2548 1771 2579 innuunt

1002 2603 1183 2631 tractatores
1199 2600 1345 2630 morales.
1362 2599 1530 2630 Humilitas
1545 2610 1632 2639 vero,
1649 2603 1680 2632 et
1700 2602 1770 2632 obe-

1001 2654 1117 2685 dientia
1133 2653 1237 2685 reduci
1255 2653 1370 2683 habent
1381 2652 1418 2682 ad
1434 2652 1533 2693 ipsam
1546 2654 1715 2694 justitiam.
1733 2655 1770 2686 Et

1787 2416 1885 2437 Cardina-

1799 2447 1830 2466 les
1841 2447 1881 2466 vir-

1812 2480 1867 2497 tutes

1786 2508 1840 2529 unde
1859 2509 1889 2528 di-

1799 2542 1882 2560 camur.
