<?xml version="1.0" encoding="UTF-8"?>
<!DOCTYPE html PUBLIC "-//W3C//DTD XHTML 1.0 Transitional//EN"
    "http://www.w3.org/TR/xhtml1/DTD/xhtml1-transitional.dtd">
<html xmlns="http://www.w3.org/1999/xhtml" xml:lang="en" lang="en">
 <head>
  <title>
</title>
<meta http-equiv="Content-Type" content="text/html;charset=utf-8" />
  <meta name='ocr-system' content='tesseract 3.04.00' />
  <meta name='ocr-capabilities' content='ocr_page ocr_carea ocr_par ocr_line ocrx_word'/>
</head>
<body>
  <div class='ocr_page' id='page_1' title='image "./operaomniasixtiv05bonauoft/operaomniasixtiv05bonauoft_0145.png"; bbox 0 0 2017 2948; ppageno 0'>
   <div class='ocr_carea' id='block_1_1' title="bbox 670 179 1322 216">
    <p class='ocr_par' dir='ltr' id='par_1_1' title="bbox 670 179 1322 216">
     <span class='ocr_line' id='line_1_1' title="bbox 670 179 1322 216; baseline -0.009 -1"><span class='ocrx_word' id='word_1_1' title='bbox 670 182 766 215; x_wconf 91' lang='lat' dir='ltr'>DIST.</span> <span class='ocrx_word' id='word_1_2' title='bbox 790 181 921 214; x_wconf 83' lang='lat' dir='ltr'><strong>XXXVI.</strong></span> <span class='ocrx_word' id='word_1_3' title='bbox 944 180 1036 212; x_wconf 84' lang='lat' dir='ltr'>ART.</span> <span class='ocrx_word' id='word_1_4' title='bbox 1061 180 1084 210; x_wconf 94' lang='lat' dir='ltr'>I.</span> <span class='ocrx_word' id='word_1_5' title='bbox 1109 179 1258 216; x_wconf 79' lang='lat' dir='ltr'>QUAEST.</span> <span class='ocrx_word' id='word_1_6' title='bbox 1284 180 1322 209; x_wconf 91' lang='lat' dir='ltr'>II.</span> 
     </span>
    </p>
   </div>
   <div class='ocr_carea' id='block_1_2' title="bbox 196 250 975 2514">
    <p class='ocr_par' dir='ltr' id='par_1_2' title="bbox 197 250 962 293">
     <span class='ocr_line' id='line_1_2' title="bbox 197 250 962 293; baseline -0.008 -9"><span class='ocrx_word' id='word_1_7' title='bbox 197 253 313 283; x_wconf 83' lang='lat' dir='ltr'>salvari</span> <span class='ocrx_word' id='word_1_8' title='bbox 333 255 435 293; x_wconf 89' lang='lat' dir='ltr'>potest</span> <span class='ocrx_word' id='word_1_9' title='bbox 449 252 583 283; x_wconf 83' lang='lat' dir='ltr'>essentia</span> <span class='ocrx_word' id='word_1_10' title='bbox 600 251 728 290; x_wconf 69' lang='lat' dir='ltr'>gratiae,</span> <span class='ocrx_word' id='word_1_11' title='bbox 745 252 776 280; x_wconf 88' lang='lat' dir='ltr'>et</span> <span class='ocrx_word' id='word_1_12' title='bbox 794 250 962 281; x_wconf 81' lang='lat' dir='ltr'>virtutum.</span> 
     </span>
    </p>

    <p class='ocr_par' dir='ltr' id='par_1_3' title="bbox 196 304 971 1240">
     <span class='ocr_line' id='line_1_3' title="bbox 238 304 964 345; baseline -0.008 -8"><span class='ocrx_word' id='word_1_13' title='bbox 238 309 266 337; x_wconf 87' lang='grc'>3.</span> <span class='ocrx_word' id='word_1_14' title='bbox 282 306 331 336; x_wconf 89' lang='lat' dir='ltr'>Ad</span> <span class='ocrx_word' id='word_1_15' title='bbox 346 306 422 336; x_wconf 91' lang='lat' dir='ltr'>illud</span> <span class='ocrx_word' id='word_1_16' title='bbox 436 305 520 345; x_wconf 88' lang='lat' dir='ltr'>quod</span> <span class='ocrx_word' id='word_1_17' title='bbox 540 305 687 344; x_wconf 85' lang='lat' dir='ltr'>objicitur</span> <span class='ocrx_word' id='word_1_18' title='bbox 703 304 740 334; x_wconf 87' lang='lat' dir='ltr'>de</span> <span class='ocrx_word' id='word_1_19' title='bbox 756 311 964 343; x_wconf 84' lang='lat' dir='ltr'>perseveran-</span> 
     </span>
     <span class='ocr_line' id='line_1_4' title="bbox 197 354 965 398; baseline -0.007 -10"><span class='ocrx_word' id='word_1_20' title='bbox 197 358 256 396; x_wconf 85' lang='lat' dir='ltr'>tia,</span> <span class='ocrx_word' id='word_1_21' title='bbox 285 367 358 398; x_wconf 83' lang='lat' dir='ltr'>quae</span> <span class='ocrx_word' id='word_1_22' title='bbox 384 367 447 388; x_wconf 90' lang='lat' dir='ltr'>non</span> <span class='ocrx_word' id='word_1_23' title='bbox 474 360 520 387; x_wconf 89' lang='lat' dir='ltr'>est</span> <span class='ocrx_word' id='word_1_24' title='bbox 548 357 580 386; x_wconf 90' lang='lat' dir='ltr'>in</span> <span class='ocrx_word' id='word_1_25' title='bbox 608 356 760 396; x_wconf 72' lang='lat' dir='ltr'>praescitis</span> <span class='ocrx_word' id='word_1_26' title='bbox 772 379 780 392; x_wconf 78' lang='grc'>,</span> <span class='ocrx_word' id='word_1_27' title='bbox 797 354 965 385; x_wconf 84' lang='lat' dir='ltr'>dicendum</span> 
     </span>
     <span class='ocr_line' id='line_1_5' title="bbox 198 406 965 450; baseline -0.007 -9"><span class='ocrx_word' id='word_1_28' title='bbox 198 411 281 450; x_wconf 86' lang='lat' dir='ltr'>quod</span> <span class='ocrx_word' id='word_1_29' title='bbox 309 410 542 450; x_wconf 86' lang='lat' dir='ltr'>perseverantia</span> <span class='ocrx_word' id='word_1_30' title='bbox 564 409 676 439; x_wconf 86' lang='lat' dir='ltr'>dicitur</span> <span class='ocrx_word' id='word_1_31' title='bbox 703 408 877 447; x_wconf 78' lang='lat' dir='ltr'>tripliciter.</span> <span class='ocrx_word' id='word_1_32' title='bbox 896 406 965 437; x_wconf 92' lang='lat' dir='ltr'>Uno</span> 
     </span>
     <span class='ocr_line' id='line_1_6' title="bbox 198 458 964 500; baseline -0.007 -8"><span class='ocrx_word' id='word_1_33' title='bbox 198 461 291 492; x_wconf 89' lang='lat' dir='ltr'>modo</span> <span class='ocrx_word' id='word_1_34' title='bbox 310 461 425 491; x_wconf 86' lang='lat' dir='ltr'>dicitur</span> <span class='ocrx_word' id='word_1_35' title='bbox 446 460 679 500; x_wconf 87' lang='lat' dir='ltr'>perseverantia</span> <span class='ocrx_word' id='word_1_36' title='bbox 702 459 849 490; x_wconf 82' lang='lat' dir='ltr'>voluntas</span> <span class='ocrx_word' id='word_1_37' title='bbox 864 458 964 497; x_wconf 78' lang='lat' dir='ltr'>perse--</span> 
     </span>
     <span class='ocr_line' id='line_1_7' title="bbox 197 511 967 554; baseline -0.006 -9"><span class='ocrx_word' id='word_1_38' title='bbox 197 515 286 545; x_wconf 89' lang='lat' dir='ltr'>rendi</span> <span class='ocrx_word' id='word_1_39' title='bbox 313 514 472 554; x_wconf 81' lang='lat' dir='ltr'>passiones</span> <span class='ocrx_word' id='word_1_40' title='bbox 494 513 561 543; x_wconf 90' lang='lat' dir='ltr'>sine</span> <span class='ocrx_word' id='word_1_41' title='bbox 584 513 778 543; x_wconf 84' lang='lat' dir='ltr'>defectione:</span> <span class='ocrx_word' id='word_1_42' title='bbox 802 516 831 541; x_wconf 85' lang='lat' dir='ltr'>et</span> <span class='ocrx_word' id='word_1_43' title='bbox 855 511 898 541; x_wconf 89' lang='lat' dir='ltr'>sic</span> <span class='ocrx_word' id='word_1_44' title='bbox 921 512 967 541; x_wconf 89' lang='lat' dir='ltr'>est</span> 
     </span>
     <span class='ocr_line' id='line_1_8' title="bbox 196 564 965 607; baseline -0.005 -10"><span class='ocrx_word' id='word_1_45' title='bbox 196 567 313 607; x_wconf 88' lang='lat' dir='ltr'>species</span> <span class='ocrx_word' id='word_1_46' title='bbox 337 566 540 597; x_wconf 79' lang='lat' dir='ltr'>fortitudinis.</span> <span class='ocrx_word' id='word_1_47' title='bbox 557 566 626 596; x_wconf 88' lang='lat' dir='ltr'>Alio</span> <span class='ocrx_word' id='word_1_48' title='bbox 647 565 741 595; x_wconf 85' lang='lat' dir='ltr'>modo</span> <span class='ocrx_word' id='word_1_49' title='bbox 756 564 871 595; x_wconf 88' lang='lat' dir='ltr'>dicitur</span> <span class='ocrx_word' id='word_1_50' title='bbox 895 573 965 603; x_wconf 90' lang='lat' dir='ltr'>per-</span> 
     </span>
     <span class='ocr_line' id='line_1_9' title="bbox 196 617 967 658; baseline -0.005 -9"><span class='ocrx_word' id='word_1_51' title='bbox 196 619 371 649; x_wconf 85' lang='lat' dir='ltr'>severantia</span> <span class='ocrx_word' id='word_1_52' title='bbox 386 619 582 658; x_wconf 87' lang='lat' dir='ltr'>propositum</span> <span class='ocrx_word' id='word_1_53' title='bbox 599 617 821 657; x_wconf 81' lang='lat' dir='ltr'>perseverandi</span> <span class='ocrx_word' id='word_1_54' title='bbox 837 617 869 646; x_wconf 93' lang='lat' dir='ltr'>in</span> <span class='ocrx_word' id='word_1_55' title='bbox 885 617 967 646; x_wconf 90' lang='lat' dir='ltr'>bono</span> 
     </span>
     <span class='ocr_line' id='line_1_10' title="bbox 197 671 968 711; baseline -0.001 -10"><span class='ocrx_word' id='word_1_56' title='bbox 197 681 298 711; x_wconf 85' lang='lat' dir='ltr'>usque</span> <span class='ocrx_word' id='word_1_57' title='bbox 322 671 354 701; x_wconf 91' lang='lat' dir='ltr'>in</span> <span class='ocrx_word' id='word_1_58' title='bbox 378 672 493 701; x_wconf 83' lang='lat' dir='ltr'>finem:</span> <span class='ocrx_word' id='word_1_59' title='bbox 512 673 542 701; x_wconf 87' lang='lat' dir='ltr'>et</span> <span class='ocrx_word' id='word_1_60' title='bbox 565 671 609 701; x_wconf 82' lang='lat' dir='ltr'>sic</span> <span class='ocrx_word' id='word_1_61' title='bbox 627 673 673 701; x_wconf 84' lang='lat' dir='ltr'>est</span> <span class='ocrx_word' id='word_1_62' title='bbox 688 671 824 701; x_wconf 76' lang='lat' dir='ltr'>condItio</span> <span class='ocrx_word' id='word_1_63' title='bbox 842 679 968 700; x_wconf 77' lang='lat' dir='ltr'>annexa</span> 
     </span>
     <span class='ocr_line' id='line_1_11' title="bbox 197 724 966 762; baseline -0.004 -7"><span class='ocrx_word' id='word_1_64' title='bbox 197 726 325 756; x_wconf 79' lang='lat' dir='ltr'>cuilibet</span> <span class='ocrx_word' id='word_1_65' title='bbox 348 725 469 755; x_wconf 78' lang='lat' dir='ltr'>virtuti.</span> <span class='ocrx_word' id='word_1_66' title='bbox 487 724 591 755; x_wconf 87' lang='lat' dir='ltr'>Tertio</span> <span class='ocrx_word' id='word_1_67' title='bbox 612 724 705 754; x_wconf 89' lang='lat' dir='ltr'>modo</span> <span class='ocrx_word' id='word_1_68' title='bbox 720 724 833 753; x_wconf 84' lang='lat' dir='ltr'>dicitur</span> <span class='ocrx_word' id='word_1_69' title='bbox 857 732 966 762; x_wconf 87' lang='lat' dir='ltr'>perse-</span> 
     </span>
     <span class='ocr_line' id='line_1_12' title="bbox 197 777 962 816; baseline -0.003 -8"><span class='ocrx_word' id='word_1_70' title='bbox 197 779 340 808; x_wconf 87' lang='lat' dir='ltr'>verantia</span> <span class='ocrx_word' id='word_1_71' title='bbox 362 778 554 808; x_wconf 75' lang='lat' dir='ltr'>continuatio</span> <span class='ocrx_word' id='word_1_72' title='bbox 569 778 643 807; x_wconf 89' lang='lat' dir='ltr'>boni</span> <span class='ocrx_word' id='word_1_73' title='bbox 664 786 764 816; x_wconf 88' lang='lat' dir='ltr'>usque</span> <span class='ocrx_word' id='word_1_74' title='bbox 790 777 822 806; x_wconf 90' lang='lat' dir='ltr'>in</span> <span class='ocrx_word' id='word_1_75' title='bbox 844 777 940 806; x_wconf 82' lang='lat' dir='ltr'>finem</span> <span class='ocrx_word' id='word_1_76' title='bbox 957 788 962 806; x_wconf 90' lang='lat'>:</span> 
     </span>
     <span class='ocr_line' id='line_1_13' title="bbox 198 829 968 868; baseline -0.003 -8"><span class='ocrx_word' id='word_1_77' title='bbox 198 832 228 860; x_wconf 88' lang='lat' dir='ltr'>et</span> <span class='ocrx_word' id='word_1_78' title='bbox 242 831 301 860; x_wconf 90' lang='lat' dir='ltr'>hoc</span> <span class='ocrx_word' id='word_1_79' title='bbox 316 830 408 860; x_wconf 90' lang='lat' dir='ltr'>modo</span> <span class='ocrx_word' id='word_1_80' title='bbox 419 839 482 860; x_wconf 92' lang='lat' dir='ltr'>non</span> <span class='ocrx_word' id='word_1_81' title='bbox 496 832 541 860; x_wconf 88' lang='lat' dir='ltr'>est</span> <span class='ocrx_word' id='word_1_82' title='bbox 556 839 672 859; x_wconf 87' lang='lat' dir='ltr'>nomen</span> <span class='ocrx_word' id='word_1_83' title='bbox 687 829 824 866; x_wconf 77' lang='lat' dir='ltr'>virtutis,</span> <span class='ocrx_word' id='word_1_84' title='bbox 841 829 895 859; x_wconf 87' lang='lat' dir='ltr'>sed</span> <span class='ocrx_word' id='word_1_85' title='bbox 911 839 968 868; x_wconf 90' lang='lat' dir='ltr'>po-</span> 
     </span>
     <span class='ocr_line' id='line_1_14' title="bbox 198 881 965 921; baseline -0.003 -8"><span class='ocrx_word' id='word_1_86' title='bbox 198 883 261 913; x_wconf 90' lang='lat' dir='ltr'>tius</span> <span class='ocrx_word' id='word_1_87' title='bbox 275 885 370 912; x_wconf 87' lang='lat' dir='ltr'>status</span> <span class='ocrx_word' id='word_1_88' title='bbox 385 882 605 921; x_wconf 69' lang='lat' dir='ltr'>consequentis</span> <span class='ocrx_word' id='word_1_89' title='bbox 628 882 666 911; x_wconf 83' lang='lat' dir='ltr'>ad</span> <span class='ocrx_word' id='word_1_90' title='bbox 692 890 802 911; x_wconf 87' lang='lat' dir='ltr'>omnes</span> <span class='ocrx_word' id='word_1_91' title='bbox 822 881 965 911; x_wconf 84' lang='lat' dir='ltr'>virtutes.</span> 
     </span>
     <span class='ocr_line' id='line_1_15' title="bbox 199 933 969 975; baseline -0.003 -10"><span class='ocrx_word' id='word_1_92' title='bbox 199 935 236 966; x_wconf 90' lang='lat' dir='ltr'>Et</span> <span class='ocrx_word' id='word_1_93' title='bbox 260 935 370 975; x_wconf 88' lang='lat' dir='ltr'>primis</span> <span class='ocrx_word' id='word_1_94' title='bbox 394 935 431 973; x_wconf 78' lang='lat' dir='ltr'>(a)</span> <span class='ocrx_word' id='word_1_95' title='bbox 459 934 587 973; x_wconf 86' lang='lat' dir='ltr'>quidem</span> <span class='ocrx_word' id='word_1_96' title='bbox 610 934 732 964; x_wconf 86' lang='lat' dir='ltr'>duobus</span> <span class='ocrx_word' id='word_1_97' title='bbox 751 933 850 963; x_wconf 88' lang='lat' dir='ltr'>modis</span> <span class='ocrx_word' id='word_1_98' title='bbox 874 934 969 963; x_wconf 82' lang='lat' dir='ltr'>habet</span> 
     </span>
     <span class='ocr_line' id='line_1_16' title="bbox 199 986 969 1026; baseline -0.005 -7"><span class='ocrx_word' id='word_1_99' title='bbox 199 988 342 1019; x_wconf 80' lang='lat' dir='ltr'>connecti</span> <span class='ocrx_word' id='word_1_100' title='bbox 356 988 425 1017; x_wconf 88' lang='lat' dir='ltr'>aliis</span> <span class='ocrx_word' id='word_1_101' title='bbox 440 987 622 1024; x_wconf 74' lang='lat' dir='ltr'>virtutihus,</span> <span class='ocrx_word' id='word_1_102' title='bbox 632 989 662 1017; x_wconf 86' lang='lat' dir='ltr'>et</span> <span class='ocrx_word' id='word_1_103' title='bbox 676 987 831 1026; x_wconf 82' lang='lat' dir='ltr'>reperitur</span> <span class='ocrx_word' id='word_1_104' title='bbox 847 987 879 1015; x_wconf 92' lang='lat' dir='ltr'>in</span> <span class='ocrx_word' id='word_1_105' title='bbox 890 986 969 1016; x_wconf 89' lang='lat' dir='ltr'>mul-</span> 
     </span>
     <span class='ocr_line' id='line_1_17' title="bbox 200 1040 970 1081; baseline -0.004 -10"><span class='ocrx_word' id='word_1_106' title='bbox 200 1043 239 1072; x_wconf 87' lang='lat' dir='ltr'>tis</span> <span class='ocrx_word' id='word_1_107' title='bbox 254 1041 422 1081; x_wconf 72' lang='lat' dir='ltr'>preescitis3</span> <span class='ocrx_word' id='word_1_108' title='bbox 440 1041 500 1071; x_wconf 85' lang='lat' dir='ltr'>hoc</span> <span class='ocrx_word' id='word_1_109' title='bbox 510 1042 616 1070; x_wconf 85' lang='lat' dir='ltr'>autem</span> <span class='ocrx_word' id='word_1_110' title='bbox 631 1040 723 1070; x_wconf 89' lang='lat' dir='ltr'>tertio</span> <span class='ocrx_word' id='word_1_111' title='bbox 738 1040 832 1069; x_wconf 81' lang='lat' dir='ltr'>niodo</span> <span class='ocrx_word' id='word_1_112' title='bbox 842 1040 874 1069; x_wconf 89' lang='lat' dir='ltr'>in</span> <span class='ocrx_word' id='word_1_113' title='bbox 892 1048 970 1078; x_wconf 78' lang='lat' dir='ltr'>prae-</span> 
     </span>
     <span class='ocr_line' id='line_1_18' title="bbox 200 1092 971 1133; baseline -0.005 -8"><span class='ocrx_word' id='word_1_114' title='bbox 200 1095 285 1125; x_wconf 89' lang='lat' dir='ltr'>scitis</span> <span class='ocrx_word' id='word_1_115' title='bbox 300 1103 364 1124; x_wconf 92' lang='lat' dir='ltr'>non</span> <span class='ocrx_word' id='word_1_116' title='bbox 379 1093 548 1133; x_wconf 89' lang='lat' dir='ltr'>reperitur,</span> <span class='ocrx_word' id='word_1_117' title='bbox 567 1102 622 1123; x_wconf 83' lang='lat' dir='ltr'>nec</span> <span class='ocrx_word' id='word_1_118' title='bbox 635 1093 811 1123; x_wconf 82' lang='lat' dir='ltr'>necessario</span> <span class='ocrx_word' id='word_1_119' title='bbox 827 1092 971 1122; x_wconf 86' lang='lat' dir='ltr'>aliisnec-</span> 
     </span>
     <span class='ocr_line' id='line_1_19' title="bbox 200 1146 966 1186; baseline -0.004 -9"><span class='ocrx_word' id='word_1_120' title='bbox 200 1148 294 1185; x_wconf 81' lang='lat' dir='ltr'>titur,</span> <span class='ocrx_word' id='word_1_121' title='bbox 312 1147 387 1186; x_wconf 86' lang='lat' dir='ltr'>quia</span> <span class='ocrx_word' id='word_1_122' title='bbox 401 1156 466 1176; x_wconf 92' lang='lat' dir='ltr'>non</span> <span class='ocrx_word' id='word_1_123' title='bbox 486 1146 629 1176; x_wconf 87' lang='lat' dir='ltr'>nominat</span> <span class='ocrx_word' id='word_1_124' title='bbox 655 1146 800 1175; x_wconf 80' lang='lat' dir='ltr'>habitum</span> <span class='ocrx_word' id='word_1_125' title='bbox 822 1146 966 1182; x_wconf 86' lang='lat' dir='ltr'>virtutis,</span> 
     </span>
     <span class='ocr_line' id='line_1_20' title="bbox 201 1201 775 1240; baseline -0.005 -9"><span class='ocrx_word' id='word_1_126' title='bbox 201 1201 255 1232; x_wconf 90' lang='lat' dir='ltr'>sed</span> <span class='ocrx_word' id='word_1_127' title='bbox 270 1201 374 1240; x_wconf 87' lang='lat' dir='ltr'>magis</span> <span class='ocrx_word' id='word_1_128' title='bbox 388 1201 631 1239; x_wconf 81' lang='lat' dir='ltr'>consequentem</span> <span class='ocrx_word' id='word_1_129' title='bbox 647 1201 775 1229; x_wconf 79' lang='lat' dir='ltr'>statum.</span> 
     </span>
    </p>

    <p class='ocr_par' dir='ltr' id='par_1_4' title="bbox 200 1252 974 1824">
     <span class='ocr_line' id='line_1_21' title="bbox 241 1252 970 1292; baseline -0.004 -8"><span class='ocrx_word' id='word_1_130' title='bbox 241 1257 269 1284; x_wconf 67' lang='grc'>4.</span> <span class='ocrx_word' id='word_1_131' title='bbox 286 1254 334 1284; x_wconf 85' lang='lat' dir='ltr'>Ad</span> <span class='ocrx_word' id='word_1_132' title='bbox 357 1254 435 1284; x_wconf 91' lang='lat' dir='ltr'>illud</span> <span class='ocrx_word' id='word_1_133' title='bbox 450 1253 533 1292; x_wconf 86' lang='lat' dir='ltr'>quod</span> <span class='ocrx_word' id='word_1_134' title='bbox 552 1252 715 1291; x_wconf 84' lang='lat' dir='ltr'>objicitur,</span> <span class='ocrx_word' id='word_1_135' title='bbox 733 1252 818 1291; x_wconf 87' lang='lat' dir='ltr'>quod</span> <span class='ocrx_word' id='word_1_136' title='bbox 842 1252 970 1282; x_wconf 87' lang='lat' dir='ltr'>habitus</span> 
     </span>
     <span class='ocr_line' id='line_1_22' title="bbox 200 1294 972 1345; baseline -0.004 -8"><span class='ocrx_word' id='word_1_137' title='bbox 200 1307 356 1338; x_wconf 88' lang='lat' dir='ltr'>virtutum</span> <span class='ocrx_word' id='word_1_138' title='bbox 373 1306 586 1345; x_wconf 83' lang='lat' dir='ltr'>gratuitarum</span> <span class='ocrx_word' id='word_1_139' title='bbox 611 1307 683 1335; x_wconf 91' lang='lat' dir='ltr'>sunt</span> <span class='ocrx_word' id='word_1_140' title='bbox 698 1305 815 1335; x_wconf 79' lang='lat' dir='ltr'>diversi</span> <span class='ocrx_word' id='word_1_141' title='bbox 831 1294 972 1335; x_wconf 83' lang='lat' dir='ltr'>formali-</span> 
     </span>
     <span class='ocr_line' id='line_1_23' title="bbox 202 1358 973 1398; baseline -0.003 -9"><span class='ocrx_word' id='word_1_142' title='bbox 202 1361 261 1397; x_wconf 84' lang='lat' dir='ltr'>ter,</span> <span class='ocrx_word' id='word_1_143' title='bbox 274 1359 442 1390; x_wconf 86' lang='lat' dir='ltr'>dicendum</span> <span class='ocrx_word' id='word_1_144' title='bbox 460 1358 556 1398; x_wconf 82' lang='lat' dir='ltr'>quod,</span> <span class='ocrx_word' id='word_1_145' title='bbox 573 1359 721 1397; x_wconf 85' lang='lat' dir='ltr'>quamvis</span> <span class='ocrx_word' id='word_1_146' title='bbox 743 1358 916 1388; x_wconf 80' lang='lat' dir='ltr'>formaliter</span> <span class='ocrx_word' id='word_1_147' title='bbox 930 1358 973 1388; x_wconf 90' lang='lat' dir='ltr'>di-</span> 
     </span>
     <span class='ocr_line' id='line_1_24' title="bbox 203 1411 973 1451; baseline -0.003 -9"><span class='ocrx_word' id='word_1_148' title='bbox 203 1412 356 1442; x_wconf 78' lang='lat' dir='ltr'>vidantur</span> <span class='ocrx_word' id='word_1_149' title='bbox 367 1413 521 1451; x_wconf 86' lang='lat' dir='ltr'>quantum</span> <span class='ocrx_word' id='word_1_150' title='bbox 532 1411 570 1441; x_wconf 88' lang='lat' dir='ltr'>ad</span> <span class='ocrx_word' id='word_1_151' title='bbox 580 1411 706 1441; x_wconf 87' lang='lat' dir='ltr'>habitus</span> <span class='ocrx_word' id='word_1_152' title='bbox 715 1411 892 1441; x_wconf 82' lang='lat' dir='ltr'>substratos</span> <span class='ocrx_word' id='word_1_153' title='bbox 904 1434 913 1448; x_wconf 85' lang='lat'><em>,</em></span> <span class='ocrx_word' id='word_1_154' title='bbox 931 1413 973 1440; x_wconf 85' lang='lat' dir='ltr'>ta-</span> 
     </span>
     <span class='ocr_line' id='line_1_25' title="bbox 204 1464 973 1505; baseline -0.003 -10"><span class='ocrx_word' id='word_1_155' title='bbox 204 1475 288 1502; x_wconf 89' lang='lat' dir='ltr'>men,</span> <span class='ocrx_word' id='word_1_156' title='bbox 300 1466 331 1495; x_wconf 95' lang='lat' dir='ltr'>in</span> <span class='ocrx_word' id='word_1_157' title='bbox 339 1468 494 1505; x_wconf 87' lang='lat' dir='ltr'>quantum</span> <span class='ocrx_word' id='word_1_158' title='bbox 503 1464 634 1503; x_wconf 79' lang='lat' dir='ltr'>gratuiti</span> <span class='ocrx_word' id='word_1_159' title='bbox 643 1467 728 1502; x_wconf 82' lang='lat' dir='ltr'>sunt,</span> <span class='ocrx_word' id='word_1_160' title='bbox 738 1464 973 1494; x_wconf 87' lang='lat' dir='ltr'>communicant</span> 
     </span>
     <span class='ocr_line' id='line_1_26' title="bbox 204 1517 974 1557; baseline -0.003 -9"><span class='ocrx_word' id='word_1_161' title='bbox 204 1518 235 1548; x_wconf 92' lang='lat' dir='ltr'>in</span> <span class='ocrx_word' id='word_1_162' title='bbox 244 1518 308 1557; x_wconf 84' lang='lat' dir='ltr'>ipsa</span> <span class='ocrx_word' id='word_1_163' title='bbox 317 1519 430 1557; x_wconf 84' lang='lat' dir='ltr'>gratia,</span> <span class='ocrx_word' id='word_1_164' title='bbox 439 1527 510 1557; x_wconf 83' lang='lat' dir='ltr'>quae</span> <span class='ocrx_word' id='word_1_165' title='bbox 525 1517 721 1547; x_wconf 87' lang='lat' dir='ltr'>estomnium</span> <span class='ocrx_word' id='word_1_166' title='bbox 736 1517 891 1547; x_wconf 90' lang='lat' dir='ltr'>virtutum</span> <span class='ocrx_word' id='word_1_167' title='bbox 902 1526 974 1555; x_wconf 85' lang='lat' dir='ltr'>gra-</span> 
     </span>
     <span class='ocr_line' id='line_1_27' title="bbox 203 1571 972 1612; baseline -0.001 -10"><span class='ocrx_word' id='word_1_168' title='bbox 203 1573 357 1603; x_wconf 87' lang='lat' dir='ltr'>tuitarum</span> <span class='ocrx_word' id='word_1_169' title='bbox 366 1573 535 1612; x_wconf 83' lang='lat' dir='ltr'>perfectiva</span> <span class='ocrx_word' id='word_1_170' title='bbox 548 1572 581 1602; x_wconf 93' lang='lat' dir='ltr'>in</span> <span class='ocrx_word' id='word_1_171' title='bbox 596 1581 662 1602; x_wconf 86' lang='lat' dir='ltr'>esse</span> <span class='ocrx_word' id='word_1_172' title='bbox 677 1571 818 1610; x_wconf 84' lang='lat' dir='ltr'>gratuito</span> <span class='ocrx_word' id='word_1_173' title='bbox 835 1582 841 1601; x_wconf 79' lang='grc' dir='ltr'><em>τ</em></span> <span class='ocrx_word' id='word_1_174' title='bbox 859 1573 889 1601; x_wconf 86' lang='lat' dir='ltr'>et</span> <span class='ocrx_word' id='word_1_175' title='bbox 904 1571 972 1601; x_wconf 78' lang='lat' dir='ltr'>ideo</span> 
     </span>
     <span class='ocr_line' id='line_1_28' title="bbox 202 1624 970 1664; baseline -0.004 -8"><span class='ocrx_word' id='word_1_176' title='bbox 202 1625 282 1656; x_wconf 87' lang='lat' dir='ltr'>ratio</span> <span class='ocrx_word' id='word_1_177' title='bbox 298 1625 350 1655; x_wconf 84' lang='lat' dir='ltr'>illa</span> <span class='ocrx_word' id='word_1_178' title='bbox 369 1634 432 1656; x_wconf 95' lang='lat' dir='ltr'>non</span> <span class='ocrx_word' id='word_1_179' title='bbox 448 1626 552 1664; x_wconf 84' lang='lat' dir='ltr'>cogit;</span> <span class='ocrx_word' id='word_1_180' title='bbox 570 1625 721 1664; x_wconf 83' lang='lat' dir='ltr'>quoniam</span> <span class='ocrx_word' id='word_1_181' title='bbox 735 1624 793 1654; x_wconf 85' lang='lat' dir='ltr'>etsi</span> <span class='ocrx_word' id='word_1_182' title='bbox 809 1624 840 1654; x_wconf 91' lang='lat' dir='ltr'>in</span> <span class='ocrx_word' id='word_1_183' title='bbox 856 1625 970 1654; x_wconf 82' lang='lat' dir='ltr'>sorma-</span> 
     </span>
     <span class='ocr_line' id='line_1_29' title="bbox 202 1677 973 1719; baseline -0.004 -10"><span class='ocrx_word' id='word_1_184' title='bbox 202 1679 286 1709; x_wconf 90' lang='lat' dir='ltr'>libus</span> <span class='ocrx_word' id='word_1_185' title='bbox 301 1679 435 1719; x_wconf 90' lang='lat' dir='ltr'>propriis</span> <span class='ocrx_word' id='word_1_186' title='bbox 459 1679 710 1718; x_wconf 78' lang='lat' dir='ltr'>distinguantur,</span> <span class='ocrx_word' id='word_1_187' title='bbox 725 1679 832 1707; x_wconf 87' lang='lat' dir='ltr'>tamen</span> <span class='ocrx_word' id='word_1_188' title='bbox 857 1677 889 1707; x_wconf 91' lang='lat' dir='ltr'>in</span> <span class='ocrx_word' id='word_1_189' title='bbox 914 1677 973 1707; x_wconf 87' lang='lat' dir='ltr'>for-</span> 
     </span>
     <span class='ocr_line' id='line_1_30' title="bbox 204 1731 973 1771; baseline -0.001 -9"><span class='ocrx_word' id='word_1_190' title='bbox 204 1733 278 1763; x_wconf 91' lang='lat' dir='ltr'>mali</span> <span class='ocrx_word' id='word_1_191' title='bbox 303 1733 480 1770; x_wconf 83' lang='lat' dir='ltr'>communi,</span> <span class='ocrx_word' id='word_1_192' title='bbox 503 1732 623 1763; x_wconf 90' lang='lat' dir='ltr'>ratione</span> <span class='ocrx_word' id='word_1_193' title='bbox 648 1733 739 1771; x_wconf 84' lang='lat' dir='ltr'>cujus</span> <span class='ocrx_word' id='word_1_194' title='bbox 763 1731 881 1762; x_wconf 82' lang='lat' dir='ltr'>habent</span> <span class='ocrx_word' id='word_1_195' title='bbox 906 1740 973 1761; x_wconf 87' lang='lat' dir='ltr'>esse</span> 
     </span>
     <span class='ocr_line' id='line_1_31' title="bbox 202 1785 531 1824; baseline 0 -9"><span class='ocrx_word' id='word_1_196' title='bbox 202 1785 345 1824; x_wconf 77' lang='lat' dir='ltr'>gratuiti,</span> <span class='ocrx_word' id='word_1_197' title='bbox 362 1785 531 1815; x_wconf 87' lang='lat' dir='ltr'>uniuntur.</span> 
     </span>
    </p>

    <p class='ocr_par' dir='ltr' id='par_1_5' title="bbox 202 1837 974 2407">
     <span class='ocr_line' id='line_1_32' title="bbox 244 1837 972 1878; baseline -0.003 -9"><span class='ocrx_word' id='word_1_198' title='bbox 244 1841 272 1869; x_wconf 78' lang='lat'>5.</span> <span class='ocrx_word' id='word_1_199' title='bbox 298 1838 346 1869; x_wconf 82' lang='lat' dir='ltr'>Ad</span> <span class='ocrx_word' id='word_1_200' title='bbox 366 1839 443 1869; x_wconf 87' lang='lat' dir='ltr'>illud</span> <span class='ocrx_word' id='word_1_201' title='bbox 467 1839 551 1878; x_wconf 90' lang='lat' dir='ltr'>quod</span> <span class='ocrx_word' id='word_1_202' title='bbox 577 1838 725 1878; x_wconf 85' lang='lat' dir='ltr'>objicitur</span> <span class='ocrx_word' id='word_1_203' title='bbox 744 1837 781 1868; x_wconf 88' lang='lat' dir='ltr'>de</span> <span class='ocrx_word' id='word_1_204' title='bbox 805 1847 972 1877; x_wconf 84' lang='lat' dir='ltr'>compara-</span> 
     </span>
     <span class='ocr_line' id='line_1_33' title="bbox 204 1892 973 1931; baseline -0.001 -9"><span class='ocrx_word' id='word_1_205' title='bbox 204 1892 289 1923; x_wconf 86' lang='lat' dir='ltr'>tione</span> <span class='ocrx_word' id='word_1_206' title='bbox 302 1893 470 1923; x_wconf 87' lang='lat' dir='ltr'>habituum</span> <span class='ocrx_word' id='word_1_207' title='bbox 487 1895 517 1923; x_wconf 87' lang='lat' dir='ltr'>et</span> <span class='ocrx_word' id='word_1_208' title='bbox 537 1895 665 1923; x_wconf 82' lang='lat' dir='ltr'>actuum</span> <span class='ocrx_word' id='word_1_209' title='bbox 679 1915 686 1928; x_wconf 91' lang='lat'>‚</span> <span class='ocrx_word' id='word_1_210' title='bbox 703 1892 868 1922; x_wconf 83' lang='lat' dir='ltr'>dicendum</span> <span class='ocrx_word' id='word_1_211' title='bbox 888 1892 973 1931; x_wconf 87' lang='lat' dir='ltr'>quod</span> 
     </span>
     <span class='ocr_line' id='line_1_34' title="bbox 204 1945 970 1985; baseline -0.001 -10"><span class='ocrx_word' id='word_1_212' title='bbox 204 1953 268 1975; x_wconf 90' lang='lat' dir='ltr'>non</span> <span class='ocrx_word' id='word_1_213' title='bbox 284 1947 330 1975; x_wconf 84' lang='lat' dir='ltr'>est</span> <span class='ocrx_word' id='word_1_214' title='bbox 352 1945 474 1983; x_wconf 86' lang='lat' dir='ltr'>simile,</span> <span class='ocrx_word' id='word_1_215' title='bbox 493 1954 551 1985; x_wconf 90' lang='lat' dir='ltr'>pro</span> <span class='ocrx_word' id='word_1_216' title='bbox 581 1954 617 1975; x_wconf 91' lang='lat' dir='ltr'>eo</span> <span class='ocrx_word' id='word_1_217' title='bbox 640 1945 724 1984; x_wconf 86' lang='lat' dir='ltr'>quod</span> <span class='ocrx_word' id='word_1_218' title='bbox 745 1954 893 1983; x_wconf 86' lang='lat' dir='ltr'>egressus</span> <span class='ocrx_word' id='word_1_219' title='bbox 920 1954 970 1974; x_wconf 87' lang='lat' dir='ltr'>ac-</span> 
     </span>
     <span class='ocr_line' id='line_1_35' title="bbox 203 1997 974 2035; baseline -0.001 -7"><span class='ocrx_word' id='word_1_220' title='bbox 203 2000 295 2028; x_wconf 85' lang='lat' dir='ltr'>tuum</span> <span class='ocrx_word' id='word_1_221' title='bbox 318 2000 364 2028; x_wconf 90' lang='lat' dir='ltr'>est</span> <span class='ocrx_word' id='word_1_222' title='bbox 383 1998 602 2035; x_wconf 75' lang='lat' dir='ltr'>voluntarius,</span> <span class='ocrx_word' id='word_1_223' title='bbox 619 1999 649 2027; x_wconf 91' lang='lat' dir='ltr'>et</span> <span class='ocrx_word' id='word_1_224' title='bbox 671 1997 710 2027; x_wconf 85' lang='lat' dir='ltr'>ab</span> <span class='ocrx_word' id='word_1_225' title='bbox 733 1997 856 2027; x_wconf 86' lang='lat' dir='ltr'>arbitrii</span> <span class='ocrx_word' id='word_1_226' title='bbox 877 1997 974 2027; x_wconf 87' lang='lat' dir='ltr'>Iiber-</span> 
     </span>
     <span class='ocr_line' id='line_1_36' title="bbox 204 2050 973 2090; baseline -0.001 -9"><span class='ocrx_word' id='word_1_227' title='bbox 204 2053 280 2088; x_wconf 87' lang='lat' dir='ltr'>tate;</span> <span class='ocrx_word' id='word_1_228' title='bbox 305 2051 496 2081; x_wconf 87' lang='lat' dir='ltr'>introductio</span> <span class='ocrx_word' id='word_1_229' title='bbox 520 2059 596 2081; x_wconf 80' lang='lat' dir='ltr'>vero</span> <span class='ocrx_word' id='word_1_230' title='bbox 618 2050 786 2080; x_wconf 80' lang='lat' dir='ltr'>habituum</span> <span class='ocrx_word' id='word_1_231' title='bbox 814 2050 846 2080; x_wconf 91' lang='lat' dir='ltr'>in</span> <span class='ocrx_word' id='word_1_232' title='bbox 871 2050 973 2090; x_wconf 81' lang='lat' dir='ltr'>ipsam</span> 
     </span>
     <span class='ocr_line' id='line_1_37' title="bbox 202 2103 974 2141; baseline -0.001 -7"><span class='ocrx_word' id='word_1_233' title='bbox 202 2104 343 2134; x_wconf 85' lang='lat' dir='ltr'>animam</span> <span class='ocrx_word' id='word_1_234' title='bbox 358 2106 404 2134; x_wconf 86' lang='lat' dir='ltr'>est</span> <span class='ocrx_word' id='word_1_235' title='bbox 418 2113 436 2134; x_wconf 84' lang='lat' dir='ltr'>a</span> <span class='ocrx_word' id='word_1_236' title='bbox 452 2103 561 2134; x_wconf 88' lang='lat' dir='ltr'>divina</span> <span class='ocrx_word' id='word_1_237' title='bbox 575 2103 722 2141; x_wconf 81' lang='lat' dir='ltr'>largitate</span> <span class='ocrx_word' id='word_1_238' title='bbox 735 2114 740 2132; x_wconf 93' lang='lat'>:</span> <span class='ocrx_word' id='word_1_239' title='bbox 760 2103 907 2133; x_wconf 80' lang='lat' dir='ltr'>voluntas</span> <span class='ocrx_word' id='word_1_240' title='bbox 919 2112 974 2133; x_wconf 90' lang='lat' dir='ltr'>au-</span> 
     </span>
     <span class='ocr_line' id='line_1_38' title="bbox 203 2156 970 2197; baseline -0.003 -9"><span class='ocrx_word' id='word_1_241' title='bbox 203 2160 265 2188; x_wconf 81' lang='lat' dir='ltr'>tem</span> <span class='ocrx_word' id='word_1_242' title='bbox 281 2157 455 2197; x_wconf 80' lang='lat' dir='ltr'>specialiter</span> <span class='ocrx_word' id='word_1_243' title='bbox 470 2156 645 2196; x_wconf 82' lang='lat' dir='ltr'>applicatur</span> <span class='ocrx_word' id='word_1_244' title='bbox 662 2156 700 2186; x_wconf 83' lang='lat' dir='ltr'>ad</span> <span class='ocrx_word' id='word_1_245' title='bbox 714 2165 817 2187; x_wconf 90' lang='lat' dir='ltr'>unum</span> <span class='ocrx_word' id='word_1_246' title='bbox 833 2156 970 2193; x_wconf 88' lang='lat' dir='ltr'>bonum;</span> 
     </span>
     <span class='ocr_line' id='line_1_39' title="bbox 204 2208 973 2248; baseline -0.003 -7"><span class='ocrx_word' id='word_1_247' title='bbox 204 2210 311 2241; x_wconf 86' lang='lat' dir='ltr'>divina</span> <span class='ocrx_word' id='word_1_248' title='bbox 330 2219 405 2241; x_wconf 83' lang='lat' dir='ltr'>vero</span> <span class='ocrx_word' id='word_1_249' title='bbox 419 2209 551 2248; x_wconf 88' lang='lat' dir='ltr'>largitas</span> <span class='ocrx_word' id='word_1_250' title='bbox 566 2208 701 2248; x_wconf 87' lang='lat' dir='ltr'>complet</span> <span class='ocrx_word' id='word_1_251' title='bbox 717 2210 817 2239; x_wconf 88' lang='lat' dir='ltr'>totum</span> <span class='ocrx_word' id='word_1_252' title='bbox 832 2219 839 2247; x_wconf 88' lang='lat'>;</span> <span class='ocrx_word' id='word_1_253' title='bbox 858 2211 888 2239; x_wconf 90' lang='lat' dir='ltr'>et</span> <span class='ocrx_word' id='word_1_254' title='bbox 904 2209 973 2239; x_wconf 85' lang='lat' dir='ltr'>ideo</span> 
     </span>
     <span class='ocr_line' id='line_1_40' title="bbox 204 2262 974 2302; baseline -0.001 -9"><span class='ocrx_word' id='word_1_255' title='bbox 204 2272 268 2293; x_wconf 89' lang='lat' dir='ltr'>non</span> <span class='ocrx_word' id='word_1_256' title='bbox 297 2263 457 2302; x_wconf 82' lang='lat' dir='ltr'>sequitur,</span> <span class='ocrx_word' id='word_1_257' title='bbox 488 2262 569 2302; x_wconf 86' lang='lat' dir='ltr'>quod</span> <span class='ocrx_word' id='word_1_258' title='bbox 593 2262 740 2301; x_wconf 79' lang='lat' dir='ltr'>quamvis</span> <span class='ocrx_word' id='word_1_259' title='bbox 764 2263 852 2292; x_wconf 83' lang='lat' dir='ltr'>actus</span> <span class='ocrx_word' id='word_1_260' title='bbox 879 2263 974 2292; x_wconf 88' lang='lat' dir='ltr'>unius</span> 
     </span>
     <span class='ocr_line' id='line_1_41' title="bbox 205 2315 973 2354; baseline -0.001 -9"><span class='ocrx_word' id='word_1_261' title='bbox 205 2315 332 2345; x_wconf 87' lang='lat' dir='ltr'>virtutis</span> <span class='ocrx_word' id='word_1_262' title='bbox 346 2315 495 2354; x_wconf 76' lang='lat' dir='ltr'>gratuitae</span> <span class='ocrx_word' id='word_1_263' title='bbox 520 2315 558 2345; x_wconf 87' lang='lat' dir='ltr'>ab</span> <span class='ocrx_word' id='word_1_264' title='bbox 574 2315 673 2345; x_wconf 86' lang='lat' dir='ltr'>altero</span> <span class='ocrx_word' id='word_1_265' title='bbox 694 2317 874 2354; x_wconf 79' lang='lat' dir='ltr'>separetur,</span> <span class='ocrx_word' id='word_1_266' title='bbox 889 2315 973 2354; x_wconf 88' lang='lat' dir='ltr'>quod</span> 
     </span>
     <span class='ocr_line' id='line_1_42' title="bbox 205 2367 891 2407; baseline -0.001 -9"><span class='ocrx_word' id='word_1_267' title='bbox 205 2369 332 2407; x_wconf 88' lang='lat' dir='ltr'>propter</span> <span class='ocrx_word' id='word_1_268' title='bbox 345 2367 405 2397; x_wconf 85' lang='lat' dir='ltr'>hoc</span> <span class='ocrx_word' id='word_1_269' title='bbox 420 2367 564 2398; x_wconf 84' lang='lat' dir='ltr'>similiter</span> <span class='ocrx_word' id='word_1_270' title='bbox 579 2368 705 2398; x_wconf 75' lang='lat' dir='ltr'>hahItus</span> <span class='ocrx_word' id='word_1_271' title='bbox 719 2368 758 2398; x_wconf 86' lang='lat' dir='ltr'>ab</span> <span class='ocrx_word' id='word_1_272' title='bbox 771 2367 891 2398; x_wconf 88' lang='lat' dir='ltr'>habitu.</span> 
     </span>
    </p>

    <p class='ocr_par' dir='ltr' id='par_1_6' title="bbox 206 2419 975 2514">
     <span class='ocr_line' id='line_1_43' title="bbox 246 2419 974 2460; baseline 0.003 -11"><span class='ocrx_word' id='word_1_273' title='bbox 246 2424 274 2450; x_wconf 84' lang='grc'>6.</span> <span class='ocrx_word' id='word_1_274' title='bbox 296 2420 344 2450; x_wconf 87' lang='lat' dir='ltr'>Ad</span> <span class='ocrx_word' id='word_1_275' title='bbox 367 2419 445 2450; x_wconf 91' lang='lat' dir='ltr'>illud</span> <span class='ocrx_word' id='word_1_276' title='bbox 463 2421 547 2459; x_wconf 89' lang='lat' dir='ltr'>quod</span> <span class='ocrx_word' id='word_1_277' title='bbox 570 2421 684 2451; x_wconf 90' lang='lat' dir='ltr'>ultimo</span> <span class='ocrx_word' id='word_1_278' title='bbox 703 2421 872 2460; x_wconf 81' lang='lat' dir='ltr'>objicitur,</span> <span class='ocrx_word' id='word_1_279' title='bbox 889 2421 974 2451; x_wconf 89' lang='lat' dir='ltr'>unde</span> 
     </span>
     <span class='ocr_line' id='line_1_44' title="bbox 206 2473 975 2514; baseline 0 -9"><span class='ocrx_word' id='word_1_280' title='bbox 206 2474 312 2505; x_wconf 88' lang='lat' dir='ltr'>veniat</span> <span class='ocrx_word' id='word_1_281' title='bbox 335 2473 489 2503; x_wconf 84' lang='lat' dir='ltr'>connexio</span> <span class='ocrx_word' id='word_1_282' title='bbox 513 2473 698 2512; x_wconf 75' lang='lat' dir='ltr'>habituum,</span> <span class='ocrx_word' id='word_1_283' title='bbox 712 2475 779 2514; x_wconf 82' lang='lat' dir='ltr'>jam</span> <span class='ocrx_word' id='word_1_284' title='bbox 802 2477 886 2514; x_wconf 83' lang='lat' dir='ltr'>patet</span> <span class='ocrx_word' id='word_1_285' title='bbox 909 2484 975 2505; x_wconf 84' lang='lat' dir='ltr'>res-</span> 
     </span>
    </p>
   </div>
   <div class='ocr_carea' id='block_1_3' title="bbox 207 2536 975 2674">
    <p class='ocr_par' dir='ltr' id='par_1_7' title="bbox 207 2536 975 2674">
     <span class='ocr_line' id='line_1_45' title="bbox 239 2536 973 2568; baseline -0.001 -7"><span class='ocrx_word' id='word_1_286' title='bbox 239 2537 298 2567; x_wconf 64' lang='grc' dir='ltr'><strong>1οβ</strong></span> <span class='ocrx_word' id='word_1_287' title='bbox 312 2538 338 2560; x_wconf 84' lang='lat' dir='ltr'>S.</span> <span class='ocrx_word' id='word_1_288' title='bbox 350 2536 469 2565; x_wconf 75' lang='lat' dir='ltr'>Thomas,</span> <span class='ocrx_word' id='word_1_289' title='bbox 480 2536 531 2564; x_wconf 84' lang='lat'><em>1-11‚</em></span> <span class='ocrx_word' id='word_1_290' title='bbox 542 2543 565 2566; x_wconf 85' lang='lat' dir='ltr'>q.</span> <span class='ocrx_word' id='word_1_291' title='bbox 579 2541 668 2565; x_wconf 66' lang='lat' dir='ltr'>vani,</span> <span class='ocrx_word' id='word_1_292' title='bbox 681 2537 762 2565; x_wconf 80' lang='lat' dir='ltr'>art.5;</span> <span class='ocrx_word' id='word_1_293' title='bbox 775 2539 799 2560; x_wconf 78' lang='lat' dir='ltr'>et</span> <span class='ocrx_word' id='word_1_294' title='bbox 814 2537 973 2568; x_wconf 74' lang='lat' dir='ltr'>ll-ll,q.x1x,</span> 
     </span>
     <span class='ocr_line' id='line_1_46' title="bbox 207 2571 974 2604; baseline 0 -8"><span class='ocrx_word' id='word_1_295' title='bbox 207 2574 254 2596; x_wconf 82' lang='lat' dir='ltr'>nrt.</span> <span class='ocrx_word' id='word_1_296' title='bbox 266 2574 293 2601; x_wconf 70' lang='lat'>9;</span> <span class='ocrx_word' id='word_1_297' title='bbox 315 2574 339 2595; x_wconf 88' lang='lat' dir='ltr'>et</span> <span class='ocrx_word' id='word_1_298' title='bbox 353 2572 382 2595; x_wconf 87' lang='grc' dir='ltr'>ΙΙΙ</span> <span class='ocrx_word' id='word_1_299' title='bbox 398 2572 476 2599; x_wconf 64' lang='lat' dir='ltr'>Seut„</span> <span class='ocrx_word' id='word_1_300' title='bbox 489 2571 546 2595; x_wconf 80' lang='lat' dir='ltr'>dist.</span> <span class='ocrx_word' id='word_1_301' title='bbox 563 2576 688 2601; x_wconf 75' lang='lat' dir='ltr'>xxxV1‚q.</span> <span class='ocrx_word' id='word_1_302' title='bbox 703 2576 722 2600; x_wconf 85' lang='lat'>1,</span> <span class='ocrx_word' id='word_1_303' title='bbox 736 2574 782 2595; x_wconf 81' lang='lat' dir='ltr'>art.</span> <span class='ocrx_word' id='word_1_304' title='bbox 799 2575 826 2604; x_wconf 77' lang='lat'>33</span> <span class='ocrx_word' id='word_1_305' title='bbox 845 2573 974 2601; x_wconf 63' lang='lat' dir='ltr'>Ricimrd„</span> 
     </span>
     <span class='ocr_line' id='line_1_47' title="bbox 209 2607 975 2638; baseline 0.001 -7"><span class='ocrx_word' id='word_1_306' title='bbox 209 2608 240 2632; x_wconf 75' lang='grc' dir='ltr'>ΙΙΙ</span> <span class='ocrx_word' id='word_1_307' title='bbox 255 2607 332 2637; x_wconf 67' lang='lat' dir='ltr'>sent„</span> <span class='ocrx_word' id='word_1_308' title='bbox 348 2607 404 2631; x_wconf 78' lang='lat' dir='ltr'>dist.</span> <span class='ocrx_word' id='word_1_309' title='bbox 418 2612 507 2636; x_wconf 72' lang='lat' dir='ltr'>xxxvi,</span> <span class='ocrx_word' id='word_1_310' title='bbox 520 2614 544 2637; x_wconf 76' lang='lat' dir='ltr'>q.</span> <span class='ocrx_word' id='word_1_311' title='bbox 561 2612 606 2635; x_wconf 68' lang='lat'>1115</span> <span class='ocrx_word' id='word_1_312' title='bbox 621 2607 710 2630; x_wconf 84' lang='lat' dir='ltr'>Thom.</span> <span class='ocrx_word' id='word_1_313' title='bbox 724 2608 839 2638; x_wconf 79' lang='lat' dir='ltr'>Argeut.‚</span> <span class='ocrx_word' id='word_1_314' title='bbox 857 2608 975 2637; x_wconf 55' lang='lat' dir='ltr'>instent„</span> 
     </span>
     <span class='ocr_line' id='line_1_48' title="bbox 209 2641 975 2674; baseline 0 -7"><span class='ocrx_word' id='word_1_315' title='bbox 209 2643 265 2667; x_wconf 73' lang='lat' dir='ltr'>dist.</span> <span class='ocrx_word' id='word_1_316' title='bbox 281 2649 370 2674; x_wconf 74' lang='lat' dir='ltr'>xxxv1,</span> <span class='ocrx_word' id='word_1_317' title='bbox 383 2650 407 2674; x_wconf 87' lang='lat' dir='ltr'>q.</span> <span class='ocrx_word' id='word_1_318' title='bbox 425 2649 443 2674; x_wconf 88' lang='lat'>1,</span> <span class='ocrx_word' id='word_1_319' title='bbox 454 2645 500 2666; x_wconf 76' lang='lat' dir='ltr'>ari.</span> <span class='ocrx_word' id='word_1_320' title='bbox 513 2644 541 2672; x_wconf 73' lang='lat'>33</span> <span class='ocrx_word' id='word_1_321' title='bbox 558 2641 647 2672; x_wconf 80' lang='lat' dir='ltr'>steph.</span> <span class='ocrx_word' id='word_1_322' title='bbox 663 2642 765 2673; x_wconf 63' lang='lat' dir='ltr'>Brutos„</span> <span class='ocrx_word' id='word_1_323' title='bbox 778 2643 809 2667; x_wconf 86' lang='lat' dir='ltr'>Ill</span> <span class='ocrx_word' id='word_1_324' title='bbox 824 2644 902 2673; x_wconf 83' lang='lat' dir='ltr'>Seut.,</span> <span class='ocrx_word' id='word_1_325' title='bbox 916 2644 975 2667; x_wconf 85' lang='lat' dir='ltr'>dist.</span> 
     </span>
    </p>
   </div>
   <div class='ocr_carea' id='block_1_4' title="bbox 1743 179 1800 208">
    <p class='ocr_par' dir='ltr' id='par_1_8' title="bbox 1743 179 1800 208">
     <span class='ocr_line' id='line_1_49' title="bbox 1743 179 1800 208; baseline 0.035 -2"><span class='ocrx_word' id='word_1_326' title='bbox 1743 179 1800 208; x_wconf 83' lang='lat'>133</span> 
     </span>
    </p>
   </div>
   <div class='ocr_carea' id='block_1_5' title="bbox 1020 246 1799 389">
    <p class='ocr_par' dir='ltr' id='par_1_9' title="bbox 1020 246 1799 389">
     <span class='ocr_line' id='line_1_50' title="bbox 1020 246 1799 287; baseline -0.004 -10"><span class='ocrx_word' id='word_1_327' title='bbox 1020 247 1147 287; x_wconf 80' lang='lat' dir='ltr'>ponsi03</span> <span class='ocrx_word' id='word_1_328' title='bbox 1166 246 1252 276; x_wconf 83' lang='lat' dir='ltr'>venit</span> <span class='ocrx_word' id='word_1_329' title='bbox 1275 246 1361 276; x_wconf 83' lang='lat' dir='ltr'>enirn</span> <span class='ocrx_word' id='word_1_330' title='bbox 1385 254 1425 275; x_wconf 75' lang='lat' dir='ltr'>ex</span> <span class='ocrx_word' id='word_1_331' title='bbox 1449 246 1647 285; x_wconf 86' lang='lat' dir='ltr'>quadruplici</span> <span class='ocrx_word' id='word_1_332' title='bbox 1682 253 1799 284; x_wconf 84' lang='lat' dir='ltr'>genere</span> 
     </span>
     <span class='ocr_line' id='line_1_51' title="bbox 1021 297 1799 338; baseline -0.003 -8"><span class='ocrx_word' id='word_1_333' title='bbox 1021 309 1125 330; x_wconf 83' lang='lat' dir='ltr'>causae</span> <span class='ocrx_word' id='word_1_334' title='bbox 1137 323 1145 337; x_wconf 92' lang='lat'><strong><em>,</em></strong></span> <span class='ocrx_word' id='word_1_335' title='bbox 1160 300 1240 330; x_wconf 86' lang='lat' dir='ltr'>sicut</span> <span class='ocrx_word' id='word_1_336' title='bbox 1257 299 1445 338; x_wconf 67' lang='lat' dir='ltr'>praedictum</span> <span class='ocrx_word' id='word_1_337' title='bbox 1461 301 1506 328; x_wconf 84' lang='lat' dir='ltr'>est</span> <span class='ocrx_word' id='word_1_338' title='bbox 1523 310 1529 329; x_wconf 76' lang='lat' dir='ltr'>t</span> <span class='ocrx_word' id='word_1_339' title='bbox 1555 308 1613 329; x_wconf 89' lang='lat' dir='ltr'>nec</span> <span class='ocrx_word' id='word_1_340' title='bbox 1627 300 1674 329; x_wconf 83' lang='lat' dir='ltr'>est</span> <span class='ocrx_word' id='word_1_341' title='bbox 1695 297 1799 328; x_wconf 82' lang='lat' dir='ltr'>simile</span> 
     </span>
     <span class='ocr_line' id='line_1_52' title="bbox 1022 348 1794 389; baseline -0.004 -8"><span class='ocrx_word' id='word_1_342' title='bbox 1022 350 1060 381; x_wconf 86' lang='lat' dir='ltr'>de</span> <span class='ocrx_word' id='word_1_343' title='bbox 1074 350 1146 387; x_wconf 85' lang='lat' dir='ltr'>illis,</span> <span class='ocrx_word' id='word_1_344' title='bbox 1161 350 1199 380; x_wconf 88' lang='lat' dir='ltr'>de</span> <span class='ocrx_word' id='word_1_345' title='bbox 1212 350 1328 389; x_wconf 85' lang='lat' dir='ltr'>quibus</span> <span class='ocrx_word' id='word_1_346' title='bbox 1341 349 1446 386; x_wconf 86' lang='lat' dir='ltr'>instat,</span> <span class='ocrx_word' id='word_1_347' title='bbox 1458 349 1539 379; x_wconf 89' lang='lat' dir='ltr'>sicut</span> <span class='ocrx_word' id='word_1_348' title='bbox 1553 350 1682 388; x_wconf 82' lang='lat' dir='ltr'>apparet</span> <span class='ocrx_word' id='word_1_349' title='bbox 1697 348 1734 378; x_wconf 83' lang='lat' dir='ltr'>de</span> <span class='ocrx_word' id='word_1_350' title='bbox 1751 356 1794 378; x_wconf 85' lang='lat' dir='ltr'>se.</span> 
     </span>
    </p>
   </div>
   <div class='ocr_carea' id='block_1_6' title="bbox 1277 449 1548 487">
    <p class='ocr_par' dir='ltr' id='par_1_10' title="bbox 1277 449 1548 487">
     <span class='ocr_line' id='line_1_53' title="bbox 1277 449 1548 487; baseline -0.004 -6"><span class='ocrx_word' id='word_1_351' title='bbox 1277 449 1478 487; x_wconf 83' lang='lat' dir='ltr'>QUAESTIO</span> <span class='ocrx_word' id='word_1_352' title='bbox 1506 449 1548 480; x_wconf 91' lang='grc' dir='ltr'>ΙΙ.</span> 
     </span>
    </p>
   </div>
   <div class='ocr_carea' id='block_1_7' title="bbox 1113 538 1706 574">
    <p class='ocr_par' dir='ltr' id='par_1_11' title="bbox 1113 538 1706 574">
     <span class='ocr_line' id='line_1_54' title="bbox 1113 538 1706 574; baseline -0.005 -7"><span class='ocrx_word' id='word_1_353' title='bbox 1113 540 1157 567; x_wconf 78' lang='lat' dir='ltr'>An</span> <span class='ocrx_word' id='word_1_354' title='bbox 1172 540 1241 567; x_wconf 79' lang='lat' dir='ltr'>dona</span> <span class='ocrx_word' id='word_1_355' title='bbox 1256 540 1375 574; x_wconf 76' lang='lat' dir='ltr'>Spiritus</span> <span class='ocrx_word' id='word_1_356' title='bbox 1390 540 1477 566; x_wconf 79' lang='lat' dir='ltr'>sancti</span> <span class='ocrx_word' id='word_1_357' title='bbox 1489 540 1542 565; x_wconf 73' lang='lat' dir='ltr'>sint</span> <span class='ocrx_word' id='word_1_358' title='bbox 1557 546 1673 565; x_wconf 68' lang='lat' dir='ltr'>connexa</span> <span class='ocrx_word' id='word_1_359' title='bbox 1688 538 1706 564; x_wconf 84' lang='lat'>¹.</span> 
     </span>
    </p>
   </div>
   <div class='ocr_carea' id='block_1_8' title="bbox 1023 617 1802 2513">
    <p class='ocr_par' dir='ltr' id='par_1_12' title="bbox 1023 617 1800 1126">
     <span class='ocr_line' id='line_1_55' title="bbox 1064 617 1798 657; baseline -0.004 -7"><span class='ocrx_word' id='word_1_360' title='bbox 1064 620 1107 650; x_wconf 89' lang='lat' dir='ltr'>De</span> <span class='ocrx_word' id='word_1_361' title='bbox 1119 619 1316 650; x_wconf 75' lang='lat' dir='ltr'>connexione</span> <span class='ocrx_word' id='word_1_362' title='bbox 1327 619 1497 655; x_wconf 87' lang='lat' dir='ltr'>donorum,</span> <span class='ocrx_word' id='word_1_363' title='bbox 1513 620 1624 648; x_wconf 77' lang='lat' dir='ltr'>utrum</span> <span class='ocrx_word' id='word_1_364' title='bbox 1634 618 1717 648; x_wconf 89' lang='lat' dir='ltr'>dona</span> <span class='ocrx_word' id='word_1_365' title='bbox 1732 618 1752 648; x_wconf 90' lang='lat' dir='ltr'>S</span> <span class='ocrx_word' id='word_1_366' title='bbox 1756 617 1798 657; x_wconf 94' lang='lat' dir='ltr'>pi-</span> 
     </span>
     <span class='ocr_line' id='line_1_56' title="bbox 1023 671 1796 710; baseline -0.003 -7"><span class='ocrx_word' id='word_1_367' title='bbox 1023 674 1104 703; x_wconf 88' lang='lat' dir='ltr'>ritus</span> <span class='ocrx_word' id='word_1_368' title='bbox 1119 672 1217 703; x_wconf 82' lang='lat' dir='ltr'>suncti</span> <span class='ocrx_word' id='word_1_369' title='bbox 1233 673 1294 702; x_wconf 91' lang='lat' dir='ltr'>sint</span> <span class='ocrx_word' id='word_1_370' title='bbox 1309 681 1469 708; x_wconf 80' lang='lat' dir='ltr'>connexa;</span> <span class='ocrx_word' id='word_1_371' title='bbox 1486 674 1516 701; x_wconf 86' lang='lat' dir='ltr'>et</span> <span class='ocrx_word' id='word_1_372' title='bbox 1531 671 1615 710; x_wconf 88' lang='lat' dir='ltr'>quod</span> <span class='ocrx_word' id='word_1_373' title='bbox 1630 671 1673 700; x_wconf 87' lang='lat' dir='ltr'>sic</span> <span class='ocrx_word' id='word_1_374' title='bbox 1683 694 1691 708; x_wconf 87' lang='lat'><strong><em>,</em></strong></span> <span class='ocrx_word' id='word_1_375' title='bbox 1708 671 1796 701; x_wconf 87' lang='lat' dir='ltr'>vide-</span> 
     </span>
     <span class='ocr_line' id='line_1_57' title="bbox 1024 724 1799 765; baseline -0.005 -9"><span class='ocrx_word' id='word_1_376' title='bbox 1024 729 1076 756; x_wconf 89' lang='lat' dir='ltr'>tur</span> <span class='ocrx_word' id='word_1_377' title='bbox 1092 726 1207 765; x_wconf 78' lang='lat' dir='ltr'>primo⁷</span> <span class='ocrx_word' id='word_1_378' title='bbox 1225 725 1299 764; x_wconf 85' lang='lat' dir='ltr'>quia</span> <span class='ocrx_word' id='word_1_379' title='bbox 1313 726 1394 755; x_wconf 85' lang='lat' dir='ltr'>sicut</span> <span class='ocrx_word' id='word_1_380' title='bbox 1406 725 1535 755; x_wconf 88' lang='lat' dir='ltr'>habitus</span> <span class='ocrx_word' id='word_1_381' title='bbox 1550 724 1708 754; x_wconf 85' lang='lat' dir='ltr'>virtutum</span> <span class='ocrx_word' id='word_1_382' title='bbox 1725 725 1799 753; x_wconf 91' lang='lat' dir='ltr'>sunt</span> 
     </span>
     <span class='ocr_line' id='line_1_58' title="bbox 1024 777 1799 818; baseline -0.004 -9"><span class='ocrx_word' id='word_1_383' title='bbox 1024 779 1156 818; x_wconf 84' lang='lat' dir='ltr'>gratuiti</span> <span class='ocrx_word' id='word_1_384' title='bbox 1173 803 1180 816; x_wconf 91' lang='lat'>‚</span> <span class='ocrx_word' id='word_1_385' title='bbox 1201 781 1231 809; x_wconf 92' lang='lat' dir='ltr'>et</span> <span class='ocrx_word' id='word_1_386' title='bbox 1254 779 1428 818; x_wconf 88' lang='lat' dir='ltr'>procedunt</span> <span class='ocrx_word' id='word_1_387' title='bbox 1452 787 1491 807; x_wconf 77' lang='lat' dir='ltr'>ex</span> <span class='ocrx_word' id='word_1_388' title='bbox 1520 786 1654 807; x_wconf 88' lang='lat' dir='ltr'>munere</span> <span class='ocrx_word' id='word_1_389' title='bbox 1679 777 1799 807; x_wconf 78' lang='lat' dir='ltr'>divinae</span> 
     </span>
     <span class='ocr_line' id='line_1_59' title="bbox 1024 830 1799 870; baseline -0.003 -9"><span class='ocrx_word' id='word_1_390' title='bbox 1024 832 1178 870; x_wconf 82' lang='lat' dir='ltr'>largitatis</span> <span class='ocrx_word' id='word_1_391' title='bbox 1194 855 1203 868; x_wconf 86' lang='lat'><em>,</em></span> <span class='ocrx_word' id='word_1_392' title='bbox 1229 832 1272 860; x_wconf 90' lang='lat' dir='ltr'>sic</span> <span class='ocrx_word' id='word_1_393' title='bbox 1299 833 1329 861; x_wconf 90' lang='lat' dir='ltr'>et</span> <span class='ocrx_word' id='word_1_394' title='bbox 1356 831 1484 860; x_wconf 89' lang='lat' dir='ltr'>habitus</span> <span class='ocrx_word' id='word_1_395' title='bbox 1511 830 1668 860; x_wconf 86' lang='lat' dir='ltr'>donorum</span> <span class='ocrx_word' id='word_1_396' title='bbox 1687 840 1693 860; x_wconf 90' lang='lat'>:</span> <span class='ocrx_word' id='word_1_397' title='bbox 1725 839 1799 859; x_wconf 89' lang='lat' dir='ltr'>cum</span> 
     </span>
     <span class='ocr_line' id='line_1_60' title="bbox 1025 883 1795 923; baseline -0.003 -9"><span class='ocrx_word' id='word_1_398' title='bbox 1025 894 1104 923; x_wconf 83' lang='lat' dir='ltr'>ergo</span> <span class='ocrx_word' id='word_1_399' title='bbox 1118 886 1246 923; x_wconf 81' lang='lat' dir='ltr'>propter</span> <span class='ocrx_word' id='word_1_400' title='bbox 1266 884 1421 913; x_wconf 86' lang='lat' dir='ltr'>unitatem</span> <span class='ocrx_word' id='word_1_401' title='bbox 1439 883 1551 921; x_wconf 62' lang='lat' dir='ltr'>gratiae</span> <span class='ocrx_word' id='word_1_402' title='bbox 1574 883 1795 920; x_wconf 83' lang='lat' dir='ltr'>informantis,</span> 
     </span>
     <span class='ocr_line' id='line_1_61' title="bbox 1025 936 1797 975; baseline -0.004 -7"><span class='ocrx_word' id='word_1_403' title='bbox 1025 940 1055 968; x_wconf 84' lang='lat' dir='ltr'>et</span> <span class='ocrx_word' id='word_1_404' title='bbox 1071 937 1321 967; x_wconf 81' lang='lat' dir='ltr'>munificentiam</span> <span class='ocrx_word' id='word_1_405' title='bbox 1336 936 1493 975; x_wconf 81' lang='lat' dir='ltr'>largitatis</span> <span class='ocrx_word' id='word_1_406' title='bbox 1508 936 1728 975; x_wconf 82' lang='lat' dir='ltr'>dispensantis,</span> <span class='ocrx_word' id='word_1_407' title='bbox 1745 945 1797 974; x_wconf 91' lang='lat' dir='ltr'>po-</span> 
     </span>
     <span class='ocr_line' id='line_1_62' title="bbox 1026 989 1798 1027; baseline -0.003 -7"><span class='ocrx_word' id='word_1_408' title='bbox 1026 993 1120 1020; x_wconf 87' lang='lat' dir='ltr'>natur</span> <span class='ocrx_word' id='word_1_409' title='bbox 1135 990 1290 1020; x_wconf 78' lang='lat' dir='ltr'>connexio</span> <span class='ocrx_word' id='word_1_410' title='bbox 1311 990 1343 1019; x_wconf 90' lang='lat' dir='ltr'>in</span> <span class='ocrx_word' id='word_1_411' title='bbox 1366 989 1538 1019; x_wconf 87' lang='lat' dir='ltr'>virtutibus</span> <span class='ocrx_word' id='word_1_412' title='bbox 1559 989 1708 1027; x_wconf 83' lang='lat' dir='ltr'>gratuitis</span> <span class='ocrx_word' id='word_1_413' title='bbox 1721 1012 1728 1026; x_wconf 88' lang='lat'>‚</span> <span class='ocrx_word' id='word_1_414' title='bbox 1745 998 1798 1018; x_wconf 84' lang='lat' dir='ltr'>ea-</span> 
     </span>
     <span class='ocr_line' id='line_1_63' title="bbox 1025 1041 1800 1082; baseline -0.003 -9"><span class='ocrx_word' id='word_1_415' title='bbox 1025 1043 1097 1074; x_wconf 90' lang='lat' dir='ltr'>dem</span> <span class='ocrx_word' id='word_1_416' title='bbox 1126 1043 1249 1073; x_wconf 84' lang='lat' dir='ltr'>ratione</span> <span class='ocrx_word' id='word_1_417' title='bbox 1272 1042 1398 1073; x_wconf 83' lang='lat' dir='ltr'>videtur</span> <span class='ocrx_word' id='word_1_418' title='bbox 1422 1042 1505 1082; x_wconf 90' lang='lat' dir='ltr'>quod</span> <span class='ocrx_word' id='word_1_419' title='bbox 1530 1041 1675 1082; x_wconf 81' lang='lat' dir='ltr'>ponenda</span> <span class='ocrx_word' id='word_1_420' title='bbox 1698 1043 1744 1072; x_wconf 88' lang='lat' dir='ltr'>est</span> <span class='ocrx_word' id='word_1_421' title='bbox 1767 1041 1800 1071; x_wconf 91' lang='lat' dir='ltr'>in</span> 
     </span>
     <span class='ocr_line' id='line_1_64' title="bbox 1026 1096 1128 1126; baseline 0 0"><span class='ocrx_word' id='word_1_422' title='bbox 1026 1096 1128 1126; x_wconf 82' lang='lat' dir='ltr'>donis.</span> 
     </span>
    </p>

    <p class='ocr_par' dir='ltr' id='par_1_13' title="bbox 1027 1146 1802 1497">
     <span class='ocr_line' id='line_1_65' title="bbox 1068 1146 1799 1186; baseline -0.004 -7"><span class='ocrx_word' id='word_1_423' title='bbox 1068 1149 1144 1179; x_wconf 89' lang='lat' dir='ltr'>Item</span> <span class='ocrx_word' id='word_1_424' title='bbox 1156 1172 1165 1186; x_wconf 80' lang='grc'>,</span> <span class='ocrx_word' id='word_1_425' title='bbox 1182 1148 1263 1178; x_wconf 85' lang='lat' dir='ltr'>sicut</span> <span class='ocrx_word' id='word_1_426' title='bbox 1285 1157 1350 1178; x_wconf 82' lang='lat' dir='ltr'>nna</span> <span class='ocrx_word' id='word_1_427' title='bbox 1364 1147 1467 1178; x_wconf 89' lang='lat' dir='ltr'>virtus</span> <span class='ocrx_word' id='word_1_428' title='bbox 1487 1147 1576 1177; x_wconf 89' lang='lat' dir='ltr'>alteri</span> <span class='ocrx_word' id='word_1_429' title='bbox 1596 1146 1799 1177; x_wconf 76' lang='lat' dir='ltr'>adminicula-</span> 
     </span>
     <span class='ocr_line' id='line_1_66' title="bbox 1027 1200 1800 1240; baseline -0.004 -7"><span class='ocrx_word' id='word_1_430' title='bbox 1027 1204 1080 1233; x_wconf 85' lang='lat' dir='ltr'>tur</span> <span class='ocrx_word' id='word_1_431' title='bbox 1092 1227 1099 1240; x_wconf 81' lang='lat'>,</span> <span class='ocrx_word' id='word_1_432' title='bbox 1116 1204 1147 1232; x_wconf 86' lang='lat' dir='ltr'>et</span> <span class='ocrx_word' id='word_1_433' title='bbox 1162 1211 1232 1232; x_wconf 87' lang='lat' dir='ltr'>eam</span> <span class='ocrx_word' id='word_1_434' title='bbox 1252 1201 1382 1240; x_wconf 81' lang='lat' dir='ltr'>adjuvat</span> <span class='ocrx_word' id='word_1_435' title='bbox 1403 1201 1435 1230; x_wconf 92' lang='lat' dir='ltr'>in</span> <span class='ocrx_word' id='word_1_436' title='bbox 1451 1203 1523 1231; x_wconf 83' lang='lat' dir='ltr'>actu</span> <span class='ocrx_word' id='word_1_437' title='bbox 1542 1209 1601 1230; x_wconf 87' lang='grc'><strong>5110</strong></span> <span class='ocrx_word' id='word_1_438' title='bbox 1614 1224 1621 1237; x_wconf 89' lang='grc'>,</span> <span class='ocrx_word' id='word_1_439' title='bbox 1639 1200 1682 1230; x_wconf 87' lang='lat' dir='ltr'>sic</span> <span class='ocrx_word' id='word_1_440' title='bbox 1697 1210 1800 1230; x_wconf 86' lang='lat' dir='ltr'>unum</span> 
     </span>
     <span class='ocr_line' id='line_1_67' title="bbox 1028 1254 1801 1293; baseline -0.004 -7"><span class='ocrx_word' id='word_1_441' title='bbox 1028 1256 1147 1286; x_wconf 87' lang='lat' dir='ltr'>donum</span> <span class='ocrx_word' id='word_1_442' title='bbox 1163 1264 1194 1285; x_wconf 89' lang='lat' dir='ltr'>se</span> <span class='ocrx_word' id='word_1_443' title='bbox 1208 1255 1303 1285; x_wconf 85' lang='lat' dir='ltr'>habet</span> <span class='ocrx_word' id='word_1_444' title='bbox 1319 1256 1462 1293; x_wconf 82' lang='lat' dir='ltr'>respectu</span> <span class='ocrx_word' id='word_1_445' title='bbox 1477 1254 1607 1284; x_wconf 86' lang='lat' dir='ltr'>alterius</span> <span class='ocrx_word' id='word_1_446' title='bbox 1625 1265 1631 1283; x_wconf 90' lang='lat'>:</span> <span class='ocrx_word' id='word_1_447' title='bbox 1650 1263 1728 1292; x_wconf 87' lang='lat' dir='ltr'>ergo</span> <span class='ocrx_word' id='word_1_448' title='bbox 1738 1263 1801 1293; x_wconf 79' lang='lat' dir='ltr'>qua</span> 
     </span>
     <span class='ocr_line' id='line_1_68' title="bbox 1028 1307 1798 1346; baseline -0.003 -8"><span class='ocrx_word' id='word_1_449' title='bbox 1028 1309 1150 1338; x_wconf 88' lang='lat' dir='ltr'>ratione</span> <span class='ocrx_word' id='word_1_450' title='bbox 1166 1317 1230 1338; x_wconf 88' lang='lat' dir='ltr'>una</span> <span class='ocrx_word' id='word_1_451' title='bbox 1242 1308 1344 1338; x_wconf 90' lang='lat' dir='ltr'>virtus</span> <span class='ocrx_word' id='word_1_452' title='bbox 1360 1307 1480 1345; x_wconf 78' lang='lat' dir='ltr'>indiget</span> <span class='ocrx_word' id='word_1_453' title='bbox 1495 1307 1603 1344; x_wconf 79' lang='lat' dir='ltr'>altera,</span> <span class='ocrx_word' id='word_1_454' title='bbox 1621 1308 1651 1337; x_wconf 87' lang='lat' dir='ltr'>et</span> <span class='ocrx_word' id='word_1_455' title='bbox 1666 1316 1730 1336; x_wconf 87' lang='lat' dir='ltr'>non</span> <span class='ocrx_word' id='word_1_456' title='bbox 1742 1315 1798 1346; x_wconf 92' lang='lat' dir='ltr'>po-</span> 
     </span>
     <span class='ocr_line' id='line_1_69' title="bbox 1027 1359 1801 1400; baseline -0.004 -8"><span class='ocrx_word' id='word_1_457' title='bbox 1027 1363 1088 1392; x_wconf 89' lang='lat' dir='ltr'>test</span> <span class='ocrx_word' id='word_1_458' title='bbox 1109 1362 1148 1391; x_wconf 88' lang='lat' dir='ltr'>ab</span> <span class='ocrx_word' id='word_1_459' title='bbox 1166 1370 1202 1391; x_wconf 87' lang='lat' dir='ltr'>ea</span> <span class='ocrx_word' id='word_1_460' title='bbox 1219 1360 1374 1400; x_wconf 82' lang='lat' dir='ltr'>separari,</span> <span class='ocrx_word' id='word_1_461' title='bbox 1399 1360 1508 1390; x_wconf 86' lang='lat' dir='ltr'>eadem</span> <span class='ocrx_word' id='word_1_462' title='bbox 1530 1360 1651 1390; x_wconf 89' lang='lat' dir='ltr'>ratione</span> <span class='ocrx_word' id='word_1_463' title='bbox 1675 1359 1801 1389; x_wconf 87' lang='lat' dir='ltr'>videtur</span> 
     </span>
     <span class='ocr_line' id='line_1_70' title="bbox 1027 1411 1802 1444; baseline -0.003 0"><span class='ocrx_word' id='word_1_464' title='bbox 1027 1414 1242 1444; x_wconf 83' lang='lat' dir='ltr'>necessarium</span> <span class='ocrx_word' id='word_1_465' title='bbox 1257 1422 1324 1443; x_wconf 89' lang='lat' dir='ltr'>esse</span> <span class='ocrx_word' id='word_1_466' title='bbox 1339 1422 1442 1443; x_wconf 91' lang='lat' dir='ltr'>unum</span> <span class='ocrx_word' id='word_1_467' title='bbox 1462 1413 1583 1443; x_wconf 91' lang='lat' dir='ltr'>donum</span> <span class='ocrx_word' id='word_1_468' title='bbox 1604 1412 1747 1443; x_wconf 87' lang='lat' dir='ltr'>connecti</span> <span class='ocrx_word' id='word_1_469' title='bbox 1759 1411 1802 1442; x_wconf 82' lang='lat' dir='ltr'>al-</span> 
     </span>
     <span class='ocr_line' id='line_1_71' title="bbox 1030 1467 1100 1497; baseline -0.014 0"><span class='ocrx_word' id='word_1_470' title='bbox 1030 1467 1100 1497; x_wconf 89' lang='lat' dir='ltr'>teri.</span> 
     </span>
    </p>

    <p class='ocr_par' dir='ltr' id='par_1_14' title="bbox 1026 1518 1801 2082">
     <span class='ocr_line' id='line_1_72' title="bbox 1069 1518 1801 1558; baseline -0.003 -8"><span class='ocrx_word' id='word_1_471' title='bbox 1069 1520 1158 1557; x_wconf 82' lang='lat' dir='ltr'>Item,</span> <span class='ocrx_word' id='word_1_472' title='bbox 1174 1519 1368 1558; x_wconf 88' lang='lat' dir='ltr'>quicumque</span> <span class='ocrx_word' id='word_1_473' title='bbox 1379 1519 1474 1549; x_wconf 86' lang='lat' dir='ltr'>habet</span> <span class='ocrx_word' id='word_1_474' title='bbox 1488 1518 1687 1555; x_wconf 82' lang='lat' dir='ltr'>charitatem,</span> <span class='ocrx_word' id='word_1_475' title='bbox 1705 1518 1801 1549; x_wconf 84' lang='lat' dir='ltr'>habet</span> 
     </span>
     <span class='ocr_line' id='line_1_73' title="bbox 1027 1571 1800 1612; baseline -0.001 -10"><span class='ocrx_word' id='word_1_476' title='bbox 1027 1572 1112 1602; x_wconf 89' lang='lat' dir='ltr'>unde</span> <span class='ocrx_word' id='word_1_477' title='bbox 1137 1572 1235 1612; x_wconf 86' lang='lat' dir='ltr'>possit</span> <span class='ocrx_word' id='word_1_478' title='bbox 1258 1571 1420 1609; x_wconf 86' lang='lat' dir='ltr'>delectari,</span> <span class='ocrx_word' id='word_1_479' title='bbox 1439 1573 1469 1601; x_wconf 83' lang='lat' dir='ltr'>et</span> <span class='ocrx_word' id='word_1_480' title='bbox 1494 1573 1626 1610; x_wconf 85' lang='lat' dir='ltr'>gustare</span> <span class='ocrx_word' id='word_1_481' title='bbox 1647 1571 1800 1611; x_wconf 88' lang='lat' dir='ltr'>quoniam</span> 
     </span>
     <span class='ocr_line' id='line_1_74' title="bbox 1027 1624 1799 1663; baseline -0.003 -7"><span class='ocrx_word' id='word_1_482' title='bbox 1027 1626 1136 1656; x_wconf 87' lang='lat' dir='ltr'>suavis</span> <span class='ocrx_word' id='word_1_483' title='bbox 1160 1628 1206 1656; x_wconf 87' lang='lat' dir='ltr'>est</span> <span class='ocrx_word' id='word_1_484' title='bbox 1226 1625 1380 1655; x_wconf 89' lang='lat' dir='ltr'>Dominus</span> <span class='ocrx_word' id='word_1_485' title='bbox 1398 1635 1403 1654; x_wconf 92' lang='lat'>:</span> <span class='ocrx_word' id='word_1_486' title='bbox 1427 1625 1480 1655; x_wconf 91' lang='lat' dir='ltr'>sed</span> <span class='ocrx_word' id='word_1_487' title='bbox 1501 1624 1621 1655; x_wconf 90' lang='lat' dir='ltr'>donum</span> <span class='ocrx_word' id='word_1_488' title='bbox 1636 1624 1799 1663; x_wconf 67' lang='lat' dir='ltr'>sapientiae</span> 
     </span>
     <span class='ocr_line' id='line_1_75' title="bbox 1027 1677 1797 1717; baseline -0.003 -8"><span class='ocrx_word' id='word_1_489' title='bbox 1027 1679 1166 1710; x_wconf 89' lang='lat' dir='ltr'>consistit</span> <span class='ocrx_word' id='word_1_490' title='bbox 1185 1678 1217 1708; x_wconf 92' lang='lat' dir='ltr'>in</span> <span class='ocrx_word' id='word_1_491' title='bbox 1236 1681 1335 1717; x_wconf 87' lang='lat' dir='ltr'>gustu</span> <span class='ocrx_word' id='word_1_492' title='bbox 1349 1678 1433 1708; x_wconf 92' lang='lat' dir='ltr'>illius</span> <span class='ocrx_word' id='word_1_493' title='bbox 1448 1687 1583 1708; x_wconf 89' lang='lat' dir='ltr'>summae</span> <span class='ocrx_word' id='word_1_494' title='bbox 1602 1677 1797 1708; x_wconf 86' lang='lat' dir='ltr'>dulcedinis:</span> 
     </span>
     <span class='ocr_line' id='line_1_76' title="bbox 1026 1730 1800 1772; baseline -0.003 -10"><span class='ocrx_word' id='word_1_495' title='bbox 1026 1733 1125 1772; x_wconf 83' lang='lat' dir='ltr'>igitur</span> <span class='ocrx_word' id='word_1_496' title='bbox 1139 1732 1334 1772; x_wconf 88' lang='lat' dir='ltr'>quicumque</span> <span class='ocrx_word' id='word_1_497' title='bbox 1357 1731 1452 1761; x_wconf 81' lang='lat' dir='ltr'>habet</span> <span class='ocrx_word' id='word_1_498' title='bbox 1470 1731 1656 1761; x_wconf 84' lang='lat' dir='ltr'>charitatem</span> <span class='ocrx_word' id='word_1_499' title='bbox 1671 1754 1678 1768; x_wconf 89' lang='lat'><strong>‚</strong></span> <span class='ocrx_word' id='word_1_500' title='bbox 1704 1730 1800 1761; x_wconf 86' lang='lat' dir='ltr'>habet</span> 
     </span>
     <span class='ocr_line' id='line_1_77' title="bbox 1027 1783 1800 1825; baseline -0.004 -9"><span class='ocrx_word' id='word_1_501' title='bbox 1027 1786 1147 1817; x_wconf 88' lang='lat' dir='ltr'>donum</span> <span class='ocrx_word' id='word_1_502' title='bbox 1162 1785 1324 1825; x_wconf 72' lang='lat' dir='ltr'>sapientiae</span> <span class='ocrx_word' id='word_1_503' title='bbox 1342 1796 1348 1814; x_wconf 84' lang='lat' dir='ltr'>z</span> <span class='ocrx_word' id='word_1_504' title='bbox 1366 1785 1419 1815; x_wconf 87' lang='lat' dir='ltr'>sed</span> <span class='ocrx_word' id='word_1_505' title='bbox 1440 1785 1560 1815; x_wconf 91' lang='lat' dir='ltr'>donum</span> <span class='ocrx_word' id='word_1_506' title='bbox 1575 1783 1738 1823; x_wconf 80' lang='lat' dir='ltr'>sapientiae</span> <span class='ocrx_word' id='word_1_507' title='bbox 1754 1786 1800 1814; x_wconf 91' lang='lat' dir='ltr'>est</span> 
     </span>
     <span class='ocr_line' id='line_1_78' title="bbox 1027 1837 1799 1879; baseline -0.004 -9"><span class='ocrx_word' id='word_1_508' title='bbox 1027 1848 1214 1879; x_wconf 89' lang='lat' dir='ltr'>supremum</span> <span class='ocrx_word' id='word_1_509' title='bbox 1229 1839 1310 1868; x_wconf 89' lang='lat' dir='ltr'>inter</span> <span class='ocrx_word' id='word_1_510' title='bbox 1326 1838 1434 1868; x_wconf 89' lang='lat' dir='ltr'>omnia</span> <span class='ocrx_word' id='word_1_511' title='bbox 1448 1837 1547 1875; x_wconf 81' lang='lat' dir='ltr'>dona,</span> <span class='ocrx_word' id='word_1_512' title='bbox 1564 1839 1595 1867; x_wconf 90' lang='lat' dir='ltr'>et</span> <span class='ocrx_word' id='word_1_513' title='bbox 1613 1846 1799 1876; x_wconf 64' lang='lat' dir='ltr'>praesuppo—</span> 
     </span>
     <span class='ocr_line' id='line_1_79' title="bbox 1027 1891 1798 1930; baseline -0.004 -7"><span class='ocrx_word' id='word_1_514' title='bbox 1027 1893 1073 1923; x_wconf 88' lang='lat' dir='ltr'>nit</span> <span class='ocrx_word' id='word_1_515' title='bbox 1089 1892 1197 1923; x_wconf 85' lang='lat' dir='ltr'>omnia</span> <span class='ocrx_word' id='word_1_516' title='bbox 1212 1892 1295 1922; x_wconf 89' lang='lat' dir='ltr'>dona</span> <span class='ocrx_word' id='word_1_517' title='bbox 1313 1891 1463 1921; x_wconf 83' lang='lat' dir='ltr'>inferiora</span> <span class='ocrx_word' id='word_1_518' title='bbox 1480 1901 1486 1920; x_wconf 87' lang='lat'>:</span> <span class='ocrx_word' id='word_1_519' title='bbox 1508 1900 1587 1929; x_wconf 83' lang='lat' dir='ltr'>ergo</span> <span class='ocrx_word' id='word_1_520' title='bbox 1604 1891 1798 1930; x_wconf 86' lang='lat' dir='ltr'>quicumque</span> 
     </span>
     <span class='ocr_line' id='line_1_80' title="bbox 1027 1944 1797 1984; baseline -0.003 -8"><span class='ocrx_word' id='word_1_521' title='bbox 1027 1946 1123 1976; x_wconf 86' lang='lat' dir='ltr'>habet</span> <span class='ocrx_word' id='word_1_522' title='bbox 1152 1945 1338 1976; x_wconf 86' lang='lat' dir='ltr'>charitatem</span> <span class='ocrx_word' id='word_1_523' title='bbox 1353 1968 1362 1982; x_wconf 85' lang='lat'><em>,</em></span> <span class='ocrx_word' id='word_1_524' title='bbox 1393 1944 1489 1974; x_wconf 87' lang='lat' dir='ltr'>habet</span> <span class='ocrx_word' id='word_1_525' title='bbox 1523 1944 1631 1975; x_wconf 89' lang='lat' dir='ltr'>omnia</span> <span class='ocrx_word' id='word_1_526' title='bbox 1663 1944 1797 1984; x_wconf 84' lang='lat' dir='ltr'>Spiritus</span> 
     </span>
     <span class='ocr_line' id='line_1_81' title="bbox 1027 1997 1797 2039; baseline -0.001 -10"><span class='ocrx_word' id='word_1_527' title='bbox 1027 1999 1125 2029; x_wconf 85' lang='lat' dir='ltr'>sancti</span> <span class='ocrx_word' id='word_1_528' title='bbox 1152 1999 1257 2029; x_wconf 82' lang='lat' dir='ltr'>dona:</span> <span class='ocrx_word' id='word_1_529' title='bbox 1282 2007 1359 2037; x_wconf 86' lang='lat' dir='ltr'>ergo</span> <span class='ocrx_word' id='word_1_530' title='bbox 1374 1998 1502 2029; x_wconf 85' lang='lat' dir='ltr'>videtur</span> <span class='ocrx_word' id='word_1_531' title='bbox 1523 1997 1610 2039; x_wconf 77' lang='lat' dir='ltr'>quod</span> <span class='ocrx_word' id='word_1_532' title='bbox 1628 1998 1711 2028; x_wconf 81' lang='lat' dir='ltr'>dona</span> <span class='ocrx_word' id='word_1_533' title='bbox 1735 1998 1797 2028; x_wconf 89' lang='lat' dir='ltr'>sint</span> 
     </span>
     <span class='ocr_line' id='line_1_82' title="bbox 1027 2061 1180 2082; baseline 0 0"><span class='ocrx_word' id='word_1_534' title='bbox 1027 2061 1180 2082; x_wconf 79' lang='lat' dir='ltr'>connexa.</span> 
     </span>
    </p>

    <p class='ocr_par' dir='ltr' id='par_1_15' title="bbox 1028 2103 1801 2459">
     <span class='ocr_line' id='line_1_83' title="bbox 1068 2103 1798 2144; baseline 0.001 -9"><span class='ocrx_word' id='word_1_535' title='bbox 1068 2105 1156 2142; x_wconf 86' lang='lat' dir='ltr'>Item,</span> <span class='ocrx_word' id='word_1_536' title='bbox 1174 2104 1290 2144; x_wconf 86' lang='lat' dir='ltr'>aliquis</span> <span class='ocrx_word' id='word_1_537' title='bbox 1307 2103 1404 2134; x_wconf 90' lang='lat' dir='ltr'>homo</span> <span class='ocrx_word' id='word_1_538' title='bbox 1419 2104 1558 2134; x_wconf 81' lang='lat' dir='ltr'>existens</span> <span class='ocrx_word' id='word_1_539' title='bbox 1574 2104 1607 2134; x_wconf 93' lang='lat' dir='ltr'>in</span> <span class='ocrx_word' id='word_1_540' title='bbox 1619 2104 1741 2143; x_wconf 79' lang='lat' dir='ltr'>gratia,</span> <span class='ocrx_word' id='word_1_541' title='bbox 1759 2113 1798 2136; x_wconf 77' lang='lat' dir='ltr'>ex</span> 
     </span>
     <span class='ocr_line' id='line_1_84' title="bbox 1029 2154 1800 2196; baseline -0.001 -10"><span class='ocrx_word' id='word_1_542' title='bbox 1029 2157 1095 2196; x_wconf 89' lang='lat' dir='ltr'>ipso</span> <span class='ocrx_word' id='word_1_543' title='bbox 1124 2156 1226 2195; x_wconf 89' lang='lat' dir='ltr'>primo</span> <span class='ocrx_word' id='word_1_544' title='bbox 1257 2164 1389 2185; x_wconf 87' lang='lat' dir='ltr'>munere</span> <span class='ocrx_word' id='word_1_545' title='bbox 1411 2155 1544 2194; x_wconf 83' lang='lat' dir='ltr'>gratiae,</span> <span class='ocrx_word' id='word_1_546' title='bbox 1569 2154 1637 2185; x_wconf 90' lang='lat' dir='ltr'>sive</span> <span class='ocrx_word' id='word_1_547' title='bbox 1671 2155 1800 2186; x_wconf 82' lang='lat' dir='ltr'>alterius</span> 
     </span>
     <span class='ocr_line' id='line_1_85' title="bbox 1029 2208 1800 2248; baseline -0.001 -8"><span class='ocrx_word' id='word_1_548' title='bbox 1029 2209 1102 2240; x_wconf 92' lang='lat' dir='ltr'>doni</span> <span class='ocrx_word' id='word_1_549' title='bbox 1126 2208 1321 2248; x_wconf 82' lang='lat' dir='ltr'>appositione</span> <span class='ocrx_word' id='word_1_550' title='bbox 1341 2210 1441 2247; x_wconf 88' lang='lat' dir='ltr'>potest</span> <span class='ocrx_word' id='word_1_551' title='bbox 1460 2208 1626 2247; x_wconf 88' lang='lat' dir='ltr'>pervenire</span> <span class='ocrx_word' id='word_1_552' title='bbox 1652 2208 1690 2238; x_wconf 83' lang='lat' dir='ltr'>ad</span> <span class='ocrx_word' id='word_1_553' title='bbox 1719 2208 1800 2239; x_wconf 90' lang='lat' dir='ltr'>salu-</span> 
     </span>
     <span class='ocr_line' id='line_1_86' title="bbox 1028 2261 1801 2300; baseline -0.001 -7"><span class='ocrx_word' id='word_1_554' title='bbox 1028 2264 1092 2293; x_wconf 86' lang='lat' dir='ltr'>tem</span> <span class='ocrx_word' id='word_1_555' title='bbox 1105 2273 1111 2292; x_wconf 79' lang='lat' dir='ltr'>z</span> <span class='ocrx_word' id='word_1_556' title='bbox 1127 2270 1204 2300; x_wconf 87' lang='lat' dir='ltr'>ergo</span> <span class='ocrx_word' id='word_1_557' title='bbox 1220 2261 1346 2291; x_wconf 90' lang='lat' dir='ltr'>videtur</span> <span class='ocrx_word' id='word_1_558' title='bbox 1360 2261 1445 2300; x_wconf 90' lang='lat' dir='ltr'>quod</span> <span class='ocrx_word' id='word_1_559' title='bbox 1462 2261 1560 2300; x_wconf 84' lang='lat' dir='ltr'>possit</span> <span class='ocrx_word' id='word_1_560' title='bbox 1576 2261 1609 2291; x_wconf 92' lang='lat' dir='ltr'>in</span> <span class='ocrx_word' id='word_1_561' title='bbox 1623 2270 1684 2291; x_wconf 89' lang='lat' dir='ltr'>usu</span> <span class='ocrx_word' id='word_1_562' title='bbox 1699 2261 1801 2292; x_wconf 91' lang='lat' dir='ltr'>dono-</span> 
     </span>
     <span class='ocr_line' id='line_1_87' title="bbox 1028 2312 1800 2351; baseline -0.003 -7"><span class='ocrx_word' id='word_1_563' title='bbox 1028 2323 1102 2344; x_wconf 93' lang='lat' dir='ltr'>rum</span> <span class='ocrx_word' id='word_1_564' title='bbox 1124 2315 1154 2343; x_wconf 91' lang='lat' dir='ltr'>et</span> <span class='ocrx_word' id='word_1_565' title='bbox 1182 2312 1294 2351; x_wconf 77' lang='lat' dir='ltr'>gratiae</span> <span class='ocrx_word' id='word_1_566' title='bbox 1318 2312 1524 2351; x_wconf 88' lang='lat' dir='ltr'>semetipsum</span> <span class='ocrx_word' id='word_1_567' title='bbox 1547 2321 1693 2342; x_wconf 83' lang='lat' dir='ltr'>exercere</span> <span class='ocrx_word' id='word_1_568' title='bbox 1714 2322 1721 2342; x_wconf 91' lang='lat'><strong>:</strong></span> <span class='ocrx_word' id='word_1_569' title='bbox 1746 2312 1800 2343; x_wconf 91' lang='lat' dir='ltr'>sed</span> 
     </span>
     <span class='ocr_line' id='line_1_88' title="bbox 1028 2365 1796 2404; baseline -0.003 -7"><span class='ocrx_word' id='word_1_570' title='bbox 1028 2366 1088 2397; x_wconf 91' lang='lat' dir='ltr'>hoc</span> <span class='ocrx_word' id='word_1_571' title='bbox 1111 2375 1174 2396; x_wconf 91' lang='lat' dir='ltr'>non</span> <span class='ocrx_word' id='word_1_572' title='bbox 1199 2367 1298 2404; x_wconf 83' lang='lat' dir='ltr'>esset,</span> <span class='ocrx_word' id='word_1_573' title='bbox 1316 2365 1376 2396; x_wconf 91' lang='lat' dir='ltr'>nisi</span> <span class='ocrx_word' id='word_1_574' title='bbox 1397 2365 1480 2396; x_wconf 88' lang='lat' dir='ltr'>dona</span> <span class='ocrx_word' id='word_1_575' title='bbox 1501 2367 1603 2396; x_wconf 89' lang='lat' dir='ltr'>essent</span> <span class='ocrx_word' id='word_1_576' title='bbox 1627 2374 1770 2395; x_wconf 78' lang='lat' dir='ltr'>connexa</span> <span class='ocrx_word' id='word_1_577' title='bbox 1790 2376 1796 2395; x_wconf 80' lang='lat' dir='ltr'>z</span> 
     </span>
     <span class='ocr_line' id='line_1_89' title="bbox 1029 2421 1191 2459; baseline -0.006 -9"><span class='ocrx_word' id='word_1_578' title='bbox 1029 2429 1118 2459; x_wconf 85' lang='lat' dir='ltr'>ergo,</span> <span class='ocrx_word' id='word_1_579' title='bbox 1133 2421 1191 2449; x_wconf 88' lang='lat' dir='ltr'>etc.</span> 
     </span>
    </p>

    <p class='ocr_par' dir='ltr' id='par_1_16' title="bbox 1070 2472 1799 2513">
     <span class='ocr_line' id='line_1_90' title="bbox 1070 2472 1799 2513; baseline 0 -9"><span class='ocrx_word' id='word_1_580' title='bbox 1070 2474 1129 2504; x_wconf 79' lang='lat' dir='ltr'>Sed</span> <span class='ocrx_word' id='word_1_581' title='bbox 1143 2475 1271 2504; x_wconf 86' lang='lat' dir='ltr'>contra:</span> <span class='ocrx_word' id='word_1_582' title='bbox 1289 2475 1317 2503; x_wconf 85' lang='lat'>1.</span> <span class='ocrx_word' id='word_1_583' title='bbox 1335 2473 1414 2503; x_wconf 90' lang='lat' dir='ltr'>Dicit</span> <span class='ocrx_word' id='word_1_584' title='bbox 1425 2473 1595 2513; x_wconf 86' lang='lat' dir='ltr'>Apostolus</span> <span class='ocrx_word' id='word_1_585' title='bbox 1608 2472 1618 2488; x_wconf 80' lang='lat'><strong>²</strong></span> <span class='ocrx_word' id='word_1_586' title='bbox 1635 2483 1641 2502; x_wconf 90' lang='lat'>:</span> <span class='ocrx_word' id='word_1_587' title='bbox 1660 2472 1729 2504; x_wconf 77' lang='lat' dir='ltr'>Alii</span> <span class='ocrx_word' id='word_1_588' title='bbox 1743 2472 1799 2505; x_wconf 84' lang='lat' dir='ltr'>da-</span> 
     </span>
    </p>
   </div>
   <div class='ocr_carea' id='block_1_9' title="bbox 1029 2570 1798 2673">
    <p class='ocr_par' dir='ltr' id='par_1_17' title="bbox 1029 2570 1798 2673">
     <span class='ocr_line' id='line_1_91' title="bbox 1029 2570 1798 2602; baseline -0.001 -6"><span class='ocrx_word' id='word_1_589' title='bbox 1029 2577 1201 2602; x_wconf 60' lang='lat' dir='ltr'>xxxv1,‹[.11;</span> <span class='ocrx_word' id='word_1_590' title='bbox 1217 2571 1279 2595; x_wconf 76' lang='lat' dir='ltr'>Gab.</span> <span class='ocrx_word' id='word_1_591' title='bbox 1297 2571 1368 2601; x_wconf 59' lang='lat' dir='ltr'>niel„</span> <span class='ocrx_word' id='word_1_592' title='bbox 1387 2571 1416 2594; x_wconf 87' lang='grc' dir='ltr'>ΗΙ</span> <span class='ocrx_word' id='word_1_593' title='bbox 1432 2571 1510 2600; x_wconf 64' lang='lat' dir='ltr'>Seni„</span> <span class='ocrx_word' id='word_1_594' title='bbox 1526 2570 1582 2594; x_wconf 82' lang='lat' dir='ltr'>dist.</span> <span class='ocrx_word' id='word_1_595' title='bbox 1593 2576 1688 2600; x_wconf 75' lang='lat' dir='ltr'>xxxvi,</span> <span class='ocrx_word' id='word_1_596' title='bbox 1707 2576 1798 2602; x_wconf 58' lang='grc'><strong>(1.1.-</strong></span> 
     </span>
     <span class='ocr_line' id='line_1_92' title="bbox 1029 2608 1240 2637; baseline -0.009 -5"><span class='ocrx_word' id='word_1_597' title='bbox 1029 2609 1059 2632; x_wconf 77' lang='lat'>⁸1</span> <span class='ocrx_word' id='word_1_598' title='bbox 1077 2608 1144 2637; x_wconf 66' lang='lat' dir='ltr'>Cor„</span> <span class='ocrx_word' id='word_1_599' title='bbox 1158 2613 1204 2637; x_wconf 78' lang='lat' dir='ltr'>xii,</span> <span class='ocrx_word' id='word_1_600' title='bbox 1217 2609 1240 2631; x_wconf 87' lang='lat'>8.</span> 
     </span>
     <span class='ocr_line' id='line_1_93' title="bbox 1063 2642 1376 2673; baseline -0.006 -6"><span class='ocrx_word' id='word_1_601' title='bbox 1063 2645 1096 2673; x_wconf 81' lang='lat' dir='ltr'>(a)</span> <span class='ocrx_word' id='word_1_602' title='bbox 1111 2643 1178 2668; x_wconf 77' lang='lat' dir='ltr'>Edit.</span> <span class='ocrx_word' id='word_1_603' title='bbox 1200 2643 1254 2666; x_wconf 74' lang='lat' dir='ltr'>I&#39;en.</span> <span class='ocrx_word' id='word_1_604' title='bbox 1271 2642 1376 2673; x_wconf 78' lang='lat' dir='ltr'>primus.</span> 
     </span>
    </p>
   </div>
   <div class='ocr_carea' id='block_1_10' title="bbox 1814 630 1916 650">
    <p class='ocr_par' dir='ltr' id='par_1_18' title="bbox 1814 630 1916 650">
     <span class='ocr_line' id='line_1_94' title="bbox 1814 630 1916 650; baseline 0.01 -1"><span class='ocrx_word' id='word_1_605' title='bbox 1814 630 1916 650; x_wconf 73' lang='lat' dir='ltr'>fundam.</span> 
     </span>
    </p>
   </div>
  </div>
 </body>
</html>
