2017 2948
237 149 277 178 62
808 133 1116 166 SENTENTmnuM
1137 133 1211 165 Lm.
1234 133 1286 165 ιιι.

236 213 328 243 betur
343 210 375 239 in
393 208 503 243 littera,
520 203 604 244 quod
622 201 788 243 prudentia
805 204 851 232 est
867 201 900 231 in
916 209 998 241 prae-

235 261 384 294 cavendis
413 257 544 294 insidiis,
574 256 694 296 justitia
724 255 756 284 in
786 253 1000 285 subveniendo

236 314 368 349 miseris,
393 310 542 342 fortitudo
565 310 597 339 in
620 307 815 348 perferendis
838 306 1000 343 molestiis,

240 371 269 398 et
286 364 494 406 temperantia
509 363 540 393 in
551 361 733 392 cohibendis
747 359 1003 391 delectationibus

235 421 343 460 pravis
361 429 367 450 :
385 419 437 449 sed
457 417 581 448 nullum
599 416 732 445 istorum
747 414 778 444 in
800 413 900 453 patria
914 413 1003 442 inve-

236 474 322 504 nitur
339 484 346 503 :
370 481 449 510 ergo
470 470 595 500 habitus
616 469 770 499 virtutum
794 466 1003 497 cardinalium

235 527 268 557 in
283 526 384 566 patria
399 533 462 554 non
478 523 663 553 manebunt.

277 581 307 610 2.
323 579 400 609 ltem
416 577 548 608 virtutes
565 573 738 604 cardinales
754 573 862 602 minus
885 571 1005 601 nobiles

237 635 324 668 sunt,
350 639 447 670 quam
474 627 695 666 theologii-as:
719 626 743 655 si
769 634 848 663 ergo
872 624 1005 655 virtutes

238 684 426 722 theologicae
442 682 649 716 evacuantur,
662 680 770 718 utpote
784 678 862 707 fides
877 678 907 707 et
921 686 1003 716 spes,

236 738 362 769 videtur
390 734 473 774 quod
504 735 534 763 et
560 733 693 763 virtutes
719 730 891 760 cardinales
915 730 1003 760 simi-

236 791 317 820 liter.

278 846 306 873 3.
322 841 398 871 Item
412 839 546 870 virtutes
560 835 733 867 cardinales
745 835 863 865 habent
877 843 933 874 pro
949 835 1004 865 ob—

233 898 316 936 jecto
332 903 368 924 ea
383 902 454 932 quae
471 891 617 921 ordinant
631 889 669 919 ad
688 888 797 925 finem,
812 890 843 917 et
857 897 913 927 per
933 897 1006 927 quae

238 947 422 988 pervenitur
437 944 475 974 ad
495 946 591 973 finem
613 954 619 973 ι
642 942 695 972 sed
718 951 792 972 cum
817 944 1006 980 perventum

238 1000 335 1031 estad
350 1000 459 1035 finem,
473 998 542 1036 jam
554 1005 619 1026 non
634 996 757 1034 oportet
771 994 891 1024 versari
906 994 939 1023 in
959 994 1008 1024 his

238 1064 310 1094 quse
326 1053 364 1083 ad
380 1053 476 1082 finem
487 1050 680 1089 perducunt:
694 1056 773 1086 ergo
787 1047 913 1078 videtur
922 1047 1006 1086 quod

235 1109 303 1147 Jam
328 1104 464 1144 amplius
487 1111 551 1133 non
572 1102 721 1132 maneant
743 1100 876 1131 virtutes
906 1100 1008 1130 cardi-

239 1160 326 1190 nales
342 1159 374 1188 in
390 1156 511 1187 actibus
527 1155 592 1185 suis
613 1165 620 1184 z
637 1153 691 1183 sed
711 1153 838 1183 habitus
854 1153 921 1183 sine
936 1154 1009 1182 actu

240 1215 286 1243 est
310 1209 532 1248 incomplctus,
555 1207 587 1236 in
610 1206 711 1246 patria
731 1208 839 1236 autem
862 1205 942 1235 nihil
963 1206 1010 1235 est

240 1264 467 1302 incompletum
483 1272 490 1291 z
507 1269 586 1298 ergo
597 1268 722 1289 necesse
740 1260 787 1288 est
802 1258 847 1288 ibi
863 1256 1010 1288 evacuari

240 1317 368 1348 habitus
382 1316 536 1346 virtutum
553 1312 771 1343 cardinalium.

280 1373 310 1400 4.
327 1370 416 1406 Item,
428 1367 602 1397 secundum
615 1365 697 1405 quod
715 1364 789 1395 dicit
802 1363 970 1403 Apostolus
987 1365 1008 1400 ¹,

241 1423 377 1454 scientia
392 1421 568 1452 destruetur
583 1430 593 1449 .·
610 1418 635 1448 si
650 1426 728 1456 ergo
742 1416 873 1456 majoris
890 1415 1010 1455 persec-

241 1475 335 1506 tionis
355 1476 402 1504 est
422 1472 567 1509 scientia,
590 1480 686 1510 quam
711 1469 879 1509 prudentia
896 1492 904 1506 ‚
934 1476 1011 1506 ergo

242 1528 275 1558 in
298 1527 398 1567 patria
425 1534 489 1556 non
513 1524 606 1554 stabit
630 1522 795 1562 prudentia
822 1532 829 1551 z
859 1521 913 1551 sed
938 1529 1012 1559 pru-

243 1581 347 1611 dentia
361 1581 407 1610 est
421 1578 523 1618 prima
536 1577 617 1607 inter
638 1584 749 1606 omnes
762 1574 895 1606 virtutes
913 1572 1013 1603 cardi-

243 1633 330 1664 nales
347 1643 352 1662 :
368 1632 393 1662 si
408 1640 485 1670 ergo
497 1631 565 1670 ipsa
574 1639 638 1660 non
651 1627 837 1664 remanebit,
856 1635 913 1656 nec
927 1625 1008 1656 aliae.

515 1735 739 1769 CONCLUSIO.

248 1829 368 1856 Virtutes
390 1826 539 1854 cardinales
555 1825 713 1860 perfectiori
737 1822 813 1850 modo
841 1821 1015 1849 remanebunt

370 1875 399 1900 in
417 1874 522 1908 patria,
540 1879 619 1906 quam
633 1872 689 1898 sint
703 1869 778 1896 modo
794 1870 822 1895 in
837 1870 893 1894 υία.

287 1952 378 1992 Resp.
405 1953 444 1983 ad
459 1961 530 1990 arg.
558 1949 729 1980 Dicendum
752 1947 837 1987 quod
863 1947 896 1976 in
915 1947 1016 1986 patria

247 2005 354 2044 aliqua
370 2005 472 2035 virtus
494 2003 608 2034 dicitur
630 2010 759 2032 manere
787 1998 1014 2038 multipliciter.

249 2059 400 2094 Quaedam
428 2064 564 2095 namque
590 2055 693 2085 virtus
720 2054 828 2083 manet
856 2052 888 2081 in
916 2051 1017 2090 patria

248 2113 403 2152 quantum
419 2109 457 2139 ad
480 2107 661 2147 praemium,
686 2106 729 2135 ita
757 2104 841 2144 quod
865 2104 932 2142 ipsa
957 2103 1017 2133 sibi

250 2164 310 2204 ipsi
338 2165 385 2193 est
411 2161 579 2202 praemium
614 2158 789 2189 secundum
818 2156 1017 2196 perfectionis

251 2219 379 2253 statum,
397 2216 476 2245 sicut
497 2213 645 2249 charitas,
667 2220 739 2250 quae
762 2212 855 2249 prout
878 2211 945 2239 erat
962 2208 1018 2238 im-

251 2270 387 2310 perfecta
410 2269 442 2298 in
456 2268 518 2304 via,
536 2265 639 2296 meriti
653 2266 719 2294 erat
734 2262 945 2302 'principium3
963 2262 1017 2292 sed

251 2324 345 2362 prout
360 2322 427 2361 ipsa
442 2321 550 2351 eadem
565 2320 612 2349 est
623 2318 842 2348 consummata
856 2315 888 2345 in
904 2314 1015 2354 patria,

252 2378 297 2406 est
312 2374 435 2415 przemii
450 2373 727 2412 complementum.
747 2368 897 2405 Quaedam
911 2369 1016 2397 autem

252 2428 354 2459 virtus
381 2428 488 2457 manet
510 2426 666 2465 quantum
688 2422 727 2452 ad
746 2420 933 2461 praemium;
959 2428 1017 2449 ve-

252 2482 435 2510 rumtamen
449 2488 506 2509 nec
527 2478 595 2517 ipsa
612 2476 670 2506 sibi
686 2474 745 2514 ipsi
764 2476 811 2504 est
835 2471 1014 2512 praemium,

251 2542 308 2563 nec
327 2541 399 2563 cum
424 2531 556 2570 praemio
576 2538 634 2560 suo
657 2527 793 2567 seipsam
815 2524 1015 2564 compatitur,

286 2595 317 2624 ((ι)
334 2596 392 2616 (Joel.
408 2593 603 2617 edit.1·xs;ludit.

1059 201 1139 231 sicut
1153 200 1230 231 fides
1244 203 1274 231 et
1287 210 1358 241 spes
1368 225 1376 238 ,
1396 210 1468 242 quae
1492 202 1524 232 in
1538 201 1639 241 patria
1652 200 1825 241 praemian-

1058 255 1120 289 tur,
1143 255 1172 283 et
1193 253 1261 283 ideo
1281 263 1343 284 non
1365 257 1512 294 pereunt,
1532 262 1595 284 non
1622 256 1729 284 tamen
1751 255 1825 284 sunt

1058 306 1227 345 praemium
1256 309 1383 346 propter
1412 317 1502 337 suam
1535 306 1802 346 imperfectionem
1814 329 1823 344 ,

1059 368 1116 389 nec
1130 369 1237 389 secum
1253 360 1421 398 praemium
1443 359 1680 399 compatiuntur
1699 360 1826 398 propter

1059 412 1229 450 qnamdam
1257 412 1485 452 oppositionem
1514 423 1521 442 ;
1555 421 1629 442 nam
1658 412 1826 452 praemium

1060 464 1162 503 ipsum
1187 467 1234 494 est
1252 465 1358 495 videre
1383 468 1413 495 et
1436 468 1542 495 tenere
1558 464 1656 495 Deum
1681 474 1687 494 ε
1709 467 1740 494 et
1761 464 1825 504 pri-

1060 525 1150 546 mum
1165 519 1327 556 repugnat
1341 517 1424 555 fidei,
1441 526 1513 557 quae
1528 519 1574 547 est
1597 517 1635 547 de
1657 525 1721 547 non
1736 516 1825 553 viso;

1060 569 1233 599 secundnm
1249 572 1408 609 repugnat
1419 570 1496 609 spei,
1512 579 1584 610 quae
1595 572 1641 600 est
1654 569 1692 600 de
1709 569 1826 607 futuro,

1060 624 1090 652 et
1105 631 1168 652 non
1184 622 1302 653 habito.
1323 623 1474 660 Quaedam
1497 632 1574 653 vero
1596 623 1697 653 virtus
1723 629 1830 656 manet

1063 674 1164 704 medio
1181 675 1291 711 modo;
1309 675 1384 714 quia
1399 677 1504 705 manet
1521 677 1676 714 quantum
1690 674 1729 704 ad
1743 682 1830 714 prae-

1062 729 1174 766 mium,
1192 731 1222 758 et
1237 738 1312 758 cum
1329 729 1478 768 praemio3
1495 729 1563 768 ipsa
1578 731 1684 760 tamen
1698 738 1761 760 non
1783 731 1830 759 est

1062 781 1121 811 sibi
1138 782 1318 821 praemium,
1337 783 1389 812 sed
1406 783 1568 822 dispositio
1583 783 1622 813 ad
1645 782 1827 822 praemium.

1062 835 1101 866 Et
1120 836 1162 865 sic
1183 838 1290 866 manet
1312 836 1413 867 virtus
1436 836 1612 867 cardinalis.
1643 835 1723 867 Nam
1743 844 1830 876 prae-

1063 888 1165 918 mium
1176 889 1340 919 essentiale
1351 889 1491 928 ipsarum
1503 889 1658 919 virtutum
1667 891 1714 919 est
1724 889 1829 928 ipsum

1063 942 1183 971 bonum
1198 950 1372 980 summum,
1389 942 1473 981 quod
1491 942 1571 973 Deus
1586 944 1644 979 est,
1656 941 1831 972 seeundum

1063 994 1148 1033 quod
1162 994 1298 1032 videtur,
1310 994 1465 1033 diligitur,
1481 997 1510 1025 et
1526 997 1670 1032 tenetur3
1688 994 1732 1024 ita
1745 994 1829 1034 quod

1064 1056 1160 1086 penes
1174 1047 1249 1077 istos
1265 1049 1329 1077 tres
1344 1049 1443 1085 aetus,
1459 1050 1522 1078 tres
1536 1047 1634 1085 dotes,
1652 1047 1767 1077 animae
1779 1056 1831 1077 ac·

1064 1100 1230 1138 cipiantur.
1249 1099 1360 1130 Nullus
1375 1102 1480 1130 autem
1496 1100 1629 1130 istorum
1640 1101 1769 1130 actuum
1781 1102 1828 1130 est

1065 1155 1153 1182 actus
1169 1153 1323 1183 virtutum
1338 1153 1556 1191 cardinalium,
1572 1153 1647 1192 quia
1661 1152 1834 1183 cardinales

1065 1206 1198 1236 virtutes
1222 1215 1387 1245 nunquam
1408 1208 1531 1236 tantuin
1553 1206 1729 1242 elevantur,
1750 1205 1835 1246 quod

1067 1257 1167 1287 Deum
1181 1257 1319 1288 habeant
1333 1267 1390 1297 pro
1407 1259 1529 1297 objecto
1541 1269 1548 1296 ;
1563 1258 1704 1298 alioquin
1718 1257 1833 1288 transi-

1068 1312 1138 1340 rent
1162 1310 1195 1339 in
1217 1310 1412 1349 theologicas
1435 1311 1581 1348 virtutes,
1607 1313 1637 1342 et
1657 1311 1836 1341 desinerent

1067 1372 1133 1393 esse
1149 1363 1333 1393 cardinales.
1351 1363 1504 1403 Respectu
1525 1366 1631 1394 tamen
1646 1364 1761 1394 horum
1769 1373 1830 1394 ac-

1067 1418 1158 1446 tuum
1175 1415 1390 1454 gloriosorum
1405 1415 1539 1446 virtutes
1553 1416 1726 1446 cardinales
1742 1417 1836 1446 erunt

1067 1469 1148 1498 sicut
1163 1468 1393 1507 dispositiones.
1411 1468 1448 1499 Et
1463 1469 1544 1498 sicut
1559 1468 1592 1498 in
1611 1468 1674 1506 via,
1690 1468 1761 1499 licet
1779 1477 1836 1508 per

1069 1521 1200 1551 virtutes
1215 1521 1388 1552 cardinales
1403 1530 1466 1552 non
1482 1522 1642 1559 fruamur,
1661 1523 1768 1552 tamen
1779 1530 1837 1561 per

1068 1584 1119 1604 eas
1132 1574 1331 1614 disponimur
1342 1577 1377 1605 ut
1392 1575 1536 1604 fruamur
1547 1584 1554 1612 ;
1567 1574 1611 1604 sic
1625 1577 1656 1604 et
1670 1574 1703 1604 in
1722 1574 1834 1613 patria.

1068 1627 1155 1658 Unde
1169 1636 1280 1658 omnes
1294 1629 1382 1658 actus
1396 1627 1495 1658 nostri
1510 1627 1641 1666 gloriosi
1665 1629 1758 1658 erunt
1773 1627 1836 1658 sor-

1068 1684 1124 1718 tes,
1141 1682 1171 1710 et
1181 1681 1273 1719 justi,
1292 1681 1462 1720 prudentes
1474 1682 1504 1711 et
1518 1681 1605 1718 casti,
1622 1681 1665 1711 ita
1676 1681 1759 1720 quod
1769 1682 1838 1721 jus-

1068 1734 1141 1764 ticia
1157 1733 1304 1764 excludet
1321 1733 1360 1773 (a)
1378 1742 1505 1764 omnem
1520 1733 1752 1773 obliquitatem,
1764 1742 1837 1773 pru-

1068 1786 1173 1816 dentia
1188 1786 1333 1817 excludet
1355 1786 1393 1825 (a)
1417 1795 1546 1816 omnem
1572 1794 1728 1822 errorem,
1744 1786 1837 1816 forti-

1069 1840 1144 1870 tudo
1153 1848 1280 1870 omnem
1292 1839 1481 1876 molestiam,
1492 1839 1701 1878 temperantia
1708 1847 1836 1869 omnem

1069 1892 1237 1922 libidinum
1266 1892 1532 1931 repugnantiam,
1561 1891 1735 1921 secundum
1753 1891 1837 1931 quod

1070 1945 1143 1976 dicit
1157 1946 1360 1984 Augustinus
1374 1947 1397 1981 ²,
1412 1947 1442 1975 et
1454 1944 1605 1983 Magister
1620 1944 1723 1983 tangit
1737 1944 1771 1974 in
1784 1944 1836 1974 lit·

1071 2001 1148 2029 tera.
1167 1998 1205 2029 Et
1226 1999 1270 2029 sie
1292 2000 1376 2038 patet
1401 1998 1484 2038 quod
1507 1999 1641 2029 virtutes
1663 1997 1838 2028 cardinales

1071 2052 1285 2082 excellentiori
1315 2052 1409 2082 modo
1444 2052 1618 2082 manebunt
1649 2051 1682 2080 in
1722 2051 1835 2090 patria,

1071 2112 1167 2143 quam
1188 2104 1309 2134 suntin
1331 2104 1393 2134 via.
1418 2103 1505 2134 Unde
1524 2106 1554 2134 et
1570 2103 1705 2134 rationes
1726 2111 1838 2134 conce-

1071 2156 1182 2186 dendae
1193 2158 1277 2193 sunt,
1291 2165 1364 2195 quae
1379 2158 1454 2186 sunt
1469 2157 1508 2186 ad
1520 2158 1641 2196 partem
1658 2156 1762 2186 istam.

1112 2211 1140 2238 ⁴1.
1159 2208 1207 2238 Ad
1221 2208 1295 2239 illud
1312 2218 1391 2247 ergo
1415 2209 1499 2248 quod
1521 2209 1623 2248 primo
1643 2208 1790 2247 objicitur
1801 2208 1834 2238 in

1071 2261 1265 2291 eontrarium
1280 2262 1317 2292 de
1333 2262 1454 2292 actibus
1471 2262 1602 2292 istarum
1621 2264 1758 2301 quatuor
1771 2262 1838 2293 vir-

1072 2318 1194 2353 tutum,
1212 2316 1382 2346 dicendum
1407 2317 1490 2356 quod
1512 2317 1556 2346 illi
1582 2319 1670 2346 actus
1688 2326 1752 2348 non
1766 2319 1839 2347 sunt

1072 2370 1161 2398 actus
1183 2378 1293 2399 earum
1319 2370 1498 2408 generales,
1521 2370 1574 2400 sed
1596 2370 1700 2400 solum
1725 2378 1837 2400 secun-

1071 2421 1148 2451 dum
1163 2423 1279 2452 statum
1295 2423 1368 2453 viae.
1385 2422 1470 2452 Alios
1484 2432 1560 2453 vero
1574 2425 1662 2453 actus
1674 2423 1838 2453 habebunt

1073 2474 1106 2503 in
1132 2475 1234 2513 patria
1248 2475 1350 2505 multo
1375 2475 1623 2512 excellentioreS,
1643 2483 1724 2514 quos
1745 2475 1839 2506 etiam

1107 2553 1126 2575 ¹1
1143 2555 1209 2582 ιὀικ,
1224 2560 1281 2583 ΜΗ,
1294 2555 1316 2577 ὃ.
1327 2566 1357 2571 -
1372 2554 1424 2577 imi
1437 2562 1463 2581 u,
1477 2554 1506 2577 (Se
1524 2553 1674 2582 Ta·1'111‘!„lib.
1686 2554 1751 2583 MV,
1762 2561 1784 2577 e.
1802 2561 1838 2584 ix,

1073 2594 1098 2610 n.
1114 2590 1149 2611 12.
1167 2588 1234 2612 idem
1248 2589 1322 2612 docet
1335 2591 1360 2613 5.
1375 2589 1501 2620 Thomas,
1518 2589 1605 2619 l-ll‚q.
1620 2594 1645 2612 vi
1661 2590 1685 2612 et
1695 2594 1743 2619 vu,
1756 2592 1803 2614 art.
1816 2592 1838 2620 ί,
