2017 2948
76 2525 183 2547 Pomm.

565 146 663 178 Dls'r.
687 145 764 177 XVI.
791 145 904 176 PART.
931 145 952 175 Ι.
977 144 1067 175 ART.
1092 143 1141 175 w.
1166 143 1317 180 QUAEST.
1343 144 1366 173 1.

170 215 339 248 dicendum
352 214 437 254 quod
450 213 599 253 quaedam
614 213 770 243 medicina
786 215 833 242 est
847 221 939 242 sana-

171 270 237 300 tiva
251 270 387 306 tantum,
405 268 436 298 et
449 267 518 297 haec
532 269 578 297 est
592 265 718 306 quando
733 267 778 296 est
791 265 939 302 morbus;

172 323 319 363 quaedam
347 321 575 361 praeservativa
603 323 634 351 et
662 320 860 350 meliorativa
873 343 881 356 ,
913 321 943 349 et

173 375 243 406 talis
263 377 309 406 est
331 374 476 405 contriti0
493 384 500 404 :
525 376 557 404 et
579 374 661 403 hanc
682 381 808 412 semper
828 372 944 402 habere

174 428 294 459 honum
308 429 368 457 est.

214 483 244 512 5.
256 481 304 511 Ad
314 479 391 510 illud
405 479 489 519 quod
503 479 662 518 objicitur,
679 478 762 517 quod
777 479 823 508 est
838 486 942 517 poena,

175 534 343 565 dicendum
365 533 449 572 quod
472 541 639 572 nunquam
665 534 807 571 peccator
826 540 859 561 se
874 533 944 560 tan-

175 589 245 618 tum
267 588 368 626 potest
389 586 525 625 punire,
551 586 629 625 quin
651 585 764 624 majori
792 593 884 624 poena
908 584 948 613 sit

176 640 296 679 dignus
312 639 486 670 secundum
501 639 642 678 rigorem
658 638 800 678 justitiae.
822 637 858 667 Et
873 637 949 676 quia

176 693 274 723 homo
292 693 353 722 sibi
372 692 496 730 rigidus
520 692 611 722 dehet
632 701 716 729 esse,
731 693 761 721 et
781 691 833 721 alii
857 690 946 730 pius;

177 755 343 786 nunquam
367 748 491 776 tantum
511 755 543 776 se
565 745 680 784 affligit
703 754 759 784 per
785 744 949 774 contritio-

177 808 264 835 nem,
279 799 364 839 quod
385 799 425 829 sit
439 799 650 839 superfluum,
668 799 744 829 dum
770 800 874 828 tamen
891 797 952 827 hoo

178 853 276 892 possit
291 852 458 890 sustinere,
475 852 550 891 quia
565 854 666 882 totum
683 853 728 882 est
743 851 770 881 ei
783 851 820 881 ad
840 851 951 889 gloriae

179 904 356 936 cumulum.
382 904 503 936 Tamen
525 907 597 935 nota
609 929 617 942 ,
635 904 719 944 quod
737 904 883 934 contritio
899 913 950 933 ra-

179 958 264 988 tione
280 958 485 998 displtcentiae
501 958 617 998 peccati
639 967 763 997 semper
780 959 826 987 est
844 965 952 987 neces-

181 1012 264 1042 saria
275 1011 386 1042 saltem
401 1012 433 1042 in
444 1012 556 1042 habitu
567 1022 574 1049 3
586 1011 708 1041 ratione
722 1019 799 1040 vero
813 1010 952 1049 gemitus

181 1067 211 1095 et
227 1065 390 1104 planctus,
415 1064 464 1095 vel
488 1064 603 1095 doloris
625 1063 799 1099 sensibilis,
820 1071 884 1092 non
907 1063 953 1092 est

180 1117 374 1154 necessaria,
397 1117 536 1147 maxime
551 1117 629 1146 viris
645 1115 787 1156 perfectis
798 1139 807 1153 ,
825 1115 879 1154 qui
894 1124 950 1145 au-

180 1169 307 1200 dierunt
322 1178 399 1200 voce
422 1170 546 1200 interna
566 1169 651 1209 quod
675 1168 796 1199 audivit
819 1167 952 1206 Magda—

180 1222 252 1252 lena
264 1223 273 1239 ¹
291 1233 298 1253 ε
317 1222 533 1254 Dimittuntur
547 1222 608 1254 tibi·
618 1225 751 1261 peccata
767 1224 823 1252 tua
839 1232 850 1251 .·
872 1221 953 1250 sicut

181 1275 258 1305 dicit
270 1275 449 1305 Bernardus
459 1276 495 1306 in
510 1275 643 1306 Cantica
654 1275 737 1304 circa
748 1273 951 1313 principium.

182 1328 243 1359 Sed
267 1329 400 1358 ulterius
424 1330 555 1367 possunt
579 1331 609 1358 et
632 1328 746 1358 dehent
770 1327 954 1357 meditatio-

182 1391 257 1412 nem
276 1391 368 1412 suam
389 1382 427 1412 ad
451 1382 647 1412 dulcedinem
672 1381 783 1421 patriae
806 1390 953 1420 supernae

183 1438 379 1466 convertere.
395 1436 476 1465 Ante
493 1445 568 1465 vero
584 1435 670 1465 hunc
686 1437 821 1472 statum,
840 1444 954 1464 sanum

184 1489 352 1519 consilium
366 1491 412 1519 est
426 1491 551 1528 peccata
571 1498 629 1519 sua
647 1491 719 1519 ante
740 1488 847 1518 oculos
862 1497 953 1518 revo-

185 1551 256 1572 care
295 1542 333 1572 ad
361 1542 518 1581 gemitum
556 1545 585 1572 et
614 1542 766 1572 dolorem.
799 1541 955 1572 Praeterea

185 1595 380 1635 displicentia
400 1604 463 1625 non
481 1596 553 1625 dicit
572 1604 696 1634 semper
720 1604 864 1634 poenaui,
890 1595 955 1624 imo

185 1648 366 1687 frequenter
379 1658 529 1687 magnam
541 1649 636 1679 habet
650 1648 790 1679 laetitiam
802 1649 956 1687 conjunc-

187 1703 272 1738 tam,
305 1701 382 1732 dum
413 1702 589 1732 considerat
611 1702 644 1732 in
676 1711 708 1732 se
739 1701 956 1732 liberationem

186 1754 323 1793 plenam.

409 1863 650 1897 ARTICULUS
677 1864 732 1896 IV.

229 1968 475 2008 Consequenter,
493 1971 647 2008 quantum
660 1969 696 1999 :id
713 1971 862 2009 quartum
879 1970 958 1999 arti-

189 2022 307 2059 culum,
327 2022 481 2062 quaeritur
497 2022 534 2052 de
550 2022 745 2052 contritionis
760 2022 956 2060 intensione3

190 2078 220 2106 et
244 2076 325 2106 circa
344 2075 403 2106 hoc
427 2078 616 2115 quaeruntur
634 2076 721 2106 duo:
746 2076 848 2115 primo
873 2084 960 2115 quae-

191 2129 272 2159 ritur
303 2130 411 2160 utrum
437 2129 581 2158 contritio
610 2129 705 2168 possit
737 2129 856 2159 intendi
874 2140 880 2165 3
911 2138 960 2158 se-

190 2181 310 2219 cundo,
326 2184 435 2212 utrum
455 2183 597 2221 oporteat
614 2181 769 2212 intensius
789 2182 906 2212 conteri
922 2182 961 2212 de

191 2244 257 2265 uno
272 2238 408 2274 peccato,
426 2244 521 2275 quam
536 2235 573 2265 de
588 2234 659 2265 alio.

465 2341 644 2379 QUAESTlo
669 2341 691 2371 I.

365 2421 407 2447 An
417 2421 542 2448 contritio
554 2421 639 2454 possit
655 2419 760 2446 incendi
775 2423 793 2445 ².

236 2500 325 2538 Quod
348 2500 445 2540 possit
467 2500 602 2538 intendi,
626 2499 770 2531 videtur:
791 2499 866 2539 quia
887 2509 961 2530 con-

196 2557 282 2588 tritio
301 2559 347 2587 est
367 2559 455 2588 actus
475 2555 611 2595 alicujus
634 2555 782 2586 virtutis:
801 2555 855 2586 sed
875 2565 963 2595 quee-

229 2620 237 2636 ¹
251 2620 316 2649 Luc„
338 2626 382 2649 vu,
403 2621 449 2648 48,
466 2620 505 2649 ⁴9,
527 2618 610 2649 quoad
629 2624 742 2643 sensum.
759 2631 790 2636 —
804 2617 813 2631 ²
827 2618 869 2648 Cf.
893 2618 964 2642 Alex.

1709 145 1767 174 639

997 212 1073 242 libet
1087 211 1189 241 virtus
1199 212 1301 249 potest
1312 210 1443 247 intendi,
1456 212 1492 240 ut
1505 210 1538 240 in
1553 210 1656 249 primo
1672 213 1683 230 ³
1697 219 1769 250 pro-

998 265 1107 295 batum
1123 266 1168 294 est
1180 263 1218 294 de
1231 263 1399 293 charitate:
1413 263 1466 294 sed
1479 265 1686 302 augmentata
1700 265 1769 304 ejus

999 319 1127 356 virtute,
1144 319 1283 356 augetur
1299 317 1368 355 ejris
1384 319 1507 346 motus:
1528 326 1617 356 ergo,
1634 319 1694 348 ete.

1040 372 1118 402 Item
1147 371 1179 400 in
1204 369 1392 400 contritione
1413 378 1478 399 nou
1503 372 1576 399 sunt
1598 370 1660 400 nisi
1683 371 1768 408 duo,

1000 426 1116 456 scilicet
1135 425 1237 461 dolor,
1259 426 1289 454 et
1311 423 1433 463 gratia3
1455 425 1485 453 et
1503 433 1605 454 unum
1625 426 1670 454 est
1691 425 1772 454 sicut

1000 478 1142 513 formale,
1166 477 1325 517 reliquum
1350 477 1429 507 sicut
1450 476 1630 506 materiale:
1649 476 1702 506 sed
1725 478 1772 506 est

1002 531 1148 570 possibile
1163 530 1303 561 dolorem
1320 531 1352 559 in
1367 529 1458 559 nobis
1473 529 1603 566 intendi,
1623 529 1770 568 possibile

1002 587 1047 614 est
1063 584 1156 613 etiam
1171 584 1309 622 gratiam
1324 583 1437 622 augeri
1452 594 1458 613 :
1475 591 1566 622 ergo,
1584 585 1641 613 ete.

1044 637 1132 674 Item,
1151 637 1176 667 si
1191 646 1255 667 non
1269 638 1369 676 potest
1383 636 1512 674 intendi,
1530 645 1606 675 ergo
1618 636 1653 666 in
1667 636 1771 666 omni-

1004 691 1064 721 bus
1085 692 1131 720 θεῖ
1153 690 1284 729 aequalis
1303 699 1310 719 :
1334 689 1388 720 sed
1412 687 1600 719 contritione
1619 689 1772 719 existente

1004 744 1134 783 aequali,
1160 743 1292 783 aequalis
1311 744 1358 773 est
1375 742 1555 782 justificatio
1570 744 1600 772 et
1617 741 1774 780 glorifica-

1004 797 1067 827 tio:
1080 806 1158 835 ergo
1169 805 1279 826 omnes
1293 796 1467 826 secundum
1480 795 1540 825 hoc
1553 797 1656 826 essent
1670 803 1774 834 aequa-

1005 850 1076 880 liter
1087 850 1176 889 justi.

1048 903 1123 933 Ite1n
1140 903 1172 932 in
1186 903 1274 933 omni
1288 904 1356 932 actu
1375 903 1507 939 animae,
1524 902 1557 932 in
1575 911 1638 941 quo
1658 902 1776 932 contin-

1007 957 1055 996 git
1076 956 1244 996 prolicere,
1268 965 1323 994 per
1344 955 1601 985 assuefactionem
1625 956 1655 984 et
1675 954 1775 985 conti-

1007 1010 1190 1039 nuati0nem
1206 1009 1361 1047 contingIt
1377 1008 1478 1047 ipsum
1494 1007 1630 1045 intendi,
1650 1007 1709 1037 hoc
1726 1016 1777 1046 pa-

1007 1064 1064 1093 tet:
1083 1062 1135 1092 sed
1153 1062 1308 1101 profectus
1322 1064 1368 1091 est
1383 1061 1415 1091 in
1430 1060 1690 1100 multiplicatione
1705 1070 1776 1092 con-

1008 1117 1156 1153 tritionis,
1173 1119 1203 1145 et
1217 1115 1464 1155 frequentatione
1480 1126 1486 1145 ε
1504 1124 1594 1154 ergo,
1615 1116 1673 1144 ete.

1049 1170 1179 1199 Contra:
1200 1172 1226 1199 1.
1251 1168 1335 1199 Nihil
1359 1168 1544 1205 intenditur,
1567 1169 1661 1207 cujus
1680 1168 1777 1207 impo-

1008 1223 1079 1252 sitio
1095 1225 1140 1252 est
1156 1222 1188 1252 in
1204 1223 1355 1252 termino:
1373 1222 1426 1252 sed
1442 1222 1599 1261 impositio
1614 1221 1776 1259 contritio-

1008 1277 1057 1306 nis
1072 1279 1117 1305 θεῖ
1138 1276 1169 1305 in
1190 1277 1336 1312 termino,
1353 1276 1428 1315 quia
1449 1275 1594 1306 contritio
1614 1275 1652 1314 (a)
1669 1277 1716 1305 est
1731 1275 1776 1304 di-

1010 1331 1088 1360 visio
1104 1331 1137 1360 in
1154 1330 1303 1360 minima:
1322 1330 1373 1360 sed
1390 1330 1422 1359 in
1438 1330 1570 1359 minimo
1585 1338 1649 1359 non
1662 1331 1707 1360 est
1724 1329 1778 1359 mi-

1009 1394 1083 1414 nus:
1101 1393 1189 1422 ergo,
1206 1386 1264 1414 etc.

1050 1440 1078 1467 9..
1099 1437 1176 1467 [teni
1198 1437 1277 1466 nihil
1300 1435 1485 1472 intenditur,
1511 1444 1575 1475 quo
1596 1444 1659 1465 non
1679 1436 1780 1474 potest

1010 1490 1145 1529 cogitari
1160 1489 1207 1519 vel
1223 1498 1289 1519 esse
1304 1489 1425 1528 majus:
1443 1488 1495 1518 scd
1510 1487 1573 1525 illo,
1587 1487 1671 1527 quod
1687 1487 1780 1517 habet

1011 1542 1159 1572 effectum
1176 1541 1349 1573 infinitum,
1367 1539 1447 1569 nihil
1462 1541 1563 1578 potest
1576 1548 1643 1569 esse
1658 1539 1778 1577 maim,

1011 1605 1083 1625 cuin
1099 1595 1139 1624 sit
1153 1594 1332 1624 infinitum:
1349 1601 1426 1631 ergo
1444 1592 1523 1621 nihil
1539 1591 1599 1622 tale
1616 1593 1717 1630 potest
1734 1590 1781 1620 in-

1012 1649 1096 1678 tendi
1110 1657 1117 1678 ;
1132 1648 1184 1678 sed
1200 1647 1345 1677 contritio
1362 1648 1409 1676 est
1423 1644 1621 1685 hujusmodi,
1642 1653 1711 1674 cum
1727 1644 1782 1674 de-

1012 1703 1073 1732 leat
1089 1711 1217 1732 omnem
1236 1701 1376 1740 eulpam,
1398 1700 1481 1739 quod
1503 1701 1549 1729 est
1568 1699 1695 1730 virtutis
1709 1698 1780 1728 infi-

1013 1756 1086 1785 nitae
1100 1766 1106 1785 :
1122 1764 1211 1793 ergo,
1228 1756 1286 1784 ete.

1053 1810 1082 1838 3.
1102 1808 1180 1838 Item
1198 1816 1293 1838 omne
1309 1806 1392 1846 quod
1414 1806 1592 1843 intenditur,
1609 1807 1664 1836 aut
1684 1805 1783 1835 inten-

1013 1862 1098 1892 ditur
1111 1871 1166 1901 per
1180 1869 1340 1891 accessum
1356 1859 1392 1889 ad
1410 1868 1519 1890 veram
1535 1858 1672 1889 nominis
1686 1858 1784 1896 impo-

1014 1916 1172 1952 sitIOnem,
1188 1914 1239 1945 vel
1250 1923 1304 1954 per
1318 1913 1553 1953 depurationem
1569 1921 1588 1942 a
1602 1911 1760 1942 contraiio
1775 1921 1781 1940 :

1015 1969 1069 1999 sed
1086 1968 1230 1998 contritio
1249 1976 1313 1997 non
1334 1966 1507 1997 intenditur
1526 1974 1582 2005 per
1604 1964 1781 2004 depuratio-

1016 2031 1088 2051 nem
1110 2030 1129 2051 a
1145 2021 1313 2058 contrario,
1337 2029 1410 2050 cum
1429 2019 1545 2057 statim,
1565 2028 1635 2049 cum
1650 2020 1707 2055 est,
1728 2026 1784 2047 ex—

1017 2074 1110 2114 pellat
1129 2074 1261 2105 totaliter
1282 2082 1409 2103 omnem
1431 2072 1572 2112 culpam,
1599 2072 1669 2111 quia
1692 2070 1785 2100 habet

1019 2129 1156 2167 gratiam
1177 2129 1396 2166 conjunctam
1418 2135 1476 2156 nee
1493 2134 1548 2165 per
1570 2133 1729 2155 accessum
1746 2122 1785 2152 ad

1018 2181 1250 2221 impositionem
1266 2180 1404 2210 nominis
1418 2188 1538 2216 veram,
1555 2178 1629 2218 quia
1641 2178 1710 2217 ejus
1724 2177 1783 2206 im-

1019 2235 1131 2274 positio
1146 2237 1192 2264 est
1209 2234 1240 2264 iu
1257 2233 1410 2264 termino:
1429 2242 1517 2271 ergo,
1535 2235 1592 2262 etc.

1059 2290 1086 2317 4.
1100 2288 1187 2325 Item,
1201 2288 1226 2317 si
1238 2286 1419 2322 intenditur,
1427 2288 1595 2323 autergoa
1606 2283 1719 2322 gratia,
1732 2284 1786 2312 aut

1019 2352 1038 2372 a
1052 2342 1150 2372 libero
1165 2341 1310 2372 arbitrio:
1328 2352 1347 2371 a
1362 2340 1460 2370 libero
1475 2338 1604 2370 arbitrIO
1619 2346 1694 2373 non,
1708 2344 1785 2376 quo-

1020 2427 1114 2455 Ateus„
1131 2434 1146 2457 p
1177 2427 1217 2455 tv,
1236 2433 1260 2456 q.
1278 2431 1340 2453 xvii,
1356 2424 1462 2448 incinbr.
1482 2428 1504 2453 2,
1520 2425 1568 2446 art.
1585 2425 1604 2451 t,
1618 2422 1632 2451 ἓ
1650 2424 1679 2451 1,
1698 2420 1784 2450 steph.

1022 2463 1124 2491 unilt-tx,
1147 2463 1175 2486 IV
1193 2462 1270 2489 seut„
1289 2462 1344 2484 distv
1363 2466 1414 2489 Mt,
1435 2467 1459 2490 q.
1477 2465 1528 2487 x¹11;
1547 2459 1609 2481 I’etr.
1626 2458 1655 2480 (le
1674 2457 1784 2482 Taraut..

1023 2499 1052 2521 tv
1080 2498 1164 2527 Smin,
1186 2498 1242 2521 (list.
1273 2503 1344 2524 xvii,
1371 2504 1393 2526 q.
1419 2502 1451 2518 tv.
1475 2508 1497 2511 κ-
1522 2495 1530 2507 ³
1554 2496 1580 2517 in
1603 2493 1647 2516 lib.
1674 2493 1679 2515 l
1704 2492 1785 2520 seul.²

1021 2533 1069 2557 dist
1095 2539 1198 2563 xv11‚p.
1214 2540 1230 2562 1,
1246 2534 1292 2556 art.
1312 2534 1331 2561 1,
1347 2539 1372 2562 q.
1389 2537 1396 2555 1
1414 2534 1437 2555 ct
1451 2537 1475 2554 ιι.

1053 2584 1085 2612 (a)
1100 2583 1186 2612 δαμρί.
1200 2581 1223 2605 vi
1237 2581 1274 2605 sui
1285 2580 1405 2610 nominis,
1418 2580 1489 2611 cujus
1500 2577 1654 2609 etymologia
1668 2578 1706 2601 est
1719 2582 1788 2600 cum-

1021 2621 1106 2642 terere.

1794 1180 1825 1199 Ad
1845 1186 1894 1206 opp.
