2017 2948
136 2380 240 2402 Fundam.

247 126 305 155 292

247 189 377 229 Christi,
402 194 433 222 et
450 192 606 232 baptisma
628 195 757 226 Joannis
780 196 840 227 hoc
865 196 1014 235 interest,

247 245 322 284 quia
344 245 386 276 ibi
408 247 510 279 solum
533 253 767 282 sacramentum
791 251 942 288 dabatur,
966 252 1018 282 hic

247 302 480 332 sacramentum
494 305 524 333 et
539 312 589 334 res
603 305 807 340 sacramenti,
822 316 835 332 υ
854 305 969 335 scilicet
984 305 1017 335 in

247 351 404 392 baptismo
435 355 573 387 Christi:
600 367 678 395 ergo
701 358 726 387 si
756 359 944 389 sacramenti
971 361 1017 389 cst

247 405 377 444 signare
387 430 397 444 ,
413 411 498 448 patet
513 410 597 449 quod
613 411 651 441 ad
667 411 874 449 signandum.

288 458 367 490 Item
388 469 444 500 per
470 462 624 493 rationem
649 463 792 503 videtur,
817 465 893 505 quia
913 466 1017 505 magis

248 513 455 545 conveniebat
478 514 654 554 baptismus
680 516 809 548 Joannis
836 527 910 548 curn
939 519 1017 559 hap-

247 565 341 596 tismo
356 566 485 604 Christi,
502 577 599 607 quam
615 569 791 609 baptismus
810 570 941 610 legalis:
963 572 1017 602 sed

246 617 318 656 ille,
348 620 384 649 ut
414 620 487 650 dicit
515 621 610 660 nugo
626 623 655 659 ‘‚
686 623 833 662 signabat
860 625 1017 664 baptisma

247 670 361 702 Christi
380 683 386 703 :
413 682 492 712 ergo
507 674 608 706 multo
624 676 736 707 fortius
751 679 901 716 congruit
917 687 1015 718 quam

246 723 403 764 baptisma
417 725 556 758 Joannis.

287 780 316 808 1.
339 778 401 810 Sed
415 781 500 820 quod
518 782 612 813 fuerit
632 782 795 814 institutus
815 784 854 815 ad
878 785 1016 816 efficien-

246 830 335 869 dum,
352 831 493 872 videtur,
513 835 588 874 quia
601 835 718 867 dicitur
731 837 761 866 ²:
784 837 864 869 Erat
879 839 1017 870 Joamzes

247 882 429 923 baptizans,
451 890 481 919 et
505 888 688 926 praedicans
710 889 900 929 baptismum
914 892 1017 930 poeni-

248 938 355 969 tentioe
380 939 417 970 in
448 941 668 973 remissionem
693 946 901 982 peccatorum.
933 944 1018 984 Ergo

247 998 321 1020 cum
336 992 480 1023 remissio
500 996 702 1033 peccatorum
722 1005 786 1026 non
801 997 841 1026 sit
856 997 924 1027 sine
939 1006 1017 1036 gra-

246 1042 301 1081 tia,
317 1043 444 1076 videtur
459 1047 542 1086 quod
559 1048 653 1079 dabat
667 1049 816 1087 gratiam.

287 1098 317 1127 2.
338 1096 416 1128 Item
431 1100 552 1131 ratione
570 1101 714 1133 videtur:
737 1103 828 1142 quia,
847 1102 929 1133 sicut
943 1103 1019 1133 dicit

248 1147 346 1188 Hugo
361 1151 388 1189 ⁸,
409 1153 707 1191 «quemadmodum
723 1156 834 1186 crescit
856 1156 889 1186 in
913 1165 1016 1186 sacra-

247 1203 364 1234 mentis
378 1206 537 1244 expressio
553 1207 743 1246 signationis
754 1233 764 1246 ,
780 1209 891 1239 crescit
903 1212 934 1239 et
948 1210 1016 1239 effi-

248 1255 334 1286 cacia
364 1258 619 1291 sanctificationis
631 1285 639 1298 ‚
669 1264 700 1291 et
727 1262 903 1293 secundum
933 1263 1017 1301 quod

248 1309 354 1349 magis
363 1313 622 1353 appropinquant
632 1315 671 1345 ad
681 1315 854 1346 adventum
865 1315 989 1345 Christi.
1000 1326 1015 1344 »

248 1361 309 1393 Sed
332 1363 508 1404 baptismus
528 1366 658 1398 Joannis
683 1369 862 1408 expressius
886 1369 1018 1407 signum

248 1417 325 1454 erat,
343 1426 440 1457 quam
455 1419 655 1452 circumcisio
667 1446 676 1460 ‚
693 1424 724 1452 et
738 1422 889 1454 adventui
904 1422 1018 1452 Christi

249 1469 353 1508 magis
368 1472 643 1513 appropinquabat
659 1485 666 1505 z
683 1484 763 1514 ergo
779 1476 933 1514 majorem
948 1476 1019 1506 effi-

248 1521 368 1552 caciam
383 1523 530 1556 habebat.

289 1577 318 1606 3.
342 1575 519 1616 Praeterea,
536 1579 562 1609 si
585 1579 707 1610 nullam
728 1580 864 1612 habebat
888 1582 1020 1612 interius

248 1627 418 1659 efficaciam
431 1654 439 1668 ‚
468 1640 542 1662 cum
563 1632 684 1663 ablutio
708 1633 811 1664 carnis
833 1643 942 1674 parvae
966 1636 1020 1665 aut

248 1681 368 1712 nullius
389 1685 457 1714 erat
482 1685 645 1723 utilitatis,
670 1695 735 1717 non
756 1689 824 1717 erat
851 1689 1016 1727 acceptan-

248 1733 342 1772 dum,
358 1744 417 1767 nec
433 1738 674 1778 approbandum
692 1750 699 1770 :
727 1748 807 1779 ergo
830 1740 924 1771 stulte
939 1741 1019 1772 fece-

249 1788 337 1826 runt,
353 1789 409 1828 qui
419 1794 636 1831 susceperunt.
648 1792 728 1823 Male
741 1793 837 1823 etiam
850 1793 922 1824 tecit
936 1793 1022 1824 Chri-

250 1842 318 1871 stus
340 1843 396 1881 qui
419 1845 623 1883 approbavit,
646 1845 723 1876 dum
745 1846 785 1876 ab
808 1855 846 1877 eo
870 1846 1022 1886 baptizari

250 1894 362 1932 voluit,
380 1896 461 1926 sicut
480 1897 595 1928 dicitur
608 1901 618 1917 ‘
635 1909 642 1928 ε
661 1907 739 1937 ergo
754 1899 779 1928 si
794 1899 911 1930 necilli
926 1900 1023 1931 faeie—

250 1947 327 1977 hant
338 1948 444 1986 stulte,
455 1959 513 1980 nec
528 1950 668 1982 Christus
680 1951 773 1990 male,
788 1960 867 1990 ergo
881 1951 1021 1992 aliquam

251 1998 422 2031 efficaciam
438 2002 562 2034 habuit.

291 2055 322 2083 4.
339 2052 428 2093 Item,
446 2056 531 2095 quod
544 2057 699 2096 majorem
712 2057 884 2087 efficaciam
896 2057 1020 2095 hahuit,

251 2113 349 2145 quam
363 2106 541 2146 baptismus
554 2108 680 2147 Christi,
698 2109 835 2147 videtur,
851 2109 927 2149 quia
940 2109 1025 2140 Chri-

252 2160 320 2189 stus
334 2160 509 2199 baptizatus
531 2164 577 2193 est
592 2162 779 2202 baptismate
794 2162 923 2193 Joannis
935 2186 943 2200 ‚
960 2172 1024 2194 non

252 2219 331 2242 suo:
357 2221 435 2251 ergo
459 2223 500 2244 ex
527 2224 621 2254 opere
645 2216 821 2255 praeposuit
842 2215 921 2246 illud
945 2225 1022 2247 suo:

253 2264 307 2294 sed
321 2274 385 2295 non
398 2269 478 2297 esset
492 2269 734 2307 praeponendus,
753 2269 812 2299 nisi
829 2271 908 2299 esset
928 2270 1025 2308 111330-

253 2317 298 2347 ris
312 2317 439 2349 virtutis
453 2321 483 2350 et
495 2321 641 2352 efficacia}
654 2332 660 2351 :
679 2331 768 2361 ergo,
785 2324 842 2353 etc.

295 2370 408 2402 Contra
427 2382 433 2402 :
455 2371 543 2409 Quod
558 2383 616 2405 nec
632 2375 672 2405 ad
687 2375 898 2413 signandum,
915 2384 972 2406 nec
987 2376 1024 2406 ad

255 2422 471 2463 efficiendum,
494 2426 621 2457 videtur
639 2436 646 2457 :
669 2428 761 2466 quia,
783 2428 810 2456 si
831 2429 869 2458 ad
893 2428 1024 2466 signan-

256 2475 334 2506 dum
355 2479 496 2517 tantum,
512 2488 592 2519 ergo
613 2480 672 2510 fuit
695 2483 930 2511 sacramentum
945 2481 1026 2520 legis

293 2557 391 2589 ¹Hug.,
410 2559 454 2583 lib.
476 2560 506 2591 11,
528 2568 554 2592 p.
575 2561 618 2591 Vl,
638 2567 660 2584 c.
682 2566 720 2584 111.
736 2573 766 2578 ·—
780 2561 790 2576 ²
813 2561 902 2591 Marc„
922 2567 940 2592 1,
960 2563 982 2586 4.
997 2574 1026 2579 —-

259 2591 267 2605 ¹
278 2592 354 2623 nug..
369 2593 412 2618 ubi
424 2601 508 2627 supra,
525 2596 551 2620 in
564 2596 632 2621 med.
648 2603 741 2627 cap.—
756 2596 766 2612 δ
781 2595 881 2626 ΜαιίΙι.,
897 2602 937 2627 111,
951 2598 987 2621 13.
998 2610 1024 2614 -

804 129 1112 161 SENTENTIARUM
1135 130 1208 162 LIB.
1233 131 1283 163 lv.

1073 198 1208 236 veteris;
1225 199 1251 229 si
1266 198 1304 230 ad
1319 199 1520 231 efficiendum
1532 224 1541 238 ‚
1557 200 1616 231 ruit
1630 209 1742 233 novae:
1765 211 1843 242 ergo

1074 260 1146 281 cum
1156 251 1330 291 baptismus
1339 252 1355 283 J
1358 253 1469 284 oannis
1479 262 1543 284 non
1556 254 1650 284 fuerit
1664 263 1841 287 sacramen-

1073 305 1141 334 tum
1160 304 1238 342 legis
1257 305 1389 343 veteris,
1408 306 1484 345 quia
1505 305 1643 337 Joannes
1664 309 1711 338 est
1733 309 1844 339 termi-

1073 365 1134 387 nus
1148 357 1243 397 legis3
1258 368 1316 388 nec
1331 368 1438 396 novae3
1456 359 1659 390 manifestum
1674 362 1720 390 est
1741 360 1842 400 igitur

1075 410 1159 449 quod
1175 419 1233 441 nec
1246 411 1406 450 signavit,
1423 421 1480 442 nec
1496 413 1696 443 efficientiam
1719 413 1843 444 habuit.

1114 462 1191 493 item
1202 487 1211 501 ,
1229 464 1312 504 quod
1328 464 1406 494 nihil
1422 465 1554 496 interius
1568 465 1687 503 fecerit,
1703 466 1840 504 videtur,

1073 515 1148 555 quia
1162 516 1278 547 dicitur
1287 520 1296 536 ⁵
1309 526 1316 547 :
1329 517 1398 557 qu
1412 517 1580 557 baptizavi
1590 526 1644 550 vos
1654 526 1751 558 aqua.
1764 518 1822 550 Et·
1834 528 1842 550 :

1074 568 1243 608 Propterea
1256 571 1331 602 veni
1346 578 1400 610 eqo
1415 571 1453 602 in
1467 579 1553 611 aqua
1567 572 1749 611 baptizans.
1762 571 1800 603 Et
1809 574 1820 591 '¹
1836 581 1843 602 ε

1076 621 1156 656 Ouia
1169 622 1308 654 Joannes
1323 624 1502 663 baptizavit
1518 633 1615 665 aqua.

1115 674 1192 706 item
1210 685 1306 716 super
1324 676 1402 708 illud
1421 677 1451 708 ⁸:
1474 678 1555 710 Erat
1579 679 1716 710 Joannes
1739 678 1844 719 bapti-

1073 737 1154 762 zans
1166 754 1173 767 ‚
1189 733 1248 762 etc.
1262 756 1270 769 ,
1288 731 1395 763 Glossa
1409 741 1417 763 :
1438 744 1452 761 (ι
1466 732 1627 770 Quantum
1643 734 1845 766 catechume-

1074 783 1122 814 nis
1138 784 1282 815 nondum
1297 785 1460 825 baptizatis
1469 787 1595 826 prodest
1605 787 1747 819 doctrina
1759 787 1843 825 fidei,

1073 839 1197 868 tantum
1220 839 1338 878 profuit
1356 839 1512 879 baptisma
1531 839 1660 871 Joannis
1679 843 1752 871 ante
1767 841 1844 880 bap—

1074 890 1207 921 tismum
1233 890 1356 922 Christi.
1383 902 1398 920 »
1427 891 1513 931 Ergo
1537 892 1564 922 si
1585 893 1763 924 secundum
1786 893 1846 924 hoc

1074 944 1178 975 solum
1192 944 1381 983 instruebat,
1404 945 1484 976 nihil
1507 945 1619 984 gratiae
1643 945 1841 977 conferebat:

1074 1000 1169 1037 patet,
1186 1000 1246 1029 etc.

1344 1077 1568 1110 CONCLUSIO.

1074 1157 1227 1192 Baptismus
1247 1157 1360 1185 Joannis
1381 1159 1437 1191 fuit
1456 1160 1596 1185 institutus
1615 1158 1651 1185 acl
1667 1159 1846 1193 praefiquran-

1110 1202 1172 1228 dum
1197 1202 1331 1236 baptisma
1358 1202 1474 1234 Christi,
1499 1203 1536 1229 ad
1561 1203 1789 1235 assuefaciendum
1811 1202 1847 1230 acl

1110 1246 1273 1279 baptismum
1295 1246 1409 1277 Christi,
1424 1249 1448 1273 et
1463 1246 1499 1272 act
1511 1247 1728 1273 annunciandam
1744 1246 1847 1281 baptis—

1111 1297 1181 1316 mam
1199 1289 1307 1321 Christi,
1325 1292 1350 1316 et
1367 1297 1419 1317 11071
1434 1290 1470 1316 ad
1486 1290 1663 1323 efficiendum.

1117 1364 1209 1404 Resp.
1235 1364 1274 1396 ad
1296 1374 1366 1403 arg.
1391 1364 1565 1396 Dicendum
1586 1364 1672 1404 quod
1690 1364 1846 1404 baptisma

1074 1416 1205 1448 ι1011111115
1226 1417 1286 1448 suit
1310 1417 1494 1448 institutum
1520 1418 1558 1448 ad
1582 1417 1848 1457 praesignandum

1075 1467 1231 1507 baptisma
1249 1468 1373 1506 Christi,
1396 1469 1478 1499 sicut
1494 1468 1568 1499 dicit
1582 1467 1747 1507 Magister,
1762 1467 1847 1508 quod

1075 1523 1142 1552 erat
1158 1530 1255 1552 sacrae
1278 1522 1322 1552 rei
1347 1521 1494 1560 signum,
1516 1521 1591 1561 quia
1607 1521 1754 1560 signabat
1768 1521 1846 1562 bap-

1076 1575 1208 1605 tismum
1225 1575 1337 1605 Christi
1352 1598 1361 1612 ,
1377 1576 1408 1605 et
1422 1575 1544 1606 ratione
1559 1575 1649 1606 istius
1663 1577 1732 1606 erat
1746 1575 1848 1615 quod-

1075 1628 1149 1658 dam
1166 1628 1260 1659 modo
1281 1630 1526 1658 sacramentum.
1549 1627 1624 1659 Fuit
1643 1628 1738 1659 etiam
1758 1628 1848 1659 insti-

1075 1683 1182 1712 tutum
1210 1681 1249 1712 ad
1283 1681 1552 1712 assuefaciendum
1587 1681 1626 1711 ad
1656 1681 1849 1721 baptismum

1077 1734 1192 1765 Christi
1205 1734 1217 1751 ⁹
1233 1745 1240 1764 :
1258 1735 1328 1774 Epo
1345 1733 1492 1774 baptizo,
1507 1736 1565 1764 ete.
1585 1733 1693 1764 Glossa
1710 1744 1717 1764 :
1737 1745 1752 1763 «ι
1766 1733 1850 1765 Tan-

1077 1789 1157 1824 tum,
1173 1795 1303 1827 corpora
1321 1787 1404 1825 lavo,
1420 1787 1496 1826 quia
1515 1789 1642 1827 peccata
1657 1787 1780 1818 solvere
1793 1796 1850 1818 ne-

1077 1849 1170 1880 queo,
1187 1843 1223 1870 ut
1238 1840 1320 1871 sicut
1333 1840 1491 1871 nascendo
1507 1842 1538 1871 et
1552 1839 1754 1880 praedicando
1766 1847 1850 1880 prae-

1078 1902 1189 1931 curro,
1214 1893 1257 1923 sic
1282 1893 1470 1933 baptizando
1493 1893 1532 1924 ad
1555 1892 1712 1932 baptisma
1738 1891 1852 1924 Christi

1078 1946 1228 1985 dirigam.
1243 1956 1258 1974 »
1268 1945 1306 1977 Et
1321 1948 1480 1985 quantum
1489 1946 1529 1976 ad
1539 1946 1600 1976 hoc
1614 1954 1679 1977 non
1694 1947 1742 1977 est
1752 1953 1853 1976 sacra-

1078 2001 1234 2036 mentum,
1248 1999 1301 2029 sed
1314 1999 1550 2038 sacramentale,
1563 1999 1643 2029 sicut
1651 2000 1853 2028 torneamen-

1079 2053 1159 2087 tum,
1177 2052 1207 2081 in
1224 2060 1289 2091 quo
1303 2052 1418 2082 milites
1433 2053 1628 2089 assuescunt,
1645 2059 1710 2081 non
1724 2053 1772 2081 est
1784 2050 1854 2081 hel-

1078 2103 1159 2135 lum.
1184 2103 1256 2135 Fuit
1273 2104 1369 2134 etiam
1389 2104 1453 2135 hoc
1471 2104 1510 2134 ad
1527 2103 1722 2143 baptismum
1739 2102 1854 2134 Christi

1079 2157 1295 2188 nuntiandum
1310 2180 1320 2195 ‚
1351 2156 1581 2187 manifestando
1609 2159 1770 2187 auctorem
1783 2179 1793 2194 ‚
1823 2158 1855 2187 et

1080 2211 1286 2250 praeparando
1302 2211 1482 2241 materiam:
1495 2212 1526 2240 et
1536 2210 1607 2248 hoc,
1625 2218 1699 2240 cum
1712 2209 1853 2250 baptiza-

1081 2264 1127 2294 vit
1136 2263 1306 2301 Christum,
1318 2263 1548 2301 manifestatus,
1560 2265 1606 2293 est
1616 2262 1758 2294 Christus
1769 2262 1805 2292 ¹⁰:
1816 2262 1853 2295 Ut

1080 2317 1340 2354 manifestaretur
1353 2318 1388 2348 in
1405 2316 1520 2354 Israel,
1532 2319 1699 2356 propterea
1710 2316 1786 2348 vem·
1798 2323 1852 2355 eqo

1080 2371 1117 2401 in
1131 2378 1215 2410 aqua
1229 2370 1410 2410 baptizans.
1424 2370 1461 2400 Et
1471 2370 1504 2400 in
1519 2370 1572 2400 iilo
1587 2369 1765 2409 baptizandi
1779 2371 1851 2399 actu

1081 2424 1210 2454 contulit
1220 2423 1362 2454 Christus
1369 2424 1531 2463 aquisvim
1542 2422 1798 2461 regenerativam
1809 2421 1849 2460 (α)

1080 2486 1090 2502 ⁶
1105 2486 1194 2512 Marc..
1215 2492 1231 2513 1,
1253 2488 1275 2509 S.
1298 2499 1323 2502 —
1349 2487 1357 2499 ²³
1377 2487 1457 2515 Jowz„
1483 2491 1500 2515 1,
1522 2487 1560 2509 3¹.
1580 2498 1606 2502 -—
1631 2484 1639 2500 7
1658 2485 1722 2514 Act„
1745 2489 1762 2512 Ι,
1783 2484 1805 2507 5.
1821 2496 1851 2501 —

1082 2522 1090 2535 ⁸
1105 2522 1197 2550 Mai-c„
1213 2528 1230 2547 1,
1247 2523 1269 2544 ¹1.
1284 2534 1314 2539 —
1332 2523 1341 2535 ³
1355 2521 1456 2552 Manli„
1472 2527 1512 2550 111,
1524 2521 1561 2544 12.
1576 2532 1602 2537 —
1622 2520 1641 2536 ¹⁰
1652 2519 1735 2548 Joan„
1748 2525 1765 2549 1,
1780 2520 1819 2543 3¹.

1112 2561 1144 2591 (α)
1165 2560 1235 2584 Edit.
1247 2561 1380 2592 Aqrippin.
1393 2561 1452 2585 1612
1465 2560 1535 2591 Oper.
1551 2559 1578 2584 V.
1597 2558 1656 2583 Bed.
1667 2558 1851 2590 regenerativoe

1081 2596 1294 2620 sanctificationis.
