2017 2948
587 143 680 175 DIST.
701 141 763 172 XV.
788 140 902 172 PART.
927 140 952 171 ΙΙ

225 214 256 242 2.
279 211 357 242 Item
385 211 555 242 satisfactio
583 212 629 241 est
657 218 714 250 per
736 217 866 249 poenam
878 232 886 245 ,
915 208 954 238 ad

185 274 281 304 quam
300 265 398 295 homo
418 274 482 295 non
504 267 630 295 tenetur
648 263 724 293 alias
738 262 799 292 nisi
813 271 869 301 per
883 261 954 292 cul-

184 327 274 358 pam,
291 321 321 349 et
336 319 511 349 secundum
523 317 679 357 judicium
696 315 864 346 sacerdotis
878 326 884 345 :
902 314 954 344 sed

184 371 223 402 ad
238 371 469 401 restitutionem
485 371 531 401 rei
550 371 663 400 alienae
678 370 814 405 tenetur,
832 377 868 398 eo
884 368 954 406 ipso

184 423 269 463 quod
284 426 330 454 est
344 431 394 453 res
408 423 509 453 aliena
521 432 559 453 ex
569 422 688 462 judicio
706 421 759 451 Dei
773 420 839 450 sine
851 428 953 450 sacer-

184 476 256 507 dote
271 487 277 506 z
295 484 387 514 ergo,
402 478 462 506 etc.

225 530 254 559 3.
279 528 373 566 Item,
399 529 424 558 si
449 531 495 559 est
519 538 590 568 pars
615 526 853 563 satisfactionis,
881 534 954 556 cum

185 581 354 612 satisfactio
368 581 456 612 nulla
471 582 509 612 sit
524 583 590 612 sine
606 581 775 616 charitate,
789 588 847 609 060
862 578 952 608 16511-

185 635 266 666 tutio
284 638 329 665 est
348 636 417 666 sine
431 635 600 666 charitate:
618 635 671 666 sed
684 635 744 665 1100
759 635 805 664 651
820 632 951 662 falsum:

185 697 274 727 ergo,
291 691 350 719 etc.

225 743 253 771 4.
278 741 355 772 Item
367 765 377 779 ‚
396 751 469 772 cum
486 742 548 772 sint
567 744 630 772 tres
648 742 752 781 partes
768 740 953 771 satisfactio-

185 794 244 831 nis,
258 794 374 825 scilicet
385 795 544 834 jejunium
557 819 565 832 ,
583 795 682 825 oratio
697 796 727 825 et
741 794 951 833 eleemosyna,

184 847 339 886 quaeritur
358 848 417 878 sub
440 857 501 887 qua
528 848 655 878 illarum
682 848 897 883 contineatur3
924 847 955 876 et

184 909 257 931 00111
272 901 331 931 sub
345 901 444 939 nulla,
461 904 557 941 patet,
574 903 632 931 etc.

436 1001 698 1033 CONCLUSIO.

184 1078 327 1105 Restitutio
359 1085 411 1104 non
440 1079 479 1104 est
510 1084 576 1111 pars
611 1077 811 1110 satisfactionis
844 1077 955 1110 proprie

218 1124 338 1156 sumptae,
353 1123 418 1155 quia
437 1122 575 1148 restituere
592 1123 694 1148 tenetur
710 1122 756 1155 qui
771 1128 824 1147 rem
834 1120 955 1155 possidet

215 1167 332 1193 alienam
342 1166 485 1193 secundum
499 1174 572 1193 omne
580 1168 641 1201 jus:
658 1167 682 1193 si
697 1168 784 1192 autem
803 1166 954 1198 satisfactio

219 1211 393 1237 communiter
407 1212 536 1241 teneatur,
551 1211 589 1237 sic
606 1214 640 1237 est
652 1217 719 1244 pars
732 1210 797 1243 ejus,
812 1211 877 1243 quia
890 1217 955 1243 opus

216 1254 321 1289 paenale
336 1256 381 1280 est.

226 1324 318 1364 Resp.
343 1325 382 1355 ad
401 1333 470 1363 arg.
492 1325 665 1355 Dicendum
686 1325 770 1365 quod
794 1325 875 1355 circa
895 1324 955 1354 hoc

185 1377 302 1417 duplex
319 1380 365 1408 est
379 1379 498 1418 opinio.
518 1378 652 1415 Quidam
669 1378 778 1409 dicunt
799 1378 882 1418 quod
902 1387 952 1408 re-

185 1431 305 1462 stitutio
318 1441 382 1463 non
398 1435 444 1463 est
454 1442 527 1471 pars
541 1433 770 1470 satisfactionis,
781 1433 954 1463 5611100110-

183 1486 339 1515 mentum.
378 1485 527 1522 Quaedam
559 1486 643 1517 enim
676 1487 884 1526 requiruntur
915 1487 954 1518 ad

183 1538 416 1577 poenitentiam,
433 1540 500 1569 sive
516 1540 775 1577 satisfactionem,
791 1542 826 1570 ut
840 1539 954 1570 funda-

184 1593 315 1622 menta:
345 1594 376 1623 et
397 1593 472 1623 talia
493 1596 567 1623 sunt
593 1594 710 1633 peccati
734 1593 894 1630 dimissio,
923 1595 954 1624 et

182 1643 293 1674 alienae
322 1644 368 1675 rei
403 1646 572 1676 restitutio.
611 1645 763 1683 Quaedam
793 1649 828 1676 ut
857 1655 954 1685 expe-

181 1696 308 1735 dientia,
332 1700 368 1728 ut
382 1698 484 1729 vitare
498 1708 631 1738 pravam
651 1699 842 1729 societatem.
861 1700 954 1736 (1016-

181 1750 254 1780 dam
279 1753 315 1781 ut
337 1751 560 1789 satisfactoria,
584 1755 617 1782 ut
637 1753 814 1791 ¹iejunium,
834 1752 950 1789 oratio,

181 1802 392 1843 eleemosyna.
426 1804 578 1841 Quaedam
609 1807 643 1834 ut
676 1805 889 1844 perficientia,
918 1808 954 1836 ut

182 1857 257 1885 sunt
267 1865 362 1894 opera
378 1857 689 1896 supererogationis¹
704 1869 710 1887 :
733 1858 953 1898 Quodcumque

181 1911 478 1949 supereroyaverz's,
494 1910 628 1941 reddam
650 1911 723 1943 tibi.
744 1911 782 1942 Et
804 1912 883 1942 ratio
904 1921 953 1942 eo-

182 1971 256 1992 rum
271 1965 327 2000 est,
346 1963 421 2002 quia
436 1963 529 2003 culpa
542 1964 669 2003 proprie
685 1967 732 1994 est
747 1964 780 1994 in
798 1964 908 2002 Deum,
923 1968 954 1995 et

182 2015 257 2054 quia
280 2015 448 2046 satisfactio
467 2025 522 2056 per
551 2026 677 2056 poenam
698 2017 896 2048 arbitrariam
918 2018 954 2048 fit

62 2080 140 2107 opinio
148 2083 168 2102 2,
182 2068 312 2099 arbitrio
331 2069 510 2099 sacerdotis.
527 2069 586 2100 Sed
600 2070 661 2100 alia
677 2070 783 2109 opinio
799 2073 860 2108 est,
878 2071 953 2110 quia

182 2122 339 2152 restitutio
357 2124 403 2152 est
426 2131 506 2161 opus
527 2123 787 2161 satiSfactorium,
806 2125 831 2153 si
852 2124 907 2154 fiat
920 2124 953 2154 10

183 2175 354 2212 charitate·,
377 2175 518 2215 alioquin
542 2185 629 2206 non:
659 2176 713 2207 sed
735 2177 779 2207 510
807 2186 865 2207 nec
892 2177 952 2207 alia

64 2242 168 2263 „metm-b
183 2236 290 2268 opera.
318 2227 424 2259 Posset
447 2230 554 2259 tamen
573 2229 654 2267 dici,
679 2230 762 2269 quod
785 2230 952 2260 satisfactio

63 2274 167 2325 ξῖξζῗοήε.
183 2280 300 2311 dieitur
324 2281 557 2318 communiter,
585 2284 616 2312 et
638 2283 788 2322 proprie:
812 2292 952 2314 commu-

183 2334 276 2371 niter,
292 2342 387 2364 omne
401 2343 482 2374 opus
495 2334 620 2374 poenale
635 2335 813 2366 voluntarie
829 2345 953 2367 assum-

182 2390 286 2427 ptum,
303 2387 370 2418 sive
380 2387 417 2417 ad
437 2387 521 2427 quod
536 2389 661 2419 tenetur
671 2389 792 2428 judicio
806 2389 871 2428 Dei,
886 2391 952 2421 sive

177 2440 299 2480 judicio
314 2440 482 2471 sacerdotis
497 2449 505 2471 :
523 2442 554 2471 et
577 2441 621 2471 sic
642 2443 798 2473 restitutio
814 2445 860 2473 est
875 2453 952 2484 opus

181 2493 438 2531 satisfactorium,
455 2495 486 2524 et
500 2495 569 2533 ejus
587 2504 671 2534 pars.
695 2496 727 2526 Si
748 2498 854 2527 autem
869 2497 953 2528 dica-

181 2549 234 2578 tur
249 2546 415 2578 satisfactio
425 2547 551 2587 proprie
562 2556 618 2588 per
629 2557 759 2589 poenam
773 2549 951 2582 voluntarie

213 2611 219 2624 ¹
234 2610 302 2641 Luc„
316 2616 343 2641 x,
355 2611 395 2634 35.

64 1338 141 1366 opinio
152 1342 171 1360 ¹.

959 165 966 171 .
991 140 1081 172 ART.
1103 140 1140 171 Il.
1161 139 1309 178 QUAEST.
1333 142 1383 173 IV.

1720 143 1779 171 619

1011 210 1223 248 assumptam,
1241 209 1279 238 ad
1293 218 1389 248 quam
1404 219 1467 240 11011
1484 210 1650 240 tenebatur
1663 209 1723 240 nisi
1739 217 1779 240 ex

1011 261 1113 300 culpa,
1128 263 1157 291 et
1170 260 1290 300 judicio
1306 262 1489 299 sacerdotis;
1508 262 1551 292 sic
1567 271 1632 291 11011
1648 263 1694 291 651
1706 270 1779 301 pars

1011 315 1089 353 eJ'us,
1106 314 1181 353 quia
1194 314 1359 345 restituere
1374 317 1515 353 tenetur,
1532 315 1587 354 qui
1602 315 1696 345 habet
1710 324 1778 345 rem

1011 367 1164 404 alienam,
1187 367 1362 397 secundum
1387 376 1480 397 omne
1492 369 1563 406 jus,
1586 367 1708 397 etiamsi
1732 376 1779 397 sa—

1011 420 1120 450 cerdos
1143 429 1308 459 nunquam
1332 421 1484 460 imponat.
1509 421 1653 450 Rationes
1677 420 1779 459 igitur

1011 473 1049 503 ad
1073 473 1209 513 primam
1230 477 1351 513 partem
1379 474 1551 513 procedunt
1575 474 1613 503 de
1640 474 1779 504 satisfac-

1011 526 1094 556 tione
1123 527 1204 557 dicta
1231 527 1462 564 communiter3
1491 527 1580 557 aliter
1608 526 1780 565 procedunt

1011 588 1121 610 omnes
1134 589 1175 610 ex
1189 581 1402 611 insufficienti.

1052 636 1080 663 1.
1103 633 1151 664 Ad
1166 634 1243 664 illud
1264 643 1337 664 vero
1354 633 1437 673 quod
1457 633 1606 671 objicitur
1628 633 1667 663 ad
1681 641 1779 672 oppo-
1795 641 1860 667 aem.
1873 641 1898 661 ad

1011 686 1124 724 situm,
1142 687 1227 726 quod
1242 689 1388 726 peccatur
1404 686 1507 717 solum
1522 687 1556 716 in
1572 686 1688 724 Deum,
1706 687 1778 724 etc.,
1795 678 1845 729 ‘ss'
1873 671 1898 691 ‘³¹¹

1011 739 1177 770 (licendum
1195 740 1278 779 quod
1301 749 1414 770 verum
1438 742 1483 770 est
1506 749 1561 779 pcr
1584 749 1637 777 se3
1664 739 1716 769 sed
1737 740 1782 769 ta-

1012 802 1096 830 men,
1114 793 1188 832 quia
1204 793 1300 823 homo
1316 795 1362 823 est
1378 793 1488 831 imago
1505 793 1571 825 Dei.
1589 795 1619 822 et
1633 792 1737 822 honor
1751 793 1782 822 et

1011 845 1219 876 dehonoratio
1239 846 1390 884 imaginis
1412 845 1450 875 ad
1466 847 1668 885 prototypum
1684 845 1780 875 reser-

1011 900 1079 928 tur:
1100 898 1187 935 ideo,
1205 899 1281 937 quia
1296 898 1461 937 proximus
1476 907 1515 928 ex
1535 898 1685 928 charitate
1708 897 1778 928 dili-

1012 952 1110 991 gitur,
1123 952 1215 990 diligi
1225 952 1317 982 debet
1328 951 1423 981 homo
1435 951 1466 981 in
1481 953 1639 990 quantum
1654 951 1779 990 imago:

1011 1005 1054 1035 510
1076 1005 1172 1035 etiam
1194 1005 1228 1034 in
1250 1004 1435 1043 proximum
1454 1004 1575 1043 peccari
1597 1006 1708 1044 potest.
1726 1004 1782 1035 Vel

1011 1057 1100 1088 aliter
1114 1057 1283 1088 dicendum
1299 1057 1381 1096 quod
1403 1059 1457 1086 aut
1477 1057 1666 1095 intelligitur
1680 1057 1718 1087 de
1732 1065 1780 1093 eo,

1011 1111 1065 1150 qui
1084 1120 1149 1141 non
1171 1110 1266 1140 hahet
1288 1110 1484 1149 superiorem
1500 1110 1539 1140 ad
1561 1110 1759 1149 puniendum
1771 1121 1778 1147 ;

1011 1167 1065 1194 aut
1090 1164 1278 1202 intelligitur
1300 1164 1406 1202 primo
1427 1165 1458 1193 et
1482 1163 1782 1202 p1·incipaliter;aut

1011 1218 1048 1247 (16
1063 1219 1188 1256 peccato
1199 1217 1283 1255 quod
1294 1225 1357 1246 non
1372 1217 1419 1246 651
1433 1216 1463 1245 111
1478 1216 1661 1255 proximum
1676 1217 1779 1253 extra,

1011 1271 1063 1301 sed
1080 1280 1135 1310 per
1151 1271 1332 1310 superbiam
1350 1270 1444 1300 intra.

1051 1326 1080 1354 Ξ.
1104 1323 1147 1354 Ad
1159 1324 1243 1353 aliud
1260 1325 1343 1362 patet
1356 1323 1528 1362 responsio,
1545 1321 1620 1361 quia
1634 1321 1782 1361 oincitur

1011 1378 1048 1408 de
1063 1377 1272 1407 satistaclione
1287 1377 1414 1416 proprie
1430 1376 1521 1406 dicta.

1051 1433 1080 1461 3.
1102 1431 1149 1460 Ad
1166 1430 1244 1460 illud
1263 1430 1349 1469 quod
1368 1429 1535 1469 objicitur,
1552 1428 1637 1468 quod
1656 1437 1721 1458 non
1735 1429 1782 1459 est

1010 1484 1077 1514 sine
1084 1484 1247 1520 charitate,
1256 1482 1424 1513 dicendum
1431 1482 1515 1522 quod
1522 1481 1699 1519 satisfactio,
1707 1481 1782 1521 quia

1011 1538 1084 1575 Deo,
1100 1546 1163 1567 non
1181 1538 1283 1576 potest
1298 1545 1364 1566 esse
1379 1535 1441 1565 nisi
1458 1536 1492 1565 111
1506 1535 1678 1573 charitate3
1696 1535 1781 1565 resti-

1009 1591 1100 1628 tutio,
1111 1591 1186 1630 quia
1198 1589 1354 1629 proximo,
1369 1591 1458 1619 extra
1468 1591 1568 1628 potest
1581 1597 1648 1618 esse
1661 1599 1666 1617 :
1681 1588 1733 1618 sed
1741 1588 1780 1619 ad

1009 1645 1068 1675 hoc
1075 1644 1159 1684 quod
1168 1644 1287 1683 placeat
1297 1643 1366 1680 Deo,
1375 1644 1496 1682 oportet
1503 1651 1569 1672 esse
1578 1642 1610 1672 10
1617 1641 1778 1672 charitate.

1049 1700 1079 1728 4.
1102 1697 1148 1727 Ad
1170 1696 1337 1733 ultimum,
1361 1695 1528 1725 dicendum
1550 1695 1636 1734 quod
1651 1695 1689 1725 ad
1711 1695 1781 1725 nul-

1009 1751 1072 1781 lam
1095 1750 1222 1780 illarum
1243 1749 1383 1788 partium
1411 1748 1587 1785 reducitur,
1612 1747 1686 1787 quia
1705 1749 1780 1778 sunt

1009 1803 1228 1834 satisfactionis
1245 1801 1371 1841 proprie
1384 1801 1487 1831 dictae.

1049 1860 1061 1886 1
1083 1859 1112 1886 61
1133 1859 1162 1886 2.
1180 1856 1227 1886 Ad
1248 1855 1325 1885 illud
1343 1856 1450 1885 autem
1474 1853 1559 1893 quod
1579 1853 1725 1893 objicitur
1741 1854 1780 1884 ad
1797 1855 1898 1881 Mem

1008 1910 1202 1941 contrarium
1216 1933 1225 1946 ‚
1250 1908 1332 1948 quod
1354 1909 1499 1947 peccatur
1524 1907 1558 1937 in
1578 1907 1777 1946 proximum,
1795 1891 1899 1937 1711811111)ιῖ3

1008 1963 1178 1994 dicendum
1199 1962 1283 2001 quod
1302 1970 1365 1991 non
1381 1962 1527 2000 peccatur
1545 1960 1578 1990 in
1595 1960 1779 1999 proximum

1009 2017 1068 2046 nisi
1094 2024 1150 2055 per
1177 2014 1338 2051 accidens,
1370 2013 1486 2043 scilicet
1509 2012 1584 2052 quia
1609 2012 1781 2043 offenditur

1009 2070 1090 2100 Deus
1114 2069 1146 2099 in
1172 2068 1336 2107 proximo:
1357 2069 1387 2097 et
1406 2066 1475 2097 ideo
1494 2066 1551 2096 soli
1575 2065 1637 2096 Deo
1661 2066 1780 2096 satisfa-

1008 2123 1154 2154 ciendum
1177 2124 1232 2152 est.
1258 2120 1320 2152 Nec
1337 2120 1381 2150 illi
1402 2120 1458 2159 qui
1482 2119 1589 2149 dicunt
1608 2119 1780 2150 restitutio-

1008 2185 1081 2206 nem
1101 2184 1167 2205 esse
1188 2173 1445 2209 satisfactoriam,
1469 2173 1538 2203 ideo
1563 2172 1688 2210 dicunt,
1705 2172 1779 2211 quia

1008 2239 1063 2269 per
1090 2229 1190 2268 ipsam
1217 2228 1313 2258 homo
1338 2226 1503 2256 satisfaciat
1532 2225 1695 2265 proximo;
1725 2225 1778 2256 sed

1007 2283 1082 2323 qnia
1107 2283 1187 2313 dum
1212 2281 1318 2321 aliquo
1341 2281 1434 2311 modo
1449 2279 1558 2317 {reddit
1585 2288 1652 2309 rem
1681 2287 1778 2318 quam

1007 2337 1128 2375 diligit,
1148 2338 1178 2366 et
1194 2337 1296 2375 posset
1312 2334 1350 2365 de
1364 2334 1443 2364 facto
1459 2335 1564 2363 tenere
1577 2356 1584 2368 ,
1601 2341 1709 2362 amore
1724 2331 1777 2362 Dei

1008 2393 1038 2421 et
1050 2389 1196 2420 mandato
1210 2388 1378 2419 sacerdotis
1389 2387 1534 2417 restituit.
1548 2385 1778 2416 Verumtamen

1007 2454 1072 2475 non
1089 2445 1135 2474 est
1150 2442 1307 2473 restitutio
1322 2441 1448 2481 proprie
1463 2439 1643 2477 satisfactio,
1660 2439 1714 2470 sed
1731 2439 1777 2470 in-

1007 2497 1142 2528 choatio.
1172 2496 1232 2527 Sed
1256 2504 1328 2526 cum
1353 2495 1390 2525 de
1411 2493 1539 2533 proprio
1563 2491 1682 2532 aliquid
1704 2493 1773 2530 dat,

1007 2553 1082 2582 tunc
1096 2552 1178 2581 recte
1194 2550 1246 2580 dat
1261 2550 1416 2580 honos-«sm
1433 2547 1505 2582 Deo,
1524 2550 1550 2577 vt
1567 2546 1750 2586 superaddit
1766 2557 1770 2576 :

1007 2605 1077 2637 ideo
1091 2604 1248 2637 satisfacit.
