2017 2948
252 183 310 214 116

250 248 324 279 ralis
339 248 492 277 creaturae
509 256 515 276 :
533 252 612 283 ergo
627 243 694 283 pari
707 243 829 272 ratione
849 250 913 271 non
929 239 1016 268 vide-

250 303 303 331 tur
319 300 439 330 donum
454 298 630 328 intellectus
649 295 787 326 ordinari
804 294 842 325 ad
863 292 1019 332 cognitio-

252 362 326 383 nem
339 352 473 391 alicujus
487 353 640 381 creatnrae

291 408 320 436 5.
353 405 428 436 Item
452 405 534 435 dona
553 412 625 443 (111ae
651 402 710 432 sibi
739 401 874 431 invicem
897 407 1016 428 corres-

251 459 405 499 pondent⁷
421 461 451 489 et
465 458 504 488 ad
528 467 560 487 se
580 456 821 490 combinantur,
838 453 876 483 ad
892 452 973 482 idem
989 453 1019 479 vt

250 514 331 544 circa
354 513 438 543 idem
459 513 644 542 versantur:
670 509 723 539 sed
740 508 859 538 donum
880 504 1018 535 intellec—

249 570 300 598 tus
312 590 321 604 ,
333 569 364 597 et
377 566 551 606 sapientiae,
568 562 789 594 combinantur
806 560 843 590 ad
861 558 996 588 invicem
1010 567 1017 587 :

250 628 330 658 ergo
344 628 417 649 cum
432 619 551 649 donum
565 616 726 656 sapientia}
737 615 776 644 sit
791 613 872 643 circa
887 613 1017 646 aeterna,

249 675 281 704 et
294 682 358 703 non
378 672 460 702 circa
474 673 651 706 creaturas,
668 668 793 699 videtur
808 665 893 705 quod
914 667 944 695 et
962 664 1017 694 do-

249 733 328 755 num
343 724 529 755 intellectus.

289 780 318 809 6.
342 777 438 815 Item,
459 777 484 806 si
507 775 602 806 simul
620 777 667 805 cst
688 774 769 804 circa
791 773 969 803 Creatorem
990 771 1020 800 et

249 832 443 867 creaturam,
460 838 537 869 ergo
551 829 676 860 videtur
691 827 776 866 quod
792 826 911 856 donum
926 822 1018 853 intel-

248 883 347 914 lectus
360 883 516 922 intelligat
531 884 562 913 et
578 883 749 919 cognoscat
764 880 861 910 Deum
879 886 934 917 per
949 886 1021 915 spe-

250 936 357 966 culum
375 946 382 966 z
399 944 478 975 ergo
496 944 561 966 non
579 935 704 965 videtur
723 932 849 963 differre
871 940 890 961 a
908 929 1022 969 cogni-

248 989 332 1020 tione
346 988 430 1019 fidei.

518 1054 742 1086 CONCLUSIO.

251 1125 353 1150 Donum
367 1123 515 1150 intellectus
529 1123 650 1149 consistit
665 1123 694 1147 in
707 1119 928 1154 contemplatione
945 1118 1023 1144 Crea—

500 1167 564 1193 toris
580 1168 603 1192 et
618 1168 755 1192 creaturae.

292 1240 384 1280 Resp.
400 1240 440 1271 ad
455 1249 526 1279 arg.
544 1239 715 1269 Dicendum
731 1238 814 1277 qnod
830 1237 971 1276 cognitio
986 1237 1024 1266 de

252 1294 314 1325 Deo
328 1294 387 1324 sub
398 1293 519 1323 ratione
534 1292 603 1322 veri
614 1293 715 1331 potest
728 1291 836 1320 haberi
848 1290 1024 1320 secundum

252 1347 408 1387 trIplicem
424 1346 555 1377 modum
568 1356 574 1375 :
587 1354 651 1375 uno
664 1343 756 1374 modo
769 1344 904 1373 habetur
916 1343 1026 1381 cogni-

252 1401 297 1432 tio
313 1401 366 1432 Dei
386 1410 441 1440 per
456 1399 633 1439 simplicem
653 1406 818 1428 assensum
832 1408 838 1434 ;
855 1396 916 1427 alio
931 1396 1025 1427 modo

252 1464 309 1494 per
345 1454 476 1484 rationis
513 1451 741 1483 adminiculum
759 1463 766 1488 3
799 1450 890 1481 tertio
932 1450 1025 1480 modo

253 1513 309 1545 per
324 1504 498 1544 simplicem
522 1502 709 1533 contuitum.
735 1500 879 1531 Primum
894 1503 940 1531 est
958 1501 1024 1530 vir-

252 1556 329 1587 tutis
352 1556 442 1594 fidei,
467 1557 559 1594 eujus
583 1557 630 1585 est
653 1554 825 1591 assentire;
848 1553 1026 1584 secundum

254 1611 302 1640 est
323 1610 397 1640 doni
422 1609 614 1646 intellectus,
639 1609 732 1647 cujus
755 1612 802 1638 est
825 1608 942 1638 credita
971 1617 1026 1647 per

254 1662 409 1693 rationem
420 1662 613 1701 intelligere;
628 1661 756 1691 tertium
767 1663 813 1691 est
824 1661 1026 1691 beatitudinis

255 1715 420 1746 munditiae
444 1714 567 1752 cordis,
594 1715 686 1753 cujus
710 1716 756 1744 est
781 1713 881 1744 Deum
905 1714 1025 1746 videre.

256 1767 412 1805 Quoniam
431 1776 510 1806 ergo
532 1767 669 1798 rationes
685 1767 860 1797 secundum
879 1777 959 1806 quas
969 1768 1027 1807 ju-

256 1832 372 1853 vamur
390 1823 429 1853 ad
453 1822 569 1853 credita
595 1821 812 1860 intelligenda,
828 1822 1028 1862 accipiuntur

256 1885 320 1906 non
346 1875 450 1906 solum
474 1885 493 1905 a
516 1875 749 1905 conditionibus
777 1875 949 1913 Creatoris,
975 1876 1029 1906 sed

257 1929 352 1960 etiam
377 1938 396 1959 a
417 1928 649 1959 conditionibus
670 1930 825 1959 ereaturae
840 1929 1027 1968 spiritualis,

258 1991 330 2022 quae
345 1983 427 2013 inter
437 1984 597 2012 creaturas
608 1982 835 2021 proximiorem
849 1982 943 2012 habet
957 1983 1031 2012 assi-

258 2035 454 2066 milationem
477 2034 516 2065 ad
538 2034 732 2072 Creatorem;
758 2035 832 2065 hinc
856 2037 918 2073 est,
945 2035 1030 2074 quod

259 2088 379 2119 donum
401 2088 594 2125 intellectus,
611 2089 703 2127 quus
724 2090 812 2117 actus
836 2094 882 2117 est
902 2088 935 2117 in
956 2097 1030 2118 con-

260 2143 497 2183 templationem
513 2143 631 2173 summi
646 2142 714 2172 veri
726 2142 842 2173 elevari
856 2152 911 2182 per
922 2143 1031 2173 lumen

261 2197 345 2237 quod
365 2206 429 2227 non
454 2197 557 2226 solum
576 2196 649 2226 facit
673 2196 837 2234 assentire,
863 2196 917 2226 sed
936 2196 1030 2226 etiam

262 2259 318 2290 per
344 2258 504 2289 congruas
527 2249 665 2279 rationes
692 2248 808 2279 credita
834 2248 1030 2287 intelligere,

263 2312 327 2333 non
338 2302 442 2333 solum
452 2302 622 2332 attenditur
632 2301 665 2331 in
676 2301 939 2341 contemplatione
950 2311 1034 2332 crea-

263 2355 350 2386 tricis
372 2355 533 2392 essentiae,
555 2355 608 2385 sed
634 2355 728 2385 etiam
752 2355 923 2394 spiritualis
943 2365 1033 2386 crea-

264 2410 356 2439 turae.
381 2408 428 2439 Ex
450 2408 510 2439 hoc
534 2409 633 2447 patet,
659 2407 730 2446 quis
755 2407 797 2438 sit
815 2410 902 2438 actus
923 2411 954 2438 et
977 2409 1032 2438 ob-

260 2463 383 2502 jectum
410 2461 577 2502 proprium
605 2460 703 2500 ipsius
728 2460 803 2491 doni
829 2461 1004 2492 intellectus
1025 2473 1031 2492 :

264 2515 413 2554 quoniam
428 2515 587 2554 objectum
604 2515 673 2553 ejus
687 2516 734 2544 est
751 2514 855 2553 ipsum
870 2523 984 2546 verum
996 2524 1036 2546 εε-

266 2570 404 2606 ternum,
416 2568 450 2599 in
461 2570 616 2608 quantum
633 2567 842 2606 intelligibile,
854 2576 918 2597 non
931 2568 1034 2598 solum

299 2630 305 2644 ¹
318 2630 438 2660 Bern.‚de
448 2630 524 2653 Dom‘s
532 2630 815 2660 spirit.saucti,Serm.,
827 2629 910 2659 quoad
921 2636 1032 2653 sensum.

813 170 1122 206 SENTENTIARUM
1145 170 1207 201 LIB
1230 170 1281 201 ΙΙΙ.

1077 237 1251 268 seeundum
1275 238 1418 277 proprias
1436 237 1647 274 conditiones,
1673 237 1726 267 sed
1747 238 1843 268 etiam

1076 291 1251 321 secundum
1271 292 1475 331 proprietates
1490 293 1709 321 creaturarum
1727 290 1785 321 sibi
1800 291 1842 320 si-

1077 344 1218 382 milium,
1243 345 1416 375 secundum
1438 344 1521 384 quod
1543 344 1616 373 dicit
1638 342 1787 382 Magister
1811 343 1845 373 in

1076 396 1197 434 littera;
1213 400 1301 427 actus
1325 406 1399 427 vero
1421 399 1490 436 ejus
1509 400 1554 427 est
1576 396 1781 436 contemplari
1796 396 1844 436 ip-

1076 458 1148 479 sum
1163 459 1277 481 verum
1291 451 1463 488 creditum,
1482 453 1515 481 ut
1530 450 1674 481 devotius
1687 449 1844 488 credatur,

1077 504 1106 532 et
1121 503 1282 533 ardentius
1303 504 1466 542 diligatur.
1488 504 1525 533 Et
1547 504 1590 534 ita
1611 503 1729 533 donum
1750 502 1846 532 intel-

1076 555 1174 586 lectus
1197 557 1337 587 consistit
1357 557 1389 587 in
1416 556 1678 596 contemplatione
1699 555 1847 587 rationali

1077 609 1229 639 Creatoris
1242 612 1272 639 et
1286 610 1458 649 spiritualis
1472 612 1638 645 creaturae,
1652 610 1732 639 sicut
1744 611 1845 640 osten-

1076 662 1155 692 dunt
1178 662 1315 693 rationes
1344 671 1416 702 quae
1445 661 1484 692 ad
1508 664 1629 701 partem
1655 661 1747 692 istam
1772 663 1848 692 sunt

1077 715 1225 746 inductae.

1118 771 1146 798 1.
1168 769 1215 798 Ad
1230 768 1307 799 illud
1325 777 1402 807 ergo
1422 768 1506 808 quod
1527 768 1629 808 primo
1650 767 1800 807 objicitur
1815 767 1848 798 in

1077 821 1292 858 contrarium,
1321 821 1405 860 quod
1428 821 1548 852 donum
1573 820 1736 860 sapientiae
1760 820 1849 851 ordi-

1077 877 1172 905 natur
1192 875 1231 905 ad
1255 876 1470 914 cognitionem
1492 875 1661 913 Creatoris,
1677 877 1708 906 et
1728 875 1848 906 donum

1078 928 1214 958 scientiae
1226 928 1265 959 ad
1275 928 1491 967 cognitionem
1502 930 1668 965 creaturae,
1680 927 1849 958 dicendum

1077 981 1161 1020 quod
1177 981 1266 1011 aliter
1288 984 1319 1011 et
1341 981 1432 1011 aliter
1455 983 1530 1011 sunt
1551 981 1604 1011 illa
1623 980 1685 1010 duo
1707 980 1790 1010 dona
1811 979 1850 1010 ad

1078 1033 1292 1071 cognitionem
1308 1033 1435 1063 illorum
1450 1033 1599 1070 duorum,
1615 1040 1712 1071 quam
1727 1031 1849 1062 donum

1078 1085 1255 1116 intellectus
1275 1097 1280 1117 :
1311 1086 1386 1125 quia
1411 1086 1531 1116 donum
1556 1085 1722 1124 sapientiae
1744 1086 1790 1115 est
1812 1084 1851 1116 ad

1078 1140 1292 1178 cognitionem
1309 1142 1502 1169 aeternorum
1522 1139 1697 1169 secundum
1717 1141 1852 1169 aeternas

1079 1193 1228 1230 rationes,
1242 1192 1418 1223 secundum
1431 1195 1537 1222 tamen
1549 1192 1633 1232 quod
1649 1191 1712 1222 illae
1723 1193 1851 1222 aeternae

1079 1246 1216 1275 rationes
1231 1248 1304 1276 sunt
1322 1246 1374 1276 via
1393 1245 1430 1276 ad
1447 1248 1579 1284 gustum
1599 1247 1631 1275 et
1649 1244 1850 1284 experimen·

1080 1298 1174 1328 talem
1202 1299 1419 1337 cognitionem
1448 1298 1566 1328 divinae
1596 1297 1780 1334 suavitatis,
1809 1296 1853 1327 ita

1080 1351 1165 1390 quod
1189 1351 1330 1390 cognitio
1351 1351 1404 1381 illa
1424 1351 1535 1389 gustui
1557 1353 1604 1380 est
1626 1359 1770 1386 annexa3
1796 1349 1854 1380 do-

1080 1413 1160 1434 num
1174 1413 1250 1434 vero
1269 1404 1446 1434 intellectus
1461 1403 1644 1442 negotiatur
1660 1403 1744 1433 circa
1758 1404 1851 1433 aeter-

1081 1467 1122 1487 na
1148 1457 1323 1487 secundum
1345 1457 1482 1487 rationes
1506 1459 1660 1494 aeternas,
1682 1465 1755 1496 quae
1780 1458 1854 1486 sunt

1081 1508 1133 1538 via
1156 1508 1194 1538 ad
1223 1508 1438 1546 cognitionem
1468 1507 1620 1538 veritatis.
1648 1506 1686 1537 Et
1709 1507 1782 1537 hinc
1808 1508 1855 1538 est

1081 1561 1166 1599 quod
1189 1560 1367 1591 Bernardus
1387 1563 1394 1579 ¹
1417 1561 1597 1600 appropriat
1618 1560 1737 1590 donum
1761 1559 1853 1590 intel-

1081 1613 1178 1644 lectus
1204 1614 1297 1652 fidei,
1323 1623 1395 1653 quae
1418 1614 1546 1643 assentit
1567 1622 1703 1643 summae
1728 1613 1854 1644 veritati

1082 1669 1209 1706 propter
1232 1676 1282 1705 se;
1308 1666 1427 1697 donum
1452 1675 1528 1696 vero
1555 1666 1718 1706 sapientiae
1738 1674 1853 1705 appro-

1083 1720 1164 1760 priat
1179 1720 1342 1757 charitati,
1359 1721 1407 1759 cuj
1414 1729 1451 1750 us
1466 1721 1512 1750 est
1531 1719 1697 1759 disponere
1712 1718 1751 1749 ad
1773 1727 1854 1757 gus-

1082 1773 1215 1803 tandum
1244 1773 1356 1803 Deum.
1387 1771 1447 1802 Per
1479 1772 1564 1802 hune
1596 1772 1691 1802 etiam
1724 1771 1855 1802 modum

1083 1829 1130 1857 est
1144 1827 1337 1857 differentias
1353 1826 1497 1857 invenire
1510 1825 1592 1856 iuter
1604 1825 1809 1862 intellectum,
1825 1827 1856 1855 et

1083 1880 1270 1910 scientiam:
1302 1880 1378 1919 quia
1408 1878 1539 1909 scientia
1565 1878 1747 1917 negotiatur
1773 1878 1856 1908 circa

1084 1934 1244 1963 creaturas
1264 1931 1441 1962 secundum
1456 1931 1594 1962 rationes
1609 1934 1748 1962 creatas:
1772 1930 1857 1962 unde

1084 1986 1241 2024 negotiari
1264 1986 1358 2016 habet
1377 1994 1441 2016 non
1465 1984 1569 2015 solum
1593 1984 1674 2014 circa
1696 1986 1857 2014 creaturas

1085 2038 1278 2077 spirituales,
1302 2047 1374 2077 quae
1390 2038 1509 2068 habent
1523 2038 1677 2068 rationem
1693 2036 1855 2075 imaginis,

1086 2091 1139 2121 sed
1152 2091 1246 2121 etiam
1261 2091 1343 2121 circa
1357 2090 1520 2121 sensibiles
1535 2092 1566 2120 et
1580 2089 1768 2129 corporales,
1783 2097 1857 2128 quae

1086 2142 1204 2173 habent
1218 2143 1374 2173 rationem
1389 2142 1526 2180 vestigii.
1542 2142 1667 2172 Donum
1681 2150 1756 2172 vero
1769 2140 1858 2171 intel-

1087 2197 1199 2234 lectus,
1215 2196 1273 2226 etsi
1294 2195 1476 2234 negotietur
1500 2195 1582 2225 circa
1605 2197 1781 2232 creaturas,
1798 2194 1858 2224 hoc

1088 2252 1194 2280 tamen
1217 2251 1263 2279 est
1284 2248 1460 2279 secundum
1484 2248 1621 2279 rationes
1645 2250 1802 2278 aeternas:
1827 2248 1859 2278 et

1088 2303 1157 2333 ideo
1170 2302 1272 2333 solum
1289 2304 1336 2332 est
1351 2302 1432 2332 circa
1446 2303 1606 2331 creaturas
1620 2300 1811 2340 spirituales,
1825 2300 1858 2330 in

1089 2357 1205 2396 quibus
1227 2356 1363 2386 rationes
1378 2357 1506 2385 aeternae
1525 2353 1666 2385 relucent
1683 2353 1787 2392 magis
1801 2361 1857 2384 ex-

1090 2418 1205 2448 presse.
1228 2408 1265 2439 Et
1283 2408 1326 2438 sic
1350 2409 1434 2447 patet
1455 2407 1538 2446 qnod
1562 2407 1637 2446 quia
1659 2406 1720 2437 alio
1744 2408 1774 2436 et
1797 2405 1858 2436 alio

1090 2462 1183 2492 modo
1198 2464 1244 2492 est
1259 2461 1434 2491 intellectus
1448 2460 1530 2490 circa
1543 2459 1719 2490 Creatorem
1733 2460 1765 2489 et
1775 2467 1860 2489 crea-

1090 2517 1195 2544 turam
1206 2538 1214 2550 ,
1230 2523 1326 2553 quam
1343 2512 1494 2552 sapientia
1509 2514 1541 2542 et
1559 2511 1707 2549 scientia;
1724 2510 1797 2542 hinc
1811 2513 1859 2542 est

1090 2566 1175 2606 quod
1190 2566 1250 2596 illis
1263 2566 1377 2597 habitis
1391 2574 1456 2596 non
1471 2564 1649 2604 superfluit.

1130 2622 1160 2649 Ξ.
1183 2619 1230 2649 Ad
1252 2619 1328 2649 illud
1352 2618 1437 2658 quod
1457 2617 1614 2656 objicitur,
1631 2616 1715 2657 quod
1735 2616 1858 2648 donum
