2017 2948
82 537 179 565 Ele-inpl-

199 145 256 174 146

198 212 275 244 tam,
299 216 354 247 per
375 215 471 246 quam
492 205 599 234 anima
620 202 756 233 eflicitur
774 201 833 230 tlvo
854 198 965 238 placita

199 264 228 292 et
242 262 368 300 accepta
384 260 434 290 :et
448 258 516 289 ideo
531 256 637 297 pertici
654 255 784 294 possunt
797 255 827 283 et
839 249 967 282 formari

200 323 254 354 per
270 313 418 353 gratiam,
433 320 506 351 quae
529 309 623 340 simul
639 308 796 347 gratificat
816 306 966 339 animam⁷

201 371 230 397 et
252 367 379 397 habitus
399 366 569 396 existentes
594 363 625 392 iu
649 362 712 392 illa.
739 360 917 395 Postremo,
944 357 968 386 si

202 421 371 461 loquamur
402 419 440 450 de
466 417 540 458 ipsis
570 415 730 447 habitibus
758 413 914 442 virtutum
937 410 968 439 111

201 473 435 513 comparatione
449 471 488 501 ad
502 471 598 500 finem
614 468 776 503 ultimum,
800 465 843 494 sic
858 464 968 493 formae

199 529 284 566 sunt,
308 529 338 557 et
357 524 538 556 formabiles
559 522 653 552 etiam
678 531 684 550 :
709 520 819 549 formae
839 517 969 557 quidem

199 581 284 618 sunt,
299 579 376 619 quia
398 576 617 617 dispositiones
636 575 711 604 sunt
730 571 831 611 ipsius
852 571 968 600 animae

199 636 380 666 ordinantes
391 633 429 663 ad
446 629 695 672 perveniendum
711 627 744 657 in
766 627 880 662 finem·,
906 625 969 655 sor-

200 688 331 719 mabiles
345 689 452 716 tamen
466 685 551 720 sunt,
568 682 645 722 quia
659 681 714 712 etsi
735 688 846 711 omnes
861 678 970 717 dispo—

200 743 278 772 nant
292 740 331 770 ad
354 738 548 769 tendendum
564 736 597 766 in
612 736 709 765 tinem
720 733 883 770 ultimum,
901 740 971 771 per-

199 795 290 825 fectio
310 796 415 823 tamen
432 789 601 821 tendentiae
616 788 704 818 venit
720 795 760 817 ex
780 786 848 825 ipsa
867 785 969 815 chari-

199 850 272 878 tate.
289 846 377 877 Sicut
390 845 476 876 enim
491 851 622 882 corpora
643 840 755 880 gravia
776 838 971 869 inclinantur

199 899 236 929 ad
263 899 408 928 centrum
431 904 487 935 per
510 893 633 934 pondus
654 891 757 927 molis,
781 890 825 919 sic
842 889 971 929 spiritus

200 951 298 982 tendit
321 950 358 980 ad
383 956 547 979 summum
571 947 691 976 honum
715 953 771 983 per
786 943 910 983 pondus
924 942 972 971 di-

200 1003 353 1035 lectionis.
380 1002 417 1033 Et
438 999 623 1040 11111115ωοᾱί
644 999 775 1038 signum
797 999 861 1033 est,
887 995 971 1035 quod

200 1057 335 1088 charitas
349 1055 444 1086 habet
460 1054 555 1090 idem,
581 1057 610 1083 et
632 1052 691 1082 sub
706 1051 816 1081 eadem
839 1049 971 1084 ratione,

202 1119 258 1150 pro
273 1110 394 1149 objecto
409 1110 440 1139 et
453 1108 527 1144 fine,
542 1105 625 1145 quod
640 1114 704 1135 non
725 1106 771 1135 est
786 1103 924 1142 reperire
940 1101 973 1131 in

201 1163 262 1193 alia
276 1162 405 1194 virtute.
432 1160 520 1191 Finis
535 1160 620 1190 enim
640 1159 687 1188 est
702 1158 821 1187 bonum
848 1155 906 1185 sul)
922 1163 971 1184 ra-

203 1216 287 1246 tione
302 1215 388 1252 boni,
407 1216 437 1244 et
451 1214 571 1243 honum
586 1220 766 1247 summum3
782 1212 812 1239 et
826 1209 887 1239 hoc
901 1207 973 1247 qui-

203 1270 275 1300 dem
296 1268 417 1298 honum
439 1267 498 1297 sul)
514 1265 633 1296 ratione
655 1264 730 1294 boni
750 1265 795 1292 est
816 1261 975 1292 charitatis

205 1323 374 1361 objectum.
410 1320 448 1350 Et
480 1320 644 1359 propterea
674 1318 796 1346 caeterae
822 1314 973 1350 virtutes,

206 1377 362 1415 quantum
387 1373 426 1404 ad
450 1372 606 1403 rationem
632 1369 800 1400 tendentiae
826 1368 859 1397 in
878 1367 976 1396 finem

206 1429 369 1465 ultimum⁷
394 1427 433 1457 ab
451 1426 517 1465 ipsa
532 1424 682 1455 charitate
697 1421 875 1460 suscipiunt
890 1429 976 1449 com-

207 1482 414 1522 plementum.
448 1478 486 1509 Et
509 1478 578 1508 ideo
606 1486 669 1506 non
692 1475 851 1505 immerito
881 1472 977 1502 radici

207 1532 367 1563 charitatis
382 1530 567 1561 attribuitur
583 1527 728 1568 perfectio
743 1525 858 1556 meriti.
875 1524 913 1554 Et
928 1532 975 1553 sc-

208 1586 350 1616 cundum
374 1584 433 1614 hoc
449 1582 575 1613 concedi
591 1583 690 1620 potest
705 1582 822 1610 ceteras
846 1578 979 1608 virtutes

208 1650 227 1670 a
237 1639 387 1670 charitate
401 1635 540 1673 formari,
553 1635 632 1664 sicut
643 1632 844 1663 auctoritates
857 1630 977 1664 dicunt,

209 1696 240 1724 et
253 1692 393 1723 rationes
416 1689 455 1720 ad
470 1689 530 1719 hoc
545 1687 681 1718 inductae
705 1685 885 1721 ostendunt,
906 1691 978 1722 quae

210 1744 417 1777 concedendae
438 1745 523 1780 sunt,
544 1741 695 1781 quoniam
711 1747 824 1769 verum
849 1737 979 1767 conclu-

209 1800 299 1831 dunt.

252 1856 281 1883 1.
298 1851 345 1882 Ad
361 1849 437 1880 illud
460 1857 536 1879 vero
557 1846 641 1886 quod
657 1846 760 1885 primo
774 1843 923 1882 objicitur
948 1843 980 1872 in

211 1905 418 1939 contrarium,
436 1901 520 1941 quod
538 1900 671 1930 virtutes
685 1898 755 1928 aliae
777 1898 896 1927 faciunt
911 1896 979 1926 ani-

212 1968 298 1990 mam
320 1957 506 1997 perfectam,
534 1952 702 1983 dicendum
730 1950 815 1990 quod
838 1952 883 1980 est
910 1958 981 1989 per-

213 2012 302 2043 fectio
315 2009 508 2049 simpliciter,
527 2008 557 2036 et
571 2007 616 2035 est
637 2004 785 2043 perfectio
806 2003 981 2033 secundun]

213 2064 290 2105 quid
307 2075 313 2094 ε
331 2061 482 2102 quaelibet
505 2060 612 2089 autem
628 2058 731 2087 virtus
754 2055 895 2085 animam
911 2064 983 2094 per-

216 2120 328 2148 fectam
341 2115 424 2151 fac-it,
440 2111 615 2142 secundum
630 2109 705 2148 quid
719 2110 837 2144 tamen,
851 2107 926 2146 quia
938 2117 984 2137 re-

215 2172 325 2211 spectu
348 2166 490 2207 specialis
504 2166 592 2194 actus
613 2165 643 2192 et
666 2161 789 2200 objecti.
817 2160 982 2190 Perfectio-

215 2233 289 2254 nem
314 2223 421 2252 autem
447 2217 631 2256 simpliciter
660 2224 723 2244 non
747 2214 841 2244 habet
866 2214 982 2251 anima,

215 2277 275 2308 nisi
300 2276 334 2306 in
357 2271 563 2304 universitate
587 2269 754 2304 virtutum,
781 2267 812 2296 in
829 2270 984 2306 quantum

215 2331 255 2361 ah
271 2337 333 2360 una
349 2327 572 2359 informantur,
589 2324 617 2351 et
633 2321 672 2350 ab
688 2329 751 2349 una
763 2320 913 2349 charitate
929 2320 986 2349 im-

215 2382 376 2421 perantur,
393 2375 549 2406 mediante
565 2373 657 2410 cujus
671 2371 860 2400 adminiculo
874 2371 985 2410 perdu-

215 2432 336 2463 ducunt
351 2428 389 2459 ad
411 2428 508 2457 finem
524 2423 685 2454 ultimum.
712 2420 798 2451 Unde
822 2421 892 2451 licet
915 2422 984 2452 alite

216 2485 348 2515 virtutes
376 2481 519 2512 dicantur
541 2477 710 2517 perficere,
732 2484 771 2505 ex
794 2475 853 2504 hoc
877 2477 984 2505 tamen

216 2547 281 2568 non
301 2537 402 2576 potest
424 2530 567 2564 concludi
584 2529 662 2569 quin
683 2529 759 2568 ipsae
779 2528 984 2567 perficiantur

216 2602 234 2622 a
258 2589 408 2620 charitate
439 2596 447 2615 ι
475 2583 657 2625 perfectioni
692 2581 778 2612 enim
807 2582 983 2612 secundum

721 126 1032 165 ser'l‘thTtARUM
1051 130 1125 161 LIB.
1150 132 1200 162 111.

1022 198 1097 236 quid
1115 199 1282 238 superaddi
1302 201 1402 239 potest
1422 199 1570 239 perfectio
1593 199 1787 239 simpliciter.

1063 254 1092 281 2.
1110 251 1156 282 Ad
1173 252 1249 282 illud
1264 252 1347 292 quod
1360 252 1522 291 objicitur,
1545 252 1629 291 quod
1649 252 1790 282 diverso-

1026 314 1096 334 rum
1112 305 1284 334 sccundum
1302 305 1450 344 speciem,
1475 305 1608 335 diversae
1630 307 1705 335 sunt
1720 314 1790 344 per—

1026 357 1174 387 fectiones
1185 358 1359 387 secundum
1369 358 1517 397 speciem,
1530 357 1697 388 dicendum
1707 357 1791 396 quod

1026 411 1070 437 est
1087 408 1234 447 perfectio
1258 409 1288 438 in
1304 418 1370 438 esse
1396 409 1509 447 primo,
1534 411 1562 438 ct
1578 411 1623 438 est
1646 408 1793 448 perfectio

1028 459 1059 487 in
1075 468 1140 489 esse
1155 459 1303 489 secundo.
1322 458 1462 489 Verbum
1478 462 1582 489 autem
1597 459 1792 499 propositum

1027 509 1191 539 veritatem
1210 510 1302 540 habet
1317 510 1354 539 de
1382 510 1570 549 perfectione
1584 512 1740 549 quantum
1755 509 1794 540 ad

1026 569 1093 590 esse
1120 560 1259 599 primum
1271 584 1278 597 ‚
1310 569 1374 589 non
1403 562 1508 590 autem
1538 560 1576 590 de
1604 560 1795 599 perfectione

1026 615 1182 652 quantum
1198 612 1236 642 ad
1252 613 1330 643 bene
1346 621 1423 642 esse.
1448 613 1525 643 Cum
1539 615 1646 643 autem
1661 612 1796 644 dicimus

1026 666 1126 705 ipsam
1143 667 1325 697 charitatem
1350 675 1416 696 csse
1439 666 1574 696 sormam
1597 669 1627 697 et
1649 666 1796 706 perfecti-

1026 727 1100 747 vam
1117 718 1286 755 virtutum,
1298 718 1357 747 hoc
1370 726 1430 747 non
1444 719 1489 747 est
1499 719 1655 757 quantum
1669 717 1707 747 ad
1719 717 1797 756 ipsa-

1028 780 1099 800 rum
1126 771 1264 810 primum
1290 780 1367 807 esse,
1395 770 1449 800 sed
1472 773 1627 809 quantum
1654 770 1693 801 ad
1718 771 1797 801 bene

1027 831 1104 855 esse,
1123 821 1265 851 videlicet
1286 824 1441 860 quantum
1457 821 1496 851 ad
1517 821 1751 860 perfectionem,
1767 823 1798 852 et

1028 875 1296 914 complementum
1321 874 1435 905 meriti.
1465 874 1549 904 L'ude
1573 875 1654 904 sicut
1675 877 1797 905 caeterae

1029 928 1172 964 virtutes,
1202 928 1273 957 licet
1298 927 1471 958 formaliter
1497 928 1739 967 distinguantur
1765 928 1798 958 in

1030 988 1147 1017 genere
1168 979 1305 1015 virtutiS‚
1332 981 1438 1009 taimen
1459 988 1477 1009 a
1499 979 1601 1017 gratia
1622 979 1799 1009 formantur

1029 1033 1203 1063 secundum
1218 1033 1301 1072 quod
1318 1033 1480 1071 gi'atuitae;
1508 1033 1550 1062 sic
1573 1032 1667 1062 etiam
1687 1034 1798 1062 ceterae

1030 1086 1172 1123 virtutes,
1190 1086 1337 1125 quamvis
1352 1086 1415 1116 sint
1429 1085 1584 1116 distinctae
1599 1095 1618 1116 a
1634 1085 1797 1122 charitate,

1030 1139 1157 1169 formari
1175 1141 1280 1169 tamen
1293 1141 1423 1178 possunt
1437 1139 1612 1170 secundum
1627 1139 1711 1178 quod
1732 1148 1798 1169 me-

1030 1192 1163 1229 ritoriae;
1200 1193 1422 1231 perfectionem
1447 1192 1531 1222 enim
1555 1192 1658 1222 meriti
1683 1191 1801 1222 habent

1031 1254 1070 1274 ex
1086 1245 1180 1274 unica
1202 1245 1334 1282 ratione,
1356 1244 1499 1275 videlicet
1522 1254 1561 1275 ex
1586 1245 1722 1284 perfecta
1737 1247 1802 1275 ten-

1031 1298 1137 1328 dentia
1153 1298 1184 1327 111
1200 1307 1362 1328 summum
1379 1299 1487 1328 tinem.

1073 1354 1101 1381 3.
1119 1351 1166 1381 Ad
1178 1351 1252 1381 illud
1267 1350 1351 1390 quod
1365 1351 1523 1389 objicitur,
1538 1351 1622 1390 quod
1638 1360 1710 1390 quae
1728 1353 1803 1382 sunt

1033 1406 1065 1436 in
1082 1405 1213 1435 diversis
1234 1405 1395 1445 subjectis,
1413 1413 1514 1435 unum
1530 1414 1594 1435 non
1612 1407 1711 1444 potest
1735 1414 1802 1436 esse

1033 1459 1161 1489 alterius
1176 1459 1277 1488 forma
1301 1460 1329 1487 et
1346 1458 1505 1497 perfectio,
1532 1458 1702 1488 dicendum
1717 1458 1802 1498 quod

1033 1512 1150 1551 aliquId
1166 1512 1329 1542 informari
1356 1511 1395 1541 ab
1411 1511 1521 1551 aliquo
1543 1513 1587 1541 est
1611 1511 1776 1551 dupliciter
1792 1522 1798 1541 :

1035 1565 1083 1595 vel
1100 1565 1180 1595 sicut
1193 1574 1211 1594 a
1226 1565 1378 1604 principio
1394 1565 1607 1602 constitutivo,
1626 1565 1674 1595 vel
1689 1564 1770 1594 sicut
1784 1573 1803 1595 a

1035 1618 1187 1658 principio
1201 1617 1336 1656 regitivo
1357 1620 1386 1648 et
1401 1618 1561 1648 diret-tivo.
1584 1617 1640 1648 Vel
1664 1627 1718 1657 per
1742 1617 1804 1648 alia

1035 1672 1142 1708 verba,
1160 1674 1205 1701 est
1218 1671 1319 1701 forma
1333 1680 1406 1710 quae
1419 1670 1555 1710 complet
1568 1671 1600 1700 in
1616 1670 1758 1708 essendo,
1773 1672 1804 1700 et

1035 1726 1081 1754 cst
1103 1724 1203 1754 forma
1227 1733 1298 1763 quae
1321 1724 1455 1763 complet
1478 1724 1511 1754 in
1531 1724 1697 1754 movendo.
1725 1723 1804 1754 Cum

1036 1786 1113 1816 ergo
1129 1777 1263 1807 dicimus
1277 1779 1395 1808 ceteras
1410 1777 1544 1807 virtutes
1558 1776 1687 1807 formari
1703 1785 1721 1806 a
1733 1776 1805 1806 cha-

1037 1831 1138 1868 ritate,
1163 1830 1223 1860 hoe
1249 1838 1313 1860 non
1334 1831 1380 1860 est
1403 1830 1479 1869 quia
1493 1829 1628 1860 charitas
1643 1829 1682 1859 sit
1705 1830 1805 1860 forma

1037 1884 1241 1914 constitutiva
1269 1884 1409 1922 ipsarum
1442 1883 1598 1913 virtutum
1611 1906 1618 1918 ‚
1655 1882 1733 1912 dans
1761 1881 1806 1912 eis

1037 1937 1305 1976 complementum
1334 1937 1368 1966 in
1396 1936 1542 1973 essendo;
1574 1936 1629 1966 sed
1657 1935 1732 1974 quia
1760 1936 1807 1965 est

1038 1990 1139 2020 forma
1154 1990 1316 2025 directiva,
1333 1990 1411 2019 dans
1427 1989 1470 2019 eis
1491 1989 1758 2028 complementum
1773 1988 1807 2018 in

1039 2041 1180 2079 regendo
1195 2043 1224 2070 et
1239 2041 1424 2070 ordinando.
1451 2040 1538 2071 Sicut
1554 2040 1639 2070 enim
1665 2040 1806 2078 gravitas

1038 2094 1174 2132 lapidem
1192 2102 1264 2123 cum
1283 2093 1431 2123 omnibus
1446 2102 1519 2132 quae
1533 2093 1566 2122 in
1581 2102 1617 2123 eo
1630 2095 1715 2130 sunt,
1740 2095 1806 2123 tra-

1039 2148 1085 2178 hit
1101 2147 1262 2185 deorsum,
1277 2149 1305 2176 et
1320 2147 1428 2185 dirigit
1443 2146 1480 2177 ad
1495 2149 1655 2183 centrum;
1672 2146 1717 2176 sie
1732 2146 1808 2176 cha-

1040 2201 1115 2230 ritas
1130 2200 1269 2230 animam
1285 2200 1387 2229 elevat
1400 2208 1540 2237 sursum,
1555 2201 1584 2229 et
1600 2201 1728 2230 caeteras
1742 2199 1807 2230 vir-

1040 2256 1121 2283 tutes
1137 2255 1243 2283 movct
1258 2255 1286 2282 ct
1301 2252 1410 2289 dirigit
1421 2253 1459 2282 ad
1475 2255 1568 2282 tinem
1584 2262 1692 2283 suum.
1719 2252 1808 2290 Quod

1041 2309 1145 2337 autem
1163 2307 1227 2345 ipse
1243 2305 1360 2343 objicit,
1377 2305 1459 2344 quod
1476 2305 1576 2335 forma
1591 2308 1621 2336 et
1637 2306 1807 2336 formatum

1040 2369 1104 2390 non
1121 2360 1249 2398 possunt
1274 2368 1340 2387 csse
1362 2358 1394 2387 in
1415 2358 1548 2388 (liversis
1567 2358 1724 2397 subjectis,
1748 2358 1808 2388 hoc

1040 2415 1086 2443 cst
1102 2421 1215 2442 verum
1230 2411 1268 2441 de
1279 2411 1379 2441 forma
1393 2411 1606 2449 constitutiva,
1628 2420 1700 2450 quae
1719 2420 1808 2441 com-

1040 2466 1102 2506 plet
1118 2466 1149 2494 in
1164 2464 1311 2501 essend03
1327 2464 1363 2493 de
1379 2465 1439 2494 alia
1451 2467 1556 2494 autem
1571 2473 1635 2494 nou
1647 2464 1741 2494 habet
1753 2473 1805 2494 ve-

1040 2519 1163 2548 ritatem
1184 2527 1189 2546 :
1207 2517 1286 2547 sieut
1302 2517 1388 2546 enim
1412 2526 1477 2547 una
1492 2517 1629 2556 potentia
1652 2518 1753 2555 potest
1766 2517 1806 2547 ab

1038 2577 1099 2608 alia
1111 2571 1180 2610 regi
1195 2573 1225 2600 et
1240 2570 1373 2607 moveri,
1389 2570 1433 2599 sic
1449 2569 1575 2600 habitns
1590 2569 1685 2601 unius
1699 2571 1808 2609 poten-
