2017 2948
241 148 299 177 626

240 214 364 249 actum,
383 209 497 240 scilicet
520 217 692 247 numerus,
716 218 825 246 mora,
845 211 876 238 et
895 207 1009 237 modus

240 264 377 304 agendi;
395 265 458 294 tres
472 260 805 303 respiciunt‘causzim,
823 261 939 291 scilicet
957 269 1008 290 co-

240 319 293 358 pia
304 343 312 356 ,
328 326 439 353 causa,
455 317 539 347 lucta
554 316 666 356 pusilla
680 327 686 353 ;
703 318 733 345 et
749 316 820 345 duae
835 317 911 344 sunt
926 314 1011 352 adja-

240 373 344 402 centes
355 395 364 408 ,
382 370 496 401 scilicet
512 370 617 407 loeus,
631 373 661 400 et
676 372 811 407 tenipus.

563 463 630 484 ΗΕΒ.
654 462 687 482 X.

256 523 318 547 Cum
332 521 424 553 gaudio
440 521 509 544 enim
524 519 601 544 dehet
614 519 706 549 facere,
720 518 869 542 immortalis
886 518 995 542 futurus.

279 585 410 617 Videtur
443 583 524 614 male
557 582 659 613 dicere
672 606 680 619 ,
716 581 792 620 quia
828 579 1012 619 poenitentia

240 639 380 670 maxime
391 636 531 667 consistit
544 636 578 665 in
591 635 696 665 dolore
708 637 738 664 et
749 634 897 674 lacrymis
911 643 918 664 ι
934 642 1012 671 ergo

240 701 303 722 non
327 690 420 721 debet
441 689 541 719 facere
566 697 639 718 cum
664 687 781 726 gaudio
791 711 801 725 ,
830 687 882 716 sed
908 686 1012 726 potius

239 754 312 776 cuni
327 744 444 775 dolore.
462 742 495 772 Si
510 745 543 772 lu
556 741 642 771 dicas
654 764 662 777 ,
679 740 764 780 quod
780 742 955 779 utrumque
969 739 1012 769 ibi

240 797 419 833 concurrit,
438 795 596 836 quaeritur
615 802 714 833 quare
730 793 832 832 potius
847 792 920 823 dicit
935 801 1010 822 cum

242 851 360 892 gaudio
373 859 440 881 esse
454 847 644 879 faciendum.

279 906 370 946 Resp.
385 904 555 934 Dicendum
566 900 649 940 quod
658 901 726 932 ideo
734 900 880 931 hortatur
889 897 927 929 ad
935 907 1014 936 gau-

239 960 339 997 dium,
356 957 524 998 quiaillud
537 958 583 987 est
596 953 851 986 conservativum
867 953 1012 983 omnium

238 1013 395 1043 virtutum
407 1035 414 1048 ,
434 1013 464 1041 et
480 1009 618 1040 maxime
637 1007 794 1037 virtutum
809 1014 881 1045 quae
897 1006 1012 1035 consis-

239 1068 311 1096 tunt
321 1065 401 1095 circa
410 1063 638 1104 poenalitatem.
649 1060 737 1092 Unde
749 1059 961 1099 Philosophus
969 1058 1009 1089 di-

239 1119 299 1148 cit:
318 1129 331 1146 a
347 1117 407 1154 Qui
422 1116 572 1152 continet,
589 1117 620 1144 et
633 1114 693 1144 hoc
709 1114 776 1152 ipso
795 1112 924 1151 gaudet,
938 1113 1012 1151 jure

239 1173 341 1201 castus
351 1172 410 1200 est.
421 1180 435 1198 1)
453 1168 489 1198 lit
499 1168 550 1198 ille
560 1176 635 1198 vere
645 1166 739 1196 habet
750 1166 917 1205 perfectam
929 1165 1013 1194 forti-

239 1223 393 1260 tudinem,
410 1222 465 1262 qui
479 1231 543 1252 non
557 1221 659 1251 solum
673 1228 736 1249 non
750 1218 940 1255 succumbit,
958 1217 1012 1248 sed

239 1277 334 1307 etiam
348 1276 378 1306 in
392 1274 672 1315 poenitentialibuS,
685 1272 734 1303 vel
746 1271 923 1311 poenalibus
935 1280 1013 1309 gau-

239 1330 307 1360 det:
320 1332 351 1360 et
362 1329 431 1360 haec
441 1331 487 1359 est
498 1326 679 1367 principalis
693 1325 784 1362 ratio,
798 1333 897 1364 quare
908 1324 1012 1354 horta-

239 1386 293 1414 tur
302 1383 342 1414 ad
353 1382 522 1422 gaudium,
536 1381 610 1420 quia
620 1379 711 1410 aliter
721 1378 895 1417 assumptio
907 1386 1012 1417 poena-

239 1437 336 1468 litatis
350 1446 414 1467 non
429 1438 476 1466 est
499 1435 652 1466 virtuosa.
680 1432 769 1463 Ratio
790 1434 896 1462 autem
914 1440 1013 1470 quare

240 1490 447 1529 gaudendum
458 1488 544 1518 estin
554 1487 738 1527 poenitentia
748 1510 755 1523 ,
770 1487 816 1515 est
825 1484 1009 1523 multiplex:

239 1543 343 1583 prima
366 1544 413 1572 est
435 1540 643 1572 consideratio
667 1538 847 1578 aequitntis3
875 1537 1013 1567 secunda

239 1600 287 1628 est
301 1595 507 1627 consideratio
522 1593 678 1625 utilitatis.
697 1591 841 1631 AEquitas
855 1593 901 1621 est
916 1589 1014 1620 maxi-

240 1660 291 1682 me
304 1650 358 1685 ibi,
375 1652 410 1680 ut
424 1658 496 1679 caro
509 1656 581 1687 quae
598 1647 695 1677 traxit
710 1647 884 1686 peccatum,
899 1646 929 1674 et
942 1644 1014 1674 sub-

235 1703 368 1743 jUgavit
391 1711 447 1742 per
476 1700 714 1732 delectationem
728 1721 735 1735 ,
762 1700 792 1728 et
816 1697 945 1727 inimica
968 1698 1014 1726 est

241 1756 365 1797 spiritui
388 1755 548 1791 veritatis⁷
576 1762 593 1783 e
617 1754 725 1783 contra
751 1750 936 1790 suinciatur
959 1758 1015 1789 per

242 1810 445 1841 afflictionem
456 1832 465 1845 ,
488 1810 519 1838 et
534 1815 590 1846 per
604 1806 664 1836 hoc
681 1804 914 1841 reconcilietur,
930 1805 961 1833 et
976 1802 1015 1833 de

242 1863 371 1894 inimico
384 1861 523 1894 vindicta
537 1861 694 1890 sumatur.
719 1857 807 1888 Unde
822 1857 904 1886 sicut
917 1855 1015 1886 homo

242 1916 376 1948 carnalis
390 1915 529 1946 multum
554 1913 672 1952 gaudet
686 1912 719 1941 in
734 1910 933 1950 depressione
953 1910 1013 1939 ini-

243 1970 335 2008 mici,
355 1970 399 2000 ita
413 1967 585 2008 spiritualis
601 1966 693 1996 debet
710 1964 850 2003 gaudere
866 1963 903 1994 de
918 1963 1016 1993 afflic-

243 2024 329 2055 tione
343 2023 465 2059 carnis;
482 2024 512 2052 et
526 2021 606 2050 sicut
617 2019 717 2058 judex
726 2019 833 2056 justus
849 2017 968 2055 gaudet
980 2016 1015 2047 in

244 2077 467 2110 exercitatione
488 2074 620 2115 Justitiae
633 2097 640 2109 ‚
673 2073 718 2102 sic
746 2072 902 2111 poenitens
926 2071 1018 2102 debet

246 2131 387 2172 gaudere
402 2140 410 2161 ι
438 2131 468 2159 et
496 2128 564 2159 ideo
589 2127 705 2157 dicitur
719 2126 725 2142 ¹
744 2136 751 2155 z
783 2124 945 2156 Gaudium
973 2128 1019 2156 esi

241 2186 330 2225 ,fusco
356 2185 455 2222 facere
477 2181 643 2220 justiliam
661 2180 700 2217 (ιι)
716 2189 723 2215 ;
749 2181 799 2208 et2
815 2189 821 2207 :
851 2179 909 2209 [ον
933 2178 1018 2217 quod

247 2240 337 2272 novit
356 2234 608 2270 amaritudinem
628 2234 744 2264 ιιηίηιω
764 2240 831 2263 sicce
843 2255 850 2267 ,
867 2234 926 2262 etc.
950 2232 1019 2262 Alia

249 2297 294 2325 est
316 2289 524 2323 consideratio
550 2286 732 2326 multiplicis
754 2285 920 2323 utilitatis,
946 2295 1019 2325 quse

249 2349 295 2378 est
309 2344 418 2376 tabula
431 2340 626 2372 liberationis
641 2349 659 2369 a
673 2339 843 2377 naufragio
859 2348 865 2368 :
882 2339 967 2369 unde
983 2339 1021 2369 si-

250 2403 303 2432 cut
317 2398 436 2439 gaudet
455 2396 526 2436 quis
537 2419 545 2432 ,
567 2393 694 2434 quando
708 2392 745 2422 de
760 2392 929 2431 naufragio
944 2403 1020 2423 eva-

250 2454 314 2491 dit,
336 2453 380 2482 sic
400 2450 554 2491 poeniteus
570 2448 663 2478 debet
676 2446 827 2485 gaudere.
848 2446 919 2475 Alia
940 2447 1021 2478 ratio

250 2508 352 2546 potest
365 2513 432 2535 esse
452 2512 492 2534 ex
506 2503 594 2542 parte
610 2500 703 2536 boni,
724 2498 799 2538 quia
813 2501 946 2529 renovat
961 2499 1021 2530 ho-

285 2578 289 2590 ¹
303 2576 387 2603 Prota,
403 2579 457 2604 xxi,
475 2576 512 2597 11-
524 2585 554 2590 -
569 2573 576 2585 ²
592 2571 637 2600 ld..
652 2576 706 2600 xiv,
724 2572 760 2594 10.
772 2583 802 2587 -
817 2569 827 2586 ⁸
843 2569 909 2594 psal.
926 2575 971 2600 cu,
998 2572 1020 2594 5.

285 2621 316 2650 (ιι)
332 2619 407 2649 Vulg.
416 2617 550 2648 judicium.
561 2628 591 2634 —
605 2615 640 2646 (b)
656 2614 716 2639 Gaet.
729 2613 790 2638 edit.
802 2614 879 2638 uude.

796 139 1105 173 SENTENTIARUM
1128 139 1200 170 LlB.
1226 139 1274 170 lv.

1068 207 1186 236 minem
1198 230 1207 244 ‚
1229 205 1404 236 secundum
1417 204 1496 236 illud
1511 204 1650 236 Psalmi⁸
1664 216 1672 236 :
1691 206 1833 240 Renova—

1067 259 1153 291 bitur
1169 263 1204 291 ut
1219 259 1337 299 aquiloe
1346 259 1517 298 jziventus,
1532 261 1591 291 etc.
1607 259 1728 290 Damna
1740 261 1835 292 etiam

1067 313 1242 352 spiritualia
1253 313 1295 343 ibi
1308 315 1526 343 restaurantur
1539 324 1545 343 ε
1561 315 1591 342 et
1604 313 1648 343 sic
1660 316 1744 353 patet
1756 314 1836 345 mul-

1067 365 1164 404 tiplex
1187 366 1267 396 ratio
1289 366 1412 405 gaudii.
1439 366 1476 396 Et
1495 366 1580 406 quod
1601 366 1728 405 objicit,
1751 367 1838 407 quod

1067 418 1158 448 debet
1184 419 1285 450 facere
1308 428 1382 450 cum
1407 419 1534 457 dolore,
1561 419 1730 450 dicendum
1753 420 1839 461 quod

1067 471 1149 501 istud
1165 481 1229 502 non
1247 472 1379 512 impedit
1390 496 1398 509 ,
1421 473 1496 512 quia
1511 473 1638 512 quando
1652 473 1726 512 quis
1741 473 1839 505 vehe-

1068 527 1190 555 menter
1209 525 1312 561 dolet,
1333 526 1366 556 in
1389 525 1454 556 solo
1476 525 1582 557 dolore
1597 527 1719 557 invenit
1735 526 1838 558 delec-

1067 578 1229 608 tationem.
1255 577 1342 608 Unde
1365 578 1549 618 exemplum
1573 581 1620 610 est
1643 579 1682 609 de
1706 580 1839 619 Augus-

1067 631 1152 668 tino,
1182 631 1236 670 qui
1263 634 1370 662 narrat
1380 632 1401 668 ⁴,
1430 632 1513 671 quod
1539 633 1668 672 quando
1693 636 1839 665 mortuus

1067 687 1133 714 erat
1149 685 1251 714 socius
1262 708 1272 721 ,
1290 684 1323 714 in
1338 684 1425 714 nullo
1439 684 1651 716 delectabatur
1664 686 1726 716 nisi
1741 686 1772 717 in
1785 696 1840 726 ge-

1069 737 1168 774 mitu;
1185 740 1215 768 et
1230 747 1324 777 poena
1338 741 1405 768 erat
1419 738 1447 768 ei
1463 739 1566 769 omnis
1581 739 1642 770 alia
1656 739 1818 771 delectatio
1828 765 1836 778 ,

1068 794 1098 821 et
1118 792 1150 821 in
1175 791 1234 822 hac
1271 792 1337 822 sola
1360 792 1539 831 quiescebat
1561 803 1568 823 :
1593 796 1712 832 quanto
1731 795 1838 833 magis

1068 845 1168 884 igitur
1182 845 1274 875 debet
1290 845 1361 885 quis
1377 846 1409 875 in
1425 845 1532 877 dolore
1545 846 1583 877 de
1596 848 1723 887 propria
1737 851 1839 879 morte

1068 898 1184 929 laetari!
1200 898 1237 929 Et
1252 898 1322 929 ideo
1334 901 1418 930 recte
1430 899 1515 937 dicit,
1533 900 1618 939 quod
1632 910 1705 932 cum
1721 901 1840 941 gaudio

1068 952 1170 983 faeere
1184 952 1291 990 debet,
1310 955 1369 984 etc.

1387 1056 1454 1078 DUB.
1474 1057 1521 1079 Xl.

1068 1118 1160 1142 Caveat
1180 1124 1212 1141 ne
1226 1118 1316 1142 ductus
1339 1119 1494 1157 verecundia
1508 1118 1604 1143 dividet
1621 1119 1688 1150 apud
1702 1125 1729 1144 se
1744 1120 1842 1144 conres-

1400 1161 1509 1178 510118Ιῦ.

1108 1218 1237 1250 Videtur
1259 1219 1340 1250 male
1361 1219 1465 1250 dicere
1477 1243 1486 1258 ,
1509 1221 1586 1260 quia
1605 1223 1724 1261 quanto
1738 1220 1838 1260 pluri-

1067 1272 1129 1303 bus
1144 1271 1281 1310 revelat,
1298 1275 1385 1303 tanto
1397 1274 1500 1312 major
1514 1274 1575 1304 erit
1589 1273 1792 1311 verecundia,
1809 1276 1841 1305 et

1067 1324 1138 1364 plus
1163 1324 1258 1355 habet
1287 1324 1371 1355 uude
1397 1325 1574 1356 erubescat.
1603 1324 1692 1356 Unde
1715 1325 1841 1357 videtur

1068 1378 1152 1418 quod
1169 1378 1228 1408 1100
1243 1387 1307 1413 11011
1322 1378 1362 1408 sit
1375 1386 1416 1409 ex
1430 1378 1638 1418 verecundia,
1662 1378 1716 1410 sed
1731 1381 1840 1410 eontra

1068 1431 1306 1462 verecundiam.

1109 1483 1202 1523 Resp.
1228 1484 1400 1515 Dicendum
1422 1484 1506 1524 quod
1526 1485 1718 1516 verecundia
1739 1486 1841 1525 potest

1068 1546 1134 1567 esse
1160 1537 1262 1576 1110101-
1285 1537 1472 1576 dupliciter:
1497 1540 1554 1568 aut
1577 1538 1654 1577 quia
1676 1540 1842 1578 reputatur

1069 1590 1141 1629 quis
1156 1593 1299 1629 peccator
1314 1591 1453 1620 enormis
1468 1593 1498 1621 et
1513 1600 1653 1630 magnus
1665 1614 1675 1629 ,
1698 1593 1754 1622 aut
1767 1591 1842 1631 quia

1069 1652 1088 1673 a
1102 1643 1250 1682 pluribus
1263 1652 1330 1673 csse
1343 1646 1487 1682 peccator
1501 1644 1700 1682 cognoscitur
1714 1655 1720 1674 :
1740 1646 1770 1674 et
1782 1644 1842 1684 pri-

1070 1705 1122 1726 ma
1140 1696 1332 1726 verecundia
1360 1697 1461 1735 maior
1475 1699 1520 1726 est
1536 1707 1543 1726 :
1560 1698 1591 1726 et
1614 1696 1694 1734 ideo,
1717 1705 1775 1736 pro
1793 1697 1841 1727 vi·

1070 1749 1164 1779 tanda
1180 1749 1314 1789 maiori,
1336 1749 1425 1779 facile
1439 1749 1474 1787 (b)
1498 1751 1673 1780 assumeret
1690 1750 1763 1788 quis
1784 1749 1841 1780 mi-

1071 1812 1202 1840 norem,
1222 1812 1257 1832 ac
1275 1811 1330 1842 per
1352 1802 1412 1832 hoc
1431 1802 1600 1841 derogaret
1617 1803 1743 1833 veritati
1766 1812 1840 1834 con-

1071 1855 1213 1887 sessionis
1224 1880 1233 1893 ‚
1252 1864 1325 1896 quae
1339 1864 1403 1886 non
1419 1857 1466 1886 est
1481 1855 1667 1894 dividenda,
1691 1856 1775 1887 sicut
1787 1864 1843 1896 pa-

1071 1909 1148 1940 tebit
1163 1909 1243 1938 infra
1254 1909 1275 1939 ⁵.

1385 1967 1453 1988 nun.
1477 1966 1532 1988 ΧΠ.

1073 2026 1167 2049 Caveat
1182 2025 1257 2049 etiam
1274 2032 1306 2048 ne
1317 2025 1386 2055 prius
1401 2025 1433 2048 ad
1447 2024 1604 2048 dominicum
1621 2031 1713 2055 corpus
1727 2025 1846 2056 accedat,

1198 2068 1274 2091 quam
1288 2060 1414 2084 confortet
1432 2068 1459 2084 se
1473 2061 1542 2084 bona
1556 2060 1722 2084 conscientia.

1115 2124 1273 2161 Quaeritur
1310 2123 1386 2162 quid
1421 2125 1552 2153 vocatur
1588 2122 1640 2152 1110
1666 2123 1845 2161 confortari

1075 2179 1154 2209 bona
1176 2177 1381 2208 conscientia.
1404 2175 1536 2206 Yidetur
1558 2176 1663 2213 enim,
1687 2176 1772 2215 quod
1792 2176 1847 2215 qui

1076 2233 1121 2261 est
1138 2231 1169 2260 in
1185 2230 1290 2267 gratia
1302 2253 1310 2267 ,
1329 2229 1425 2268 possit
1440 2229 1587 2259 accedere
1603 2229 1670 2259 sine
1685 2228 1778 2268 culpa
1793 2240 1799 2259 :
1816 2230 1847 2259 et

1076 2284 1146 2315 talis
1161 2286 1207 2313 est
1221 2283 1376 2313 contritus
1390 2284 1463 2312 ante
1477 2282 1718 2312 confessionem.
1736 2281 1797 2313 Sed
1814 2281 1846 2311 111

1077 2336 1271 2368 contrarium
1286 2338 1352 2372 est,
1369 2335 1454 2375 quod
1468 2335 1541 2365 dicit
1557 2335 1652 2374 Hugo
1667 2335 1701 2365 in
1717 2334 1848 2375 epistola

1078 2390 1121 2422 acl
1142 2389 1340 2421 Bernardwn
1353 2400 1365 2420 :
1384 2401 1398 2417 «
1413 2389 1570 2420 Audacter
1589 2389 1658 2419 dico
1670 2412 1678 2426 ‚
1703 2388 1729 2418 si
1754 2386 1848 2418 suerit

1077 2443 1249 2481 contritus,
1272 2451 1337 2472 non
1355 2444 1461 2472 tamen
1476 2442 1567 2472 debet
1589 2440 1824 2472 communicare
1836 2463 1844 2476 ‚

1077 2499 1250 2535 antequam
1274 2495 1436 2526 consessus
1460 2494 1565 2525 fuerit.
1595 2506 1610 2523 υ
1634 2493 1767 2533 Propter
1787 2491 1849 2522 hoc

1077 2578 1182 2635 tl*{‚¹¹⁴²''
1202 2576 1285 2605 Cous„
1304 2575 1346 2598 lit».
1369 2576 1409 2603 lx',
1429 2583 1451 2598 c.
1472 2580 1506 2598 iv.
1525 2587 1554 2592 —
1573 2574 1583 2590 ⁸
1599 2574 1660 2598 Dis-2.
1685 2578 1742 2600 xxi,
1764 2578 1789 2602 p.
1812 2578 1848 2602 11,

1096 2619 1111 2635 11
1133 2630 1139 2635 .
1155 2613 1177 2635 4.
