2017 2948
590 135 682 165 DIST.
703 136 767 167 XII.
792 136 906 168 PART.
930 138 952 168 I.
977 139 1067 170 ART.
1089 140 1125 170 II.
1147 139 1294 177 QUAEST.
1319 142 1356 172 Il.

189 203 334 234 dentibus
359 214 366 233 :
392 211 470 242 ergo
493 211 558 234 non
581 203 774 234 convertitur
795 204 828 234 in
852 213 956 236 saera-

188 259 344 288 mentum.

229 311 306 341 Item
318 311 344 341 si
359 310 562 346 convertitur,
579 311 633 339 aut
650 317 726 347 ergo
746 309 865 340 virtute
880 320 953 341 san-

188 365 308 403 guinis,
326 366 380 394 aut
402 364 520 394 virtute
540 362 607 393 vini
626 373 633 392 :
655 361 772 392 virtute
791 364 956 402 sanguinis

187 426 261 454 non,
279 417 352 456 quia
368 415 501 454 sanguis
515 415 567 444 ille
581 416 626 445 est
646 414 857 453 glorificatus;
876 425 955 454 ergo

186 479 251 500 non
278 469 371 500 habet
406 468 578 508 potentiam
606 468 808 498 convertendi
835 469 954 508 aliquid

186 522 272 552 aliud
287 522 320 552 in
341 531 384 552 se.
402 522 480 552 Item
495 530 559 551 non
573 521 690 551 virtute
712 520 791 557 vini,
808 522 883 560 quia
902 522 951 552 vi-

185 584 265 605 num
285 575 369 614 quod
390 574 596 611 convertitur,
621 573 742 604 ratione
757 573 953 612 substantiae,

185 637 250 659 non
264 629 385 658 ratione
395 628 623 667 proprietatum
637 627 848 657 convertitur:
865 629 895 657 et
912 627 953 657 ibi

186 691 249 713 non
269 685 315 712 est
330 682 505 712 substantia
519 682 585 713 vini
603 692 609 711 :
627 690 705 720 ergo
720 681 808 712 nulla
827 681 876 712 vis
894 683 951 718 est,

185 745 257 775 quae
272 737 367 775 possit
381 738 574 766 convertere.

224 789 301 818 Item
316 799 397 828 aqua
412 799 476 820 non
495 791 540 819 est
557 790 630 819 nata
649 788 686 818 de
707 796 739 817 se
762 787 904 818 converti
920 787 951 817 in

182 842 374 880 sanguinem
389 853 396 872 t
419 851 497 881 ergo
514 843 540 872 si
557 844 732 881 apponatur
752 841 829 872 vino
844 849 952 871 conse-

182 897 276 932 crato,
294 904 358 925 non
373 895 486 925 transit
500 896 533 925 in
550 895 741 934 sanguinem
762 905 768 925 ;
792 903 871 933 ergo
885 903 951 924 ma—

182 950 234 978 net
247 948 422 978 substantia
438 949 507 988 ejus
525 958 531 977 z
548 950 579 978 et
594 947 648 984 sic,
666 949 725 978 ete.

453 1060 675 1092 CONCLUSIO.

178 1147 290 1175 Nullum
305 1149 341 1174 est
358 1147 567 1179 incommodum,
581 1146 636 1172 sice
651 1153 720 1179 aqua
739 1147 768 1171 z‘n
785 1147 948 1171 sacramento

214 1192 343 1218 alteretur
358 1194 383 1218 et
398 1193 486 1224 forma
500 1191 555 1224 ejus
570 1192 716 1223 remaneat,
732 1191 787 1216 sive
803 1189 873 1223 quod
887 1190 949 1224 ipsa

213 1237 328 1261 nudetur
344 1236 372 1261 in
387 1236 476 1261 vinum
490 1235 587 1260 virtute
602 1235 758 1268 specierum.

219 1319 310 1358 Resp.
332 1319 371 1349 ad
394 1327 465 1357 arg.
483 1318 655 1348 Dicendum
672 1317 755 1356 quod
775 1316 948 1346 accidentia

177 1381 241 1403 non
279 1372 396 1402 habent
430 1372 580 1402 virtutem
611 1369 813 1400 convertendi
853 1369 948 1399 aliam

177 1418 383 1456 substantiam
406 1425 438 1455 in
463 1426 706 1454 sacramentum.
733 1422 770 1453 Et
797 1423 876 1452 ratio
891 1422 948 1452 hu-

172 1479 228 1516 Jus
249 1480 304 1515 est,
332 1478 407 1517 quia
429 1478 462 1506 in
481 1477 541 1507 hoc
561 1478 757 1506 sacramento
779 1477 825 1505 est
848 1477 948 1505 trans-

176 1530 396 1561 substantiatio
414 1539 421 1559 ε
438 1529 731 1560 transsubtantiatio
753 1530 862 1558 autem
882 1537 947 1558 non

176 1584 211 1614 fit
238 1583 304 1613 sine
327 1583 424 1613 verbo
449 1594 454 1612 z
479 1582 548 1613 ideo
570 1583 866 1621 quantumcumque
889 1591 944 1620 ap-

175 1639 311 1676 ponatur
347 1636 474 1676 aliquod
504 1636 589 1666 aliud
631 1635 825 1665 elementum
838 1659 845 1671 ,
886 1635 945 1664 nisi

175 1690 255 1720 adsit
287 1690 421 1720 verbum
437 1714 444 1727 ,
475 1698 538 1719 non
567 1690 602 1719 fit
632 1690 877 1718 sacramentum.
908 1688 945 1718 Et

174 1743 197 1773 si
223 1745 258 1773 tu
281 1743 431 1783 objicias,
458 1742 541 1782 quod
566 1751 648 1781 aqua
668 1741 864 1771 benedicitur
889 1750 945 1780 per

173 1796 320 1834 verbum,
345 1798 375 1826 et
391 1795 497 1825 oleum
511 1794 717 1831 benedicitur,
743 1795 773 1823 et
796 1795 903 1823 tamen
919 1793 944 1823 si

174 1858 238 1879 non
262 1849 463 1879 benedictum
478 1846 787 1888 proportionabiliter
803 1855 942 1885 appona-

174 1903 237 1938 tur,
253 1901 387 1931 efficitur
402 1900 618 1937 benedictum,
635 1899 844 1938 respondetur
859 1899 943 1939 quod

174 1962 238 1983 non
254 1956 299 1983 est
322 1954 433 1991 simile,
453 1953 527 1993 quia
548 1952 739 1984 consecratio
760 1952 793 1982 in
815 1952 893 1989 oleo,
913 1954 943 1982 et

173 2006 346 2037 benedictio
363 2007 396 2037 in
411 2016 493 2046 aqua
508 2015 571 2036 non
586 2008 707 2045 ponunt
725 2006 785 2035 nisi
800 2005 942 2035 accidens

173 2059 312 2099 aliquod,
329 2062 359 2090 et
375 2060 597 2099 proprietatem
611 2059 782 2098 quamdam
803 2058 940 2088 sanctifi-

173 2113 303 2143 cationis
326 2123 332 2142 :
352 2113 404 2143 sed
428 2113 478 2142 hic
500 2112 690 2143 consecratio
707 2111 795 2151 ponit
814 2120 942 2141 conver-

172 2166 293 2195 sionem
309 2166 340 2195 in
362 2175 471 2196 veram
489 2166 712 2203 substantiam,
731 2166 761 2195 et
777 2165 940 2195 continen-

172 2218 248 2248 tiam
263 2219 414 2257 ejusdem,
426 2228 499 2258 quae
511 2219 657 2249 estasola
672 2219 788 2249 virtute
802 2218 941 2248 increata

173 2271 335 2302 assistente
360 2273 418 2311 ipsi
437 2273 544 2303 verbo.
570 2272 641 2302 Alia
664 2272 758 2303 etiam
780 2273 826 2302 est
845 2271 936 2309 ratio,

171 2325 245 2364 quia
255 2334 337 2364 aqua
348 2325 511 2356 benedicta
522 2328 586 2356 tota
600 2326 779 2365 attingitur,
790 2327 819 2355 et
832 2334 939 2355 secun-

171 2378 248 2408 dum
270 2380 371 2408 totum
394 2379 477 2418 quod
501 2379 596 2409 habet
616 2379 648 2409 in
663 2388 695 2409 se
717 2379 938 2409 commiscetur

170 2439 263 2470 aquae
281 2431 539 2470 supervenienti,
555 2434 585 2462 et
608 2431 713 2461 oleum
737 2431 937 2461 benedictum

171 2493 235 2514 non
250 2484 411 2515 bened1cto
427 2484 494 2514 olco
512 2495 518 2514 z
535 2485 588 2515 sed
603 2485 735 2524 sanguis
749 2485 791 2514 ibi
808 2486 938 2515 conten·-

173 2538 224 2567 tus
234 2536 314 2567 nulli
329 2537 456 2567 humori
470 2537 629 2575 miscetur,
646 2546 703 2577 pro
718 2546 753 2567 eo
768 2537 851 2576 quod
868 2545 936 2567 non

171 2591 217 2620 est
241 2590 283 2620 ibi
310 2590 460 2628 diffusuS,
489 2591 542 2621 sed
570 2593 615 2621 est
649 2591 781 2629 sanguis
813 2590 936 2629 glorifi-

1727 151 1783 178 517

1012 207 1100 237 catus
1117 207 1200 237 intra
1212 215 1310 238 venas
1325 208 1440 240 Christi
1460 213 1624 243 contentus
1643 223 1650 244 2
1669 217 1700 245 et
1713 215 1783 247 ideo

1012 267 1030 288 a
1045 258 1133 289 nullo
1148 259 1272 300 liquore
1286 261 1458 300 attingitur
1474 274 1480 293 t
1499 266 1530 294 et
1549 265 1618 296 ideo
1632 266 1712 297 nihil
1727 277 1783 307 per

1012 311 1199 343 mixtionem
1211 337 1219 351 ,
1238 313 1289 344 vel
1316 316 1496 345 contactum
1525 320 1626 355 potest
1653 319 1686 350 in
1714 320 1782 359 ipso

1011 366 1162 396 converti.
1186 366 1218 397 Si
1240 375 1318 406 ergo
1339 367 1460 406 aliquid
1483 372 1705 410 convertatur,
1721 381 1780 404 ne-

1011 426 1094 448 cesse
1110 420 1156 449 est
1170 420 1254 458 quod
1276 429 1332 459 per
1348 421 1731 455 transsubstantiationem
1750 427 1781 456 et

1010 479 1127 502 novam
1150 474 1418 504 consecrationem
1440 477 1642 506 convertatur
1659 478 1679 508 ¹.
1703 478 1780 510 Con-

1010 524 1185 556 cedendum
1200 528 1247 557 est
1259 535 1337 566 ergo
1360 527 1444 566 quod
1458 529 1576 568 species
1593 530 1660 560 vini
1671 532 1781 570 juncta

1009 577 1060 606 alii
1075 577 1188 617 liquori
1200 588 1263 609 non
1274 581 1468 611 convertitur
1483 581 1515 612 in
1530 586 1777 616 sacramentum.

1050 632 1077 660 1.
1094 630 1133 661 Et
1154 634 1239 671 patet
1256 633 1419 672 responsio
1443 634 1483 665 ad
1506 635 1648 674 primum
1671 637 1780 677 objec-

1007 683 1087 720 tum,
1105 684 1191 723 quod
1206 693 1271 715 non
1286 688 1332 716 est
1344 686 1461 725 simile3
1478 689 1547 718 tum
1562 689 1683 720 ratione
1698 692 1776 730 eius,

1007 736 1092 774 quod
1106 739 1152 766 est
1168 737 1219 767 hic
1234 740 1398 769 conversio
1413 740 1447 770 in
1465 741 1691 780 substantiam
1709 746 1779 775 tum

1007 789 1083 827 quia
1097 799 1162 820 non
1176 793 1221 821 est
1237 792 1349 822 mixtio
1364 793 1445 831 talis,
1463 803 1520 825 nec
1534 796 1632 833 tanta,
1651 796 1732 828 sicut
1744 798 1778 828 in

1007 850 1089 880 aqua
1102 842 1273 875 benedicta.

1047 897 1076 924 2.
1091 895 1138 925 Ad
1154 896 1231 927 illud
1247 898 1330 937 quod
1341 900 1507 938 quaeritur,
1518 901 1544 931 si
1560 911 1643 941 aqua
1655 904 1778 936 modica

1006 948 1202 979 convertitur
1217 958 1235 980 a
1259 951 1361 989 specle
1381 952 1462 989 vini;
1486 955 1694 993 respondetur
1715 958 1778 989 du-

1006 999 1128 1037 pliciter
1138 1002 1312 1034 secundum
1323 1003 1475 1035 diversos.
1491 1005 1559 1037 Uno
1575 1008 1680 1047 modo,
1693 1011 1778 1049 quod

1005 1060 1072 1082 non
1097 1054 1293 1086 convertitur
1317 1056 1370 1094 ita,
1401 1058 1485 1098 quod
1512 1059 1648 1091 solvitur
1675 1063 1778 1095 forma

1004 1104 1222 1137 substantialis
1242 1117 1333 1148 aquae
1347 1133 1357 1147 ,
1372 1110 1426 1141 sed
1451 1114 1591 1144 converti
1606 1114 1650 1145 ibi
1666 1118 1712 1146 est
1726 1125 1776 1149 so-

1003 1157 1073 1188 lum
1089 1159 1226 1198 alterari,
1245 1162 1321 1200 quia
1342 1165 1484 1195 mutatur
1504 1175 1598 1206 sapor
1609 1191 1618 1206 ,
1633 1169 1665 1199 et
1679 1169 1773 1209 color,

1004 1212 1034 1240 et
1051 1211 1128 1242 odor
1141 1236 1148 1250 ,
1166 1215 1196 1243 et
1216 1215 1383 1255 participat
1407 1219 1614 1258 proprietates
1639 1222 1706 1254 vini
1723 1232 1731 1254 :
1746 1226 1777 1255 et

1004 1263 1075 1295 ideo
1090 1269 1246 1304 quantum
1261 1269 1299 1299 ad
1314 1278 1445 1302 sensum
1463 1275 1609 1305 nostrum
1624 1285 1776 1310 conversa

1004 1320 1061 1348 est.
1080 1317 1117 1348 Et
1131 1319 1202 1350 talis
1213 1323 1379 1354 conversio
1393 1324 1529 1365 disponit
1543 1327 1583 1358 ad
1599 1331 1775 1362 conversio-

1003 1379 1077 1401 nem
1092 1371 1126 1402 in
1152 1377 1399 1414 sacramentum,
1425 1378 1450 1408 si
1476 1379 1598 1411 adesset
1621 1383 1772 1423 verbum;

1003 1423 1056 1454 sed
1071 1433 1145 1455 cum
1160 1434 1225 1457 non
1240 1428 1331 1467 adsit,
1343 1438 1407 1461 non
1421 1434 1627 1472 convertitur,
1642 1437 1696 1467 sed
1712 1446 1775 1469 ma-

1004 1479 1058 1507 net
1071 1478 1248 1510 substantia
1262 1480 1384 1512 habens
1400 1485 1622 1525 proprietatem
1637 1489 1703 1520 vini
1718 1499 1774 1530 per

1004 1531 1121 1567 actum,
1140 1533 1171 1562 et
1187 1532 1335 1564 virtutem
1351 1535 1436 1567 illius
1451 1539 1575 1577 speciei.
1598 1540 1688 1572 Alius
1703 1552 1772 1574 mo-

1003 1582 1062 1612 dus
1077 1583 1199 1615 dicendi
1214 1588 1261 1616 est
1275 1587 1357 1626 quod
1375 1598 1457 1628 aqua
1471 1593 1668 1625 convertitur
1683 1595 1715 1626 in
1728 1597 1774 1627 vi-

1002 1645 1081 1666 num
1095 1648 1102 1667 ι
1114 1639 1144 1668 et
1155 1638 1215 1668 hoc
1226 1639 1342 1671 virtute
1350 1641 1479 1673 illarum
1488 1646 1682 1684 specierum:
1695 1658 1769 1689 non,

1002 1697 1144 1729 inquam,
1158 1690 1190 1721 in
1203 1692 1316 1724 vinum
1330 1695 1414 1734 quod
1428 1697 1467 1727 sit
1479 1707 1581 1729 unum
1595 1702 1770 1734 secundum

1001 1741 1137 1779 speeiem
1150 1753 1156 1779 ;
1173 1743 1227 1774 sed
1255 1747 1301 1775 est
1323 1747 1435 1778 vInum
1463 1750 1567 1782 solum
1595 1755 1769 1787 secundum

1002 1794 1180 1832 materiam,
1195 1796 1275 1827 sicut
1286 1807 1358 1829 caro
1369 1802 1542 1834 seeundum
1551 1806 1686 1844 speciem
1700 1817 1771 1839 con-

1000 1846 1094 1877 vertit
1108 1856 1236 1879 carnem
1252 1852 1423 1884 secundam
1438 1857 1615 1890 materiam.
1638 1859 1676 1890 Et
1690 1861 1715 1891 si
1734 1863 1769 1892 tu

999 1898 1139 1938 objicias,
1157 1902 1242 1940 quod
1257 1903 1336 1934 nihil
1351 1905 1403 1936 dat
1418 1909 1501 1947 quod
1516 1918 1580 1941 non
1595 1911 1699 1952 habet,
1713 1923 1767 1946 ve-

999 1961 1072 1982 rum
1087 1956 1134 1983 est
1148 1956 1320 1987 secundum
1344 1960 1552 1994 substantiam
1563 1988 1571 2002 ,
1588 1966 1639 1996 vel
1653 1976 1768 1999 secun-

998 2004 1075 2035 dum
1090 2006 1240 2038 virtutem
1259 2020 1264 2039 :
1283 2013 1313 2040 et
1327 2013 1445 2051 species
1459 2015 1521 2047 111ae
1543 2020 1690 2057 quamvis
1704 2030 1768 2053 non

998 2057 1131 2089 habeant
1144 2060 1354 2095 substantiam
1366 2067 1445 2105 vini,
1457 2069 1575 2101 habent
1584 2073 1691 2104 tamen
1704 2075 1767 2105 vir-

997 2113 1096 2142 tutem
1112 2115 1142 2143 et
1156 2117 1371 2154 operationem
1389 2130 1395 2150 ε
1413 2122 1443 2151 et
1464 2122 1533 2154 ideo
1554 2125 1634 2156 sicut
1653 2136 1766 2160 verum

997 2164 1108 2195 vinum
1131 2167 1266 2199 solveret
1288 2172 1424 2210 speciem
1446 2184 1537 2215 aquae
1565 2179 1713 2218 modicae,
1735 2184 1766 2213 et

997 2220 1195 2251 converteret
1210 2224 1386 2255 secundum
1401 2228 1576 2268 veritatem,
1591 2231 1634 2261 ita
1649 2232 1765 2264 intelli-

996 2271 1139 2309 gendum
1162 2276 1208 2304 est
1231 2275 1266 2306 in
1291 2279 1461 2317 proposito.
1488 2282 1624 2323 Uterque
1652 2287 1764 2317 modus

994 2323 1115 2355 dicendi
1139 2328 1185 2356 est
1210 2329 1380 2366 probabilis
1405 2334 1489 2372 satis,
1507 2337 1537 2365 et
1562 2345 1764 2379 quocumque

994 2376 1109 2407 horum
1120 2379 1288 2412 modorum
1302 2384 1434 2423 dicatur,
1447 2396 1509 2417 non
1521 2390 1665 2428 sequitur
1677 2392 1762 2430 quod

993 2438 1075 2469 aqua
1092 2432 1197 2470 iuncta
1211 2435 1287 2466 vino
1302 2437 1356 2467 siat
1375 2444 1624 2480 sacramentum,
1642 2445 1672 2475 et
1686 2453 1759 2477 con-

993 2485 1143 2515 secretur.

1033 2537 1061 2567 3.
1078 2536 1124 2567 Ad
1150 2539 1226 2571 illud
1246 2544 1329 2581 quod
1351 2545 1516 2585 objicitur,
1537 2550 1620 2588 quod
1644 2559 1759 2591 corpus

1023 2598 1032 2615 ¹
1047 2599 1178 2625 consentit
1193 2604 1219 2627 S.
1236 2604 1352 2636 Thomas,
1370 2608 1411 2638 111,
1427 2615 1452 2639 q.
1467 2616 1566 2641 Lxxvu,
1581 2614 1627 2637 art.
1643 2613 1665 2638 8.
