2017 2948
18 651 96 678 Opinio
107 653 124 671 1.

19 687 114 712 Improb.

16 1182 92 1209 Opinio
102 1185 119 1202 2,

17 1438 114 1465 Improb.

19 1823 96 1850 Opinio
103 1825 122 1846 3.

613 153 711 186 DIST.
735 152 866 184 XXXlX.
890 151 979 182 ΛΒΤ.
1005 151 1028 182 1.
1049 151 1200 188 QUAEST.
1225 152 1247 183 Ι.

410 252 632 285 CONCLUSio.

138 331 289 365 Perjurium
307 331 455 365 oppositum
467 329 618 362 juramento
629 327 782 359 assertorio,
801 327 908 351 unirer-

174 375 270 401 saliter
283 374 385 401 claudit
398 375 426 400 z'n
440 381 468 399 se
482 371 655 402 mendacium,
673 369 827 404 accipiendo
839 377 908 395 men-

175 419 279 445 dacium
292 420 394 445 extenso
409 417 548 448 vocabuI03
573 423 625 442 non
640 417 725 441 autem
736 435 742 446 ‚
759 415 782 440 si
799 415 909 448 proprie

174 465 305 490 sumatur.

179 543 270 583 Resp.
301 543 340 573 ad
379 551 450 580 arg.
477 542 524 571 Ad
547 540 771 580 praedictorum
796 538 908 568 intelli-

138 597 277 636 gentiam
293 598 340 626 est
354 594 540 631 notandum,
557 593 641 633 quod
660 593 710 622 hic
733 594 779 622 est
794 591 908 630 triplex

140 649 253 679 modus
277 648 412 678 dicendi.
435 646 568 684 Quidam
590 654 726 685 namque
746 645 906 681 dixerunt,

138 701 223 740 quod
240 699 417 739 perjurium
432 698 605 729 substernit
621 697 679 727 sibi
694 696 906 726 mendacium.

138 753 175 783 Et
187 753 237 783 isti
253 753 402 783 dixerunt
418 751 501 791 quod
517 751 541 780 si
554 750 668 789 aliquis
679 751 767 789 jurat
781 748 906 784 falsum,

137 806 220 846 quod
234 805 331 836 credit
346 814 414 835 esse
430 813 554 840 verum,
579 812 644 832 non
663 803 815 841 perjrnat,
833 801 908 840 quia

136 868 200 889 non
215 858 376 888 mentitur.
400 857 459 888 Sed
482 857 549 887 haec
572 855 684 895 positio
710 854 909 893 improbatur

135 920 192 950 per
205 911 436 950 Augustinum,
448 910 503 949 qui
515 909 590 939 dicit
603 909 623 946 ¹,
632 907 716 947 quod
725 916 799 937 cum
812 907 908 936 bomo

132 965 232 1003 jurat,
248 964 334 1003 quod
350 966 437 1002 putat
449 972 516 993 esse
532 971 656 998 verum,
677 962 709 990 et
732 962 839 989 tamen
861 960 909 988 est

136 1017 262 1054 salsum,
290 1019 408 1046 temere
430 1017 528 1054 jurat.
559 1016 595 1044 Et
618 1023 657 1044 ex
686 1014 745 1043 hoc
772 1012 908 1042 habetur

136 1070 220 1109 quod
242 1071 461 1108 Juramentum
483 1067 559 1097 illud
586 1069 632 1097 est
654 1065 858 1095 temerarium
878 1067 909 1094 et

136 1122 360 1158 inordinatum,
373 1123 403 1151 et
414 1121 456 1150 ita
471 1119 662 1159 perjurium,
675 1121 704 1148 et
722 1121 828 1148 tamen
844 1126 909 1148 nou

137 1169 183 1205 est
195 1175 239 1205 ibi
255 1173 466 1204 mendacium.
486 1172 557 1203 Ideo
570 1172 722 1202 dixerunt
743 1171 807 1207 alii,
824 1170 908 1209 quod

136 1238 200 1258 non
215 1236 310 1257 omne
337 1226 516 1266 perjssrium
532 1228 577 1255 est
606 1224 823 1261 mendacium,
850 1233 907 1262 pro

136 1291 172 1312 eo
185 1281 269 1321 quod
283 1290 347 1310 non
362 1279 562 1310 solummodo
576 1277 731 1316 contingit
746 1277 907 1307 incurrere

137 1335 256 1364 crimen
273 1333 404 1373 perjurii
421 1334 548 1371 propter
572 1330 715 1361 veritatis
739 1330 906 1366 desectum,

136 1397 250 1418 verum
266 1387 360 1417 etiam
390 1387 517 1424 propter
541 1384 694 1414 desectum
721 1383 855 1422 justitia*
879 1385 909 1412 et

134 1440 255 1480 judicii.
269 1439 328 1470 Sed
338 1425 493 1468 'instantia
507 1438 565 1466 isia
576 1446 647 1476 quae
663 1437 774 1472 fertur,
785 1436 909 1466 videtur

137 1493 242 1532 magis
267 1493 382 1522 habere
401 1491 506 1521 locum
528 1491 560 1520 in
579 1491 764 1529 juramento
785 1490 906 1527 obliga-

137 1547 229 1584 torio,
259 1556 355 1585 quam
383 1545 415 1575 in
442 1545 621 1584 juramento
646 1543 813 1573 assertoris)
843 1553 849 1572 z
875 1542 908 1572 in

138 1601 191 1631 illo
224 1600 308 1630 enim
347 1598 472 1638 proprie
502 1596 657 1636 reperitur
683 1595 841 1635 ,iudicium
878 1597 909 1625 et

134 1655 267 1695 justitia.
294 1654 331 1685 Et
356 1653 425 1683 ideo
453 1652 556 1682 adhuc
584 1653 726 1681 remanet
747 1650 881 1690 qnaesslio
898 1674 906 1686 ‚

137 1712 248 1739 utrum
263 1717 357 1739 omne
373 1706 562 1747 perjiirium,
578 1705 662 1744 qnod
675 1705 845 1744 opponitur
857 1704 908 1742 ju-

138 1764 282 1793 ramento
295 1760 473 1797 assertorio,
490 1760 529 1789 sit
544 1758 757 1794 mendacium,
775 1767 847 1787 cum
869 1757 909 1785 sit

138 1815 277 1846 veritatis
292 1814 499 1853 privativum.
520 1811 686 1850 Propterea
700 1810 791 1840 tertio
809 1812 908 1849 potest

138 1869 243 1899 adhuc
257 1866 450 1906 responderi,
462 1865 545 1904 quod
561 1865 642 1893 sicut
654 1864 754 1903 patuit
773 1873 812 1893 ex
829 1872 909 1902 pree-

140 1921 260 1953 cedenti
275 1920 484 1954 distinctione,
500 1918 627 1957 aliquod
642 1920 688 1947 est
710 1917 908 1947 mendacium

137 1977 331 2017 simpliciter,
349 1977 380 2005 et
401 1973 577 2004 secundum
598 1972 752 2001 rationein
775 1970 910 2010 comple-

138 2035 203 2063 tam
213 2042 220 2069 ;
231 2030 358 2069 aliquod
367 2032 413 2059 est
423 2028 623 2058 mendacium
636 2026 809 2056 secundum
820 2025 907 2064 quid,

138 2085 283 2116 videlicet
297 2085 453 2122 quantum
469 2082 506 2111 ad
524 2081 622 2120 ipsius
638 2079 792 2109 mendacii
808 2082 907 2109 mate-

139 2138 218 2168 riam
233 2149 240 2175 ;
269 2136 395 2175 aliquod
431 2137 476 2165 est
506 2134 705 2164 mendacium
735 2132 909 2163 secundum

140 2189 228 2229 quid,
243 2189 318 2228 quia
342 2187 436 2218 habet
458 2187 558 2226 ipsius
583 2185 736 2215 mendacii
761 2186 906 2215 sormam.

142 2241 339 2272 Mendacium
354 2240 535 2279 simpliciter
550 2241 606 2275 cst,
626 2238 707 2276 quod
724 2237 818 2267 habi-t
832 2237 911 2267 saisi-

142 2298 236 2325 tatem
249 2295 281 2324 in
293 2303 370 2324 voce
384 2296 413 2323 et
423 2293 609 2328 intentione;
623 2291 822 2321 mendacium
836 2300 910 2320 vcro

142 2348 315 2379 secundnm
333 2346 419 2386 qnid,
437 2348 468 2376 et
482 2345 656 2375 secundum
673 2344 848 2380 materiam,
865 2347 910 2373 cst

142 2401 224 2440 quod
243 2400 335 2429 babet
356 2399 522 2428 falsitatem
547 2398 579 2427 in
596 2406 681 2434 voce,
708 2397 762 2427 sed
791 2406 852 2427 non
879 2396 910 2426 in

143 2454 331 2489 intentione3
350 2451 549 2482 mendacium
561 2460 634 2480 vero
649 2450 824 2480 secundum
834 2449 909 2489 quid

143 2509 173 2538 ct
187 2506 361 2538 secundum
376 2506 523 2542 formam,
545 2503 691 2542 estquod
712 2503 807 2533 habet
825 2504 910 2533 falsi-

142 2563 239 2593 tatem
254 2561 288 2591 in
304 2559 488 2596 intentione,
514 2558 567 2588 sed
591 2566 655 2588 non
677 2557 709 2587 in
723 2566 810 2587 voce.
833 2558 909 2588 Cum

178 2625 183 2640 ¹
199 2625 272 2653 Aug,
288 2623 335 2646 loc.
349 2629 407 2645 mox
421 2622 462 2644 «til.

1671 156 1729 185 207

964 227 1042 257 ergo
1056 218 1211 257 quaeritur
1225 220 1335 250 utrum
1358 221 1535 260 perjurium
1551 221 1730 262 oppositum

961 273 1145 311 Juramento
1167 272 1332 303 assertorio
1358 274 1580 305 universaliter
1608 275 1732 306 claudat

965 325 999 354 in
1013 334 1045 355 se
1060 325 1280 362 mendacium3
1303 326 1329 356 si
1349 326 1438 365 large
1457 327 1628 366 accipiatur
1647 337 1733 358 men-

965 377 1091 408 dacium
1107 381 1235 408 extenso
1249 379 1378 409 nomine
1393 379 1432 409 ad
1443 380 1644 410 mendacium
1657 381 1733 410 sim-

965 432 1085 472 pliciter
1100 435 1130 463 et
1144 433 1182 472 (α)
1200 434 1374 464 secundum
1390 435 1476 474 quid⁷
1493 435 1537 465 sic
1557 444 1651 465 omne
1667 445 1734 475 per-

960 486 1084 525 J'urium
1100 486 1132 516 in
1143 496 1174 517 se
1188 486 1319 518 includit
1331 488 1543 518 mendacium.
1556 488 1594 519 Et
1604 489 1663 519 hoc
1675 492 1730 527 est,

965 540 1050 578 quod
1065 539 1215 579 Magister
1238 541 1312 571 dicit
1335 541 1368 571 in
1381 541 1496 579 littera,
1520 541 1605 581 quod
1625 543 1732 581 perjU-

964 593 1048 623 rium
1062 596 1109 623 est
1130 593 1179 624 vel
1199 594 1338 632 jurando
1354 594 1441 634 loqui
1460 595 1577 625 falsum
1593 604 1666 625 cuin
1681 595 1734 625 in-

965 646 1102 677 tentione
1124 647 1261 685 fallendi,
1285 648 1335 678 vel
1353 648 1493 686 jurando
1512 648 1599 688 loqui
1620 648 1734 678 falsum

965 695 1033 725 sine
1056 696 1230 726 intentione
1250 696 1388 735 fallendi,
1415 698 1463 728 vel
1480 698 1620 737 jurando
1646 698 1734 737 loqui

965 758 1080 779 verum
1089 758 1162 779 cum
1176 749 1349 781 intentione
1360 750 1536 781 fallendi.Si
1546 754 1652 782 autem
1664 760 1736 791 pro-

965 802 1033 840 prie
1043 802 1213 842 accipiatur
1224 804 1437 841 mendacium,
1446 805 1489 835 sic
1498 814 1562 835 non
1576 807 1621 835 est
1634 814 1735 836 essen-

965 855 1038 885 tiale
1057 856 1144 886 omni
1159 857 1317 896 perjurio:
1338 867 1396 888 nec
1410 858 1561 897 periurio,
1573 860 1668 897 prout
1678 867 1734 898 op-

964 908 1092 946 ponitur
1100 909 1282 947 juramento
1296 910 1496 948 obligatori03
1516 919 1574 940 nec
1594 911 1735 950 perJ‘urio

965 960 1048 1000 quod
1066 962 1237 1000 opponitur
1257 963 1440 1001 Juramento
1456 964 1635 1001 assertorio,
1655 964 1735 994 sicut

965 1013 1039 1043 dicit
1054 1013 1204 1052 Magister
1219 1014 1253 1044 in
1268 1015 1381 1053 littera,
1398 1018 1429 1046 et
1444 1016 1582 1047 rationes
1597 1017 1671 1046 satis
1685 1017 1736 1047 lu-

965 1067 1106 1098 culenter
1119 1068 1255 1107 probant
1283 1078 1377 1109 supra
1393 1069 1535 1100 adductae
1551 1070 1590 1100 ad
1611 1072 1735 1110 partem

964 1121 1069 1151 istam.

1006 1176 1034 1204 1.
1051 1174 1099 1205 Ad
1115 1174 1190 1204 illud
1207 1184 1297 1212 vero,
1316 1176 1399 1215 quod
1420 1176 1524 1216 primo
1539 1176 1688 1215 objicitur
1702 1176 1735 1206 in

965 1229 1159 1258 contrarium
1170 1252 1177 1266 ‚
1193 1229 1276 1267 quod
1292 1229 1470 1268 perjurium
1494 1229 1682 1269 prohibetur
1702 1229 1735 1259 in

965 1281 1075 1320 quinto
1090 1281 1253 1319 mandato,
1269 1282 1437 1313 dIcendum
1452 1283 1537 1322 quod
1553 1292 1617 1313 non
1630 1283 1735 1313 solum

965 1331 1008 1361 ibi
1032 1332 1230 1371 prohibetur,
1246 1332 1311 1363 imo
1325 1333 1420 1364 etiam
1437 1334 1622 1373 prohibetur
1638 1334 1670 1363 in
1686 1343 1736 1364 se-

965 1383 1067 1412 cundo
1083 1383 1193 1422 primae
1216 1384 1351 1422 tabnlae,
1378 1384 1410 1414 in
1429 1386 1586 1424 quantum
1604 1394 1660 1424 per
1685 1384 1733 1424 ip-

966 1445 1036 1465 sum
1053 1437 1230 1475 perjurium
1244 1437 1316 1467 facit
1327 1437 1398 1476 quis
1412 1437 1637 1468 contumeliam
1651 1446 1735 1468 sum-

965 1498 1027 1519 11]ae
1039 1489 1173 1527 veritati,
1186 1491 1376 1521 assumendo
1387 1500 1456 1521 eam
1471 1491 1503 1520 in
1512 1500 1643 1528 vanum,
1658 1491 1735 1521 dum

965 1543 1098 1572 assumit
1122 1552 1192 1572 eam
1217 1543 1255 1572 ad
1273 1544 1547 1574 confirmationem
1570 1544 1638 1574 falsi
1653 1544 1732 1582 sciti,

965 1595 1016 1625 vel
1031 1595 1097 1625 falsi
1114 1596 1252 1634 opinati,
1271 1596 1321 1627 vel
1334 1597 1429 1627 etiam
1445 1597 1544 1627 dubii.
1568 1597 1674 1628 Posset
1689 1599 1734 1627 ta-

967 1656 1040 1677 men
1055 1648 1129 1686 dici,
1148 1649 1231 1688 qnod
1249 1649 1282 1679 in
1299 1649 1410 1688 quinto
1426 1651 1574 1681 mandato
1590 1650 1736 1690 prohibe-

965 1702 1018 1731 tur
1032 1701 1147 1732 salsum
1169 1703 1384 1733 testiinonium
1397 1727 1404 1740 ⁷
1422 1713 1487 1733 non
1511 1703 1615 1734 solum
1636 1713 1736 1743 quan-

964 1756 1032 1784 tum
1044 1755 1081 1784 ad
1094 1755 1260 1786 salsitatem
1272 1757 1443 1794 sermonis,
1456 1757 1509 1787 sed
1521 1757 1616 1787 etiam
1631 1766 1734 1796 quan-

965 1809 1034 1837 tum
1047 1808 1084 1837 ad
1101 1808 1266 1839 falsitatem
1282 1809 1486 1848 intentionis,
1503 1812 1533 1840 et
1547 1810 1604 1846 rei,
1621 1813 1652 1840 et
1671 1819 1738 1840 ser-

966 1861 1086 1898 monis,
1104 1863 1134 1891 et
1148 1862 1362 1900 conjunctim,
1379 1865 1410 1892 et
1423 1863 1549 1893 divisim
1569 1873 1575 1892 2
1593 1865 1623 1893 et
1645 1865 1738 1902 prout

965 1913 1091 1943 divisim
1102 1914 1322 1953 prohibentur,
1334 1924 1399 1945 non
1411 1915 1519 1946 dicunt
1534 1916 1737 1946 mendacium

966 1968 1140 1998 secundum
1155 1968 1280 2007 plenam
1301 1968 1473 2007 rationem,
1490 1969 1544 1999 sed
1559 1970 1737 2000 secundum

967 2020 1173 2059 semiplenam
1196 2023 1320 2051 tantum
1332 2044 1339 2058 ,
1356 2022 1438 2051 sicut
1456 2023 1541 2061 patet
1557 2019 1597 2052 e'x
1615 2031 1735 2061 praece-

966 2073 1122 2104 dentibus.

1007 2128 1036 2156 2.
1059 2127 1107 2157 Ad
1123 2126 1200 2157 illud
1215 2127 1299 2166 quod
1314 2127 1474 2166 objicitur,
1496 2127 1580 2167 quod
1602 2128 1658 2167 qui
1678 2128 1737 2158 ad-

966 2179 1053 2210 ducit
1068 2180 1211 2210 divinam
1225 2181 1392 2211 veritatem
1408 2181 1440 2210 in
1455 2181 1674 2212 testimonium
1687 2190 1738 2213 ve-

967 2235 1079 2272 ritam,
1095 2238 1177 2265 recte
1188 2237 1295 2275 jurat,
1308 2236 1477 2266 dicendum
1490 2237 1573 2276 quod
1586 2236 1663 2267 illud
1673 2246 1738 2267 non

967 2298 1090 2328 semper
1112 2292 1157 2319 est
1180 2299 1312 2327 verum,
1336 2290 1411 2329 quia
1431 2292 1531 2329 potest
1553 2299 1623 2320 eam
1643 2290 1738 2320 addu-

967 2351 1036 2372 cere
1047 2342 1079 2372 in
1092 2343 1311 2373 testimonium
1325 2343 1476 2381 veritam,
1488 2343 1655 2373 intendens
1667 2352 1737 2372 eam

967 2395 1122 2426 adducere
1146 2397 1179 2426 in
1202 2396 1420 2426 testimonium
1441 2396 1603 2433 i'alsitatis;
1629 2398 1660 2425 et
1680 2405 1738 2426 sua

968 2449 1099 2480 intentio
1114 2460 1261 2489 perversa
1273 2453 1396 2481 reatum
1412 2450 1545 2490 perjurii
1555 2449 1735 2488 introducit,

967 2503 1115 2542 quamvis
1141 2513 1205 2534 non
1229 2504 1344 2535 habeat
1369 2504 1558 2543 completam
1581 2504 1737 2534 rationem

967 2556 1134 2587 mendacii.
1151 2556 1309 2588 Praeterea
1323 2557 1403 2587 alius
1415 2556 1553 2588 desectus
1568 2559 1615 2588 est
1633 2557 1666 2588 in
1681 2566 1737 2588 ra-

1000 2618 1035 2649 (a)
1052 2618 1122 2642 Edit.
1141 2619 1198 2643 γαπ.
1210 2618 1278 2642 deese
1292 2621 1326 2642 et.
