2017 2948
61 311 157 339 Improb.

60 1214 154 1235 Determ.

603 173 697 204 DIST.
718 172 754 203 X.
778 171 894 203 PART.
916 171 953 201 II.

179 256 308 287 corpore
335 245 473 285 glorioso
487 267 497 281 ,
530 244 561 272 et
589 240 727 272 maxime
754 240 788 269 in
815 247 944 278 corpore

179 301 303 333 Christi.
321 299 381 330 Sed
403 298 462 328 ista
476 294 679 327 manuductio
703 293 742 322 ad
762 292 942 330 intelligen-

179 354 255 385 dum
270 352 372 392 potius
386 349 578 380 intellectum
591 346 748 382 obfuscat,
765 353 861 384 quam
876 353 946 383 ape-

178 407 238 437 riat
255 417 261 436 :
279 405 433 445 primum,
449 402 524 441 quia
536 399 719 438 exemplum
732 407 798 428 ἲ1011
811 399 858 427 θεῖ
872 406 946 427 0011-

178 459 308 490 veniens
324 458 358 487 in
372 465 405 486 se
421 467 428 486 z
445 455 555 485 lumen
569 453 654 483 enim
669 460 732 481 non
747 452 794 481 est
809 459 922 489 corpus
936 473 942 486 ‚

178 522 236 543 nec
248 512 393 543 defluxus
408 508 546 548 corporis
558 530 567 544 ,
586 515 643 536 11θο
658 504 780 541 rarefit‚
797 512 855 533 nec
869 512 944 533 con-

178 566 337 597 densatur.
354 563 475 593 Rursus
486 569 551 591 non
563 561 609 590 est
623 558 813 589 conveniens
827 557 866 587 ad
877 565 947 596 pro-

178 618 338 658 positum,
359 616 435 656 quia
461 613 586 644 diffusio
615 612 767 649 luminis,
800 619 836 641 eo
862 610 946 649 quod

178 673 316 702 arctatur
343 667 516 699 secundum
542 666 698 705 spatium,
727 663 948 702 configuratur

179 723 352 755 secundum
366 721 444 751 illud
458 721 492 750 in
506 719 589 759 quod
605 717 802 749 diffunditur.
820 716 851 747 Si
867 725 947 755 ergo

179 786 292 816 corpus
309 775 421 806 Christi
437 775 480 804 sic
502 776 581 804 esset
596 773 629 802 in
644 771 747 802 hostia
759 794 766 807 ,
790 771 947 809 oporteret

179 829 263 869 quod
288 829 396 866 figura
418 827 487 857 nasi
510 828 540 856 et
565 825 700 855 aliorum
729 823 947 853 membrorum

179 881 437 919 configuraretur
455 878 596 918 planitiei
622 876 746 906 hostiae.
772 875 809 905 Et
833 875 948 904 iterum

179 944 243 965 non
258 935 358 974 potest
380 932 515 970 intelligi
530 930 612 970 quod
632 929 848 965 contrahatur,
871 927 949 966 quin

181 997 246 1018 una
266 996 338 1027 pars
360 985 498 1025 corporis
521 984 613 1014 intret
635 982 694 1012 sub
720 981 813 1012 aliam
835 980 874 1019 (α)
890 991 896 1010 ;
914 989 949 1010 ac

180 1050 236 1081 per
250 1041 309 1070 1100
327 1048 392 1069 11011
411 1039 553 1068 maneret
574 1036 713 1075 corporis
737 1034 895 1074 quanti-tas
920 1034 949 1062 et

181 1095 302 1133 figura3
328 1095 358 1122 et
381 1091 481 1121 multa
502 1087 755 1120 inconvenientia
771 1087 810 1117 ad
824 1086 885 1116 hoc
899 1094 947 1116 se-

181 1150 335 1187 quuntur.
350 1144 421 1175 ldeo
439 1142 607 1173 dicendum
622 1141 725 1177 aliter,
742 1139 824 1179 quod
840 1142 885 1169 est
900 1148 951 1169 su-

179 1209 236 1240 pra
258 1200 406 1229 naturam
429 1195 568 1235 corporis
590 1194 773 1233 glorificati,
795 1202 852 1223 nec
876 1201 947 1231 pro-

180 1253 328 1292 prietates
350 1250 413 1280 '111ae
434 1249 565 1288 possunt
589 1246 758 1277 convenire
781 1245 872 1275 alicui
895 1254 951 1284 per

179 1308 345 1341 naturam,
371 1306 402 1334 et
425 1303 451 1333 si
471 1301 678 1338 conveniant,
703 1301 762 1331 hoc
783 1300 885 1330 solum
905 1301 952 1329 θεῖ

181 1368 237 1399 per
252 1357 458 1393 miraculum3
476 1357 506 1385 et
520 1354 589 1384 ideo
603 1362 667 1384 non
680 1355 725 1383 est
741 1352 949 1392 quaerendum

181 1411 368 1450 simile,.per
382 1409 468 1448 quod
483 1408 635 1447 capiatur.
654 1407 685 1437 Si
699 1416 776 1445 ergo
789 1408 951 1446 quaeratur

180 1464 261 1495 ratio
283 1473 338 1503 per
362 1470 460 1502 quam
481 1460 689 1499 intelligatur,
706 1460 756 1490 vel
781 1462 890 1490 utrum
913 1459 952 1489 sit

180 1516 390 1556 intelligibile,
407 1514 574 1545 dicendum
589 1513 674 1552 quod
689 1515 733 1544 est
748 1513 835 1552 loqui
850 1514 889 1543 de
902 1513 952 1543 in-

180 1569 305 1600 tellectu
319 1570 441 1605 nostro,
459 1569 494 1597 ut
509 1568 554 1596 est
576 1567 753 1602 humanus,
772 1567 821 1597 vel
847 1570 882 1597 ut
906 1571 952 1598 θεῖ

181 1623 290 1654 fidelis.
308 1622 339 1653 Si
354 1624 390 1652 ut
405 1622 452 1651 est
466 1620 638 1657 humanus,
656 1620 699 1649 sic
714 1620 863 1659 intelligit
879 1630 951 1651 con-

181 1684 291 1706 versus
306 1674 345 1705 ad
360 1673 622 1713 imaginationem
643 1674 674 1703 et
689 1682 836 1711 sensum,
861 1676 891 1704 et
902 1676 952 1713 Ju-

179 1728 260 1759 dicat
284 1727 457 1758 secundum
479 1734 588 1756 causas
612 1725 795 1756 intrinsecas
819 1730 849 1756 et
871 1727 950 1757 infe-

180 1782 281 1812 riores
299 1792 305 1811 :
323 1783 353 1811 θῖ
374 1780 444 1810 ideo
459 1779 563 1809 deficit
578 1779 609 1808 in
632 1779 830 1809 assentiendo
843 1804 850 1817 ,
877 1780 952 1819 quia

180 1844 245 1866 non
255 1834 383 1865 assentit
393 1833 452 1863 nisi
466 1832 641 1862 secundum
656 1832 950 1871 manuductionem,

181 1897 252 1929 quae
267 1890 372 1918 ortum
386 1887 480 1917 habet
494 1886 533 1916 ab
548 1885 775 1924 imaginatione
797 1889 826 1915 et
843 1895 950 1917 sensu.

182 1942 278 1979 Item,
303 1941 378 1980 quia
392 1939 511 1979 judicat
525 1939 700 1969 secundum
715 1947 826 1969 causas
840 1939 952 1970 intriu-

182 2005 266 2026 secas
283 1997 314 2025 et
333 1996 470 2031 creatas,
497 1995 526 2024 et
546 1994 589 2023 lta
607 1993 818 2032 comparando
842 1995 951 2032 poten-

181 2049 258 2079 tiam
269 2047 447 2078 continendi
457 2046 557 2077 active
568 2046 666 2085 ipsius
676 2046 788 2076 hostiae
798 2046 836 2077 ad
849 2049 954 2086 poten-

182 2102 258 2133 tiam
271 2100 449 2132 continendi
462 2100 586 2139 passive
600 2099 711 2129 Christi
726 2099 826 2138 ipsius
842 2109 952 2139 corpo-

182 2154 227 2184 ris
237 2178 244 2192 ,
261 2156 291 2183 et
306 2153 380 2193 quia
393 2152 516 2183 invenit
531 2152 779 2191 repugnantiam
794 2154 824 2182 et
839 2152 956 2192 impro-

183 2206 496 2246 portionabilitatem‚
513 2205 582 2235 ideo
601 2205 785 2235 contradicit
802 2205 836 2234 in
858 2206 955 2236 ratio-

183 2259 316 2290 cinando
334 2270 340 2289 z
356 2259 441 2289 etita
456 2259 512 2289 istc
527 2257 679 2288 articulus
694 2258 809 2288 dicitur
821 2267 889 2289 esse
905 2268 955 2289 su-

183 2321 240 2352 pra
254 2312 448 2342 intellectum
460 2336 467 2349 ‚
486 2314 516 2342 et
537 2314 645 2342 contra
668 2311 880 2350 intellectum,
904 2322 954 2343 se-

183 2366 323 2397 cundum
347 2365 431 2404 quod
450 2367 496 2395 est
522 2364 698 2394 intellectus
719 2364 892 2395 humanus.
923 2366 954 2396 Si

183 2421 290 2450 autem
316 2418 486 2457 loquamur
515 2417 553 2447 de
587 2417 745 2447 intellectu
779 2418 954 2448 secundum

183 2472 267 2512 quod
289 2471 418 2502 assentit
441 2470 615 2501 secundum
639 2470 796 2500 dictamen
816 2471 904 2509 fidei,
927 2474 957 2502 et

183 2526 357 2557 secundum
378 2524 526 2564 regulam
547 2523 689 2554 veritatis
710 2527 839 2555 aeternae
857 2536 863 2555 :
886 2525 956 2556 ideo

184 2579 299 2610 sufficit
314 2579 346 2608 in
361 2577 570 2613 assentiendo,
587 2578 616 2607 et
632 2577 844 2608 concordatin
858 2578 955 2609 ratio-

217 2641 250 2672 (α)
263 2641 322 2666 Coee.
338 2640 397 2665 edit.
412 2640 471 2665 alia.

977 169 1067 201 ART.
1092 169 1131 200 ΙΙ.
1152 167 1300 206 QUAEST.
1325 168 1347 198 Ι.
1711 168 1768 196 473

1001 236 1145 268 cinando.
1163 234 1342 266 Intellectus
1356 235 1442 264 enim
1456 234 1552 265 fidem
1570 234 1690 264 habens
1704 235 1766 264 sta-

1002 291 1059 321 tim
1075 290 1187 326 credit,
1205 298 1245 318 ex
1265 296 1329 328 quo
1344 287 1404 317 hoc
1422 287 1618 327 propositum
1634 288 1680 317 est
1694 287 1766 325 sibi,

1002 342 1117 373 scilicet
1132 342 1217 382 qzzod
1231 340 1371 371 Christus
1382 342 1428 370 est
1440 341 1499 369 sub
1513 340 1675 379 speciebus
1688 340 1767 377 illis;

1002 398 1032 426 et
1046 396 1121 433 hoc,
1142 395 1269 434 adjtitus
1288 393 1409 423 lumine
1430 393 1513 422 fidei.
1531 392 1680 423 Similiter
1695 402 1769 423 con-

1003 449 1108 479 cordat
1118 449 1151 478 in
1162 446 1388 483 ratiocinando,
1401 445 1475 485 quia
1485 445 1594 484 aspicit
1607 445 1645 474 ad
1661 455 1772 475 causas

1002 502 1179 542 superiores
1195 512 1201 531 :
1221 501 1265 530 sic
1287 500 1371 530 enim
1386 499 1459 529 dicit
1473 498 1649 528 intellectus
1666 509 1672 528 ;
1691 499 1772 530 Deus

978 565 982 567 “
1002 556 1103 591 potest
1122 555 1221 584 facere
1241 563 1334 584 omne
1357 553 1441 593 quod
1462 555 1509 582 est
1528 560 1720 590 congruum.
1737 551 1774 581 Et

1003 608 1079 638 fides
1106 607 1239 638 assumit
1265 618 1271 637 :
1302 607 1487 644 Congruum
1514 607 1559 635 est
1587 604 1671 644 quod
1701 613 1773 634 caro

1004 662 1115 694 Christi
1137 662 1315 701 exponatur
1338 660 1369 690 in
1394 660 1511 689 cibum.
1539 658 1574 688 Et
1596 658 1667 688 ideo
1692 658 1773 688 ratio

1005 715 1178 746 concludit.
1201 714 1284 753 quod
1305 713 1385 743 Deus
1399 713 1457 743 1100
1476 712 1570 752 possit
1593 711 1636 741 ibi
1660 712 1772 742 facere.

1006 768 1101 805 Item,
1130 766 1304 796 intellectus
1333 766 1421 802 dicit,
1449 765 1534 804 quod
1563 765 1680 794 veritas
1708 774 1773 795 non

1004 823 1104 860 potest
1120 820 1221 849 dicere
1235 819 1365 855 falsum·>
1383 820 1413 848 et
1430 818 1508 848 fides
1523 817 1654 848 assumit
1666 827 1673 847 z
1685 817 1773 848 Veri-

1004 877 1051 904 tas
1066 874 1162 904 dixit:
1180 873 1243 904 Hoc
1259 875 1303 903 esc
1317 879 1429 911 corpus
1446 880 1567 910 mmmm
1582 874 1612 901 et
1628 872 1775 911 preecepit

1005 929 1040 956 ut
1056 926 1211 955 diceretur
1231 936 1237 954 ;
1254 933 1330 963 ergo
1351 924 1431 953 dixit
1450 933 1575 954 verum.
1599 923 1677 953 Cum
1698 933 1776 964 ergo

1005 980 1044 1010 sit
1066 980 1098 1009 in
1113 979 1202 1009 nobis
1222 978 1339 1017 duplex
1356 977 1546 1014 intellectuS,
1565 977 1679 1007 scilicet
1695 977 1775 1008 fide-

1005 1033 1055 1069 liS,
1071 1034 1101 1062 et
1115 1032 1287 1067 humanus,
1304 1030 1373 1061 ideo
1392 1030 1547 1060 sentimus
1567 1030 1600 1059 in
1615 1030 1705 1060 nobis
1720 1030 1776 1061 ali-

1006 1086 1132 1125 quando
1143 1085 1377 1115 colluctationes
1391 1096 1396 1114 :
1412 1084 1510 1114 fidelis
1523 1087 1628 1115 tamen
1644 1084 1778 1115 intellec-

1007 1143 1057 1170 tus
1068 1139 1219 1179 praevalet
1233 1139 1261 1168 ei
1272 1139 1327 1177 qui
1343 1140 1389 1168 est
1403 1138 1575 1175 humanus,
1591 1138 1666 1177 quia
1675 1137 1777 1168 elevat

1007 1195 1111 1232 ipsum
1128 1195 1217 1222 extra
1232 1192 1462 1222 animalitatem
1476 1201 1482 1222 :
1503 1194 1639 1221 attamen
1655 1201 1718 1221 non
1733 1191 1777 1222 ita

1007 1246 1108 1277 elevat
1122 1246 1207 1285 quod
1221 1245 1477 1284 comprehendat,
1493 1247 1526 1275 ut
1538 1245 1689 1275 meritum
1703 1245 1775 1275 fidei

1007 1300 1170 1338 integrum
1193 1300 1328 1329 maneat.
1348 1298 1384 1328 Et
1398 1298 1457 1328 hoc
1473 1300 1573 1337 patet,
1592 1298 1665 1337 quia
1681 1297 1776 1328 intel-

1007 1352 1105 1382 lectus
1127 1352 1288 1381 humanus
1307 1351 1396 1389 dicit,
1418 1351 1501 1390 quod
1522 1350 1712 1390 impossibile
1732 1353 1777 1381 est

1008 1407 1093 1446 quod
1116 1408 1219 1445 majus
1236 1407 1433 1436 contineatur
1447 1415 1465 1435 a
1480 1405 1613 1442 minori,
1631 1407 1661 1435 et
1678 1404 1776 1435 fidelis

1007 1461 1185 1499 respondet,
1203 1460 1287 1499 quod
1303 1468 1416 1489 verum
1432 1461 1478 1489 est
1492 1458 1645 1495 localiter3
1663 1460 1693 1488 et
1705 1468 1774 1489 cor-

1007 1524 1067 1553 pus
1091 1514 1203 1544 Christi
1225 1522 1379 1551 magnum
1402 1521 1466 1542 non
1491 1513 1535 1541 est
1560 1511 1602 1540 ibi
1623 1511 1774 1548 localiter,

1007 1568 1059 1598 sed
1087 1566 1354 1597 sacramentaliter
1380 1577 1386 1595 :
1412 1568 1443 1595 et
1469 1565 1616 1605 quamvis
1638 1565 1716 1595 illud
1738 1565 1777 1595 sit

1007 1620 1200 1660 impossibile
1215 1629 1271 1659 per
1291 1621 1455 1656 naturam,
1471 1620 1578 1648 tamen
1593 1620 1694 1657 potest
1709 1627 1777 1648 esse

1007 1674 1069 1704 Deo
1091 1673 1239 1713 possibile
1257 1682 1264 1702 ε
1287 1675 1317 1702 θῖ
1333 1673 1409 1711 quia
1428 1672 1586 1702 nescimus
1606 1671 1680 1711 quid
1698 1671 1777 1702 Deus

1007 1730 1110 1766 posset
1125 1728 1245 1756 mutato
1260 1725 1353 1755 modo
1369 1725 1503 1762 essendi,
1518 1724 1588 1755 ideo
1603 1724 1673 1754 licet
1688 1724 1776 1755 intel-

1007 1781 1104 1811 lectus
1126 1780 1185 1810 sibi
1206 1779 1387 1819 praevaleat,
1407 1781 1513 1809 tamen
1532 1779 1675 1809 nondum
1695 1787 1778 1808 com-

1007 1833 1182 1873 prehendit.
1202 1832 1238 1862 Et
1252 1832 1296 1862 sic
1311 1833 1418 1871 patent
1437 1831 1574 1862 rationes
1593 1831 1632 1861 ad
1651 1833 1777 1861 utram-

1007 1896 1069 1926 que
1084 1888 1206 1926 partem
1223 1897 1229 1916 :
1246 1885 1357 1925 primae
1373 1885 1458 1915 cuim
1480 1884 1654 1925 procedunt
1673 1884 1710 1914 de
1727 1884 1775 1914 in-

1008 1940 1086 1970 tellez
1099 1942 1133 1970 tu
1160 1939 1335 1970 secundum
1361 1939 1445 1978 quod
1470 1938 1647 1975 humanus;
1674 1939 1704 1968 et
1727 1946 1776 1967 se-

1008 1993 1120 2023 cundfe
1135 1993 1173 2023 de
1192 1992 1350 2022 intellectu
1369 1991 1543 2021 secundum
1562 1991 1647 2030 quod
1662 1990 1774 2020 fidelis.

1048 2046 1095 2077 Ad
1109 2046 1185 2076 illud
1199 2048 1305 2076 tamen
1321 2045 1403 2084 quod
1416 2044 1580 2083 quaeritur,
1594 2052 1693 2083 quare
1705 2043 1776 2082 plus
1792 2056 1825 2077 Ad
1837 2055 1899 2082 41⁸.

1009 2100 1069 2130 1100
1089 2100 1202 2130 dicitur
1224 2108 1290 2130 esse
1312 2107 1408 2138 supra
1430 2097 1643 2134 intellectum,
1669 2097 1774 2127 dicen·
1791 2087 1897 2108 ¹²¹³¹²¹¹¹²

1009 2153 1085 2183 dum
1109 2153 1195 2192 quod
1210 2153 1243 2183 in
1259 2152 1320 2182 hoc
1335 2151 1472 2191 quodam
1489 2150 1581 2180 modo
1597 2150 1776 2180 communi-

1009 2208 1058 2237 cat
1072 2208 1181 2237 nostra
1203 2205 1389 2244 imaginatio
1402 2228 1409 2241 ,
1432 2213 1506 2234 cum
1527 2211 1642 2242 corpus
1664 2202 1779 2233 Christi

1010 2260 1049 2290 sit
1073 2258 1299 2298 imaginabile,
1331 2260 1361 2288 et
1387 2257 1538 2297 quoniam
1563 2256 1704 2286 illuditur
1727 2255 1777 2293 ei,

1010 2313 1086 2352 quia
1098 2315 1134 2343 ut
1148 2314 1195 2343 est
1209 2312 1268 2342 sub
1284 2313 1481 2342 sacramento
1497 2309 1687 2348 subterfugit
1703 2308 1780 2339 ima-

1010 2366 1206 2406 ginationem
1219 2390 1226 2402 ,
1250 2365 1316 2395 imo
1334 2373 1430 2403 supra
1445 2364 1545 2403 ipsam
1560 2364 1624 2398 est,
1645 2363 1681 2391 ut
1696 2369 1780 2400 praen

1011 2418 1156 2449 habitum
1169 2417 1228 2448 fuit
1238 2441 1245 2454 ,
1263 2426 1337 2447 cum
1353 2416 1484 2455 accipiat
1498 2415 1628 2445 modum
1643 2414 1778 2453 essendi,

1012 2480 1107 2511 quem
1132 2470 1226 2501 habet
1251 2469 1401 2509 spiritus:
1430 2469 1499 2499 ideo
1525 2477 1598 2498 cum
1623 2469 1779 2507 repugnet

1012 2524 1216 2563 imaginatio,
1244 2523 1347 2561 magis
1373 2524 1419 2552 est
1442 2523 1549 2551 contra
1570 2520 1776 2552 intellectum.

1012 2577 1073 2608 Sed
1086 2577 1119 2607 in
1134 2576 1273 2607 articulis
1287 2575 1368 2612 aliis,
1385 2574 1500 2604 scilicet
1513 2573 1698 2612 divinitatis,
1712 2583 1780 2606 om-

1012 2630 1089 2662 nino
1101 2629 1205 2661 deficit
1218 2631 1249 2661 et
1263 2638 1327 2662 non
1341 2628 1418 2659 adeo
1434 2628 1605 2668 repugnat.

1800 1471 1887 1498 Exposi-

1792 1502 1820 1522 tio
1835 1502 1896 1522 ratio-

1791 1539 1848 1553 num.
