2017 2948
777 133 962 165 DlSTINCT.
986 131 1038 163 Vl.
1062 132 1164 163 PARS
1187 132 1224 162 11.

206 203 345 235 adhibita
359 202 463 233 debita
476 200 651 240 diligentia,
667 202 797 231 excusat
811 209 830 231 a
844 202 927 231 toto:
945 202 976 230 et

206 259 368 299 quoniam,
384 258 409 287 si
427 256 538 296 aliquis
551 255 685 294 baptizet
699 255 849 295 aliquem,
861 255 899 285 de
913 263 975 294 quo

206 321 271 343 non
287 313 387 352 potest
401 309 547 350 cognosci
562 318 618 349 per
629 309 768 349 aliquem
784 309 868 348 quod
882 308 976 339 fuerit

206 366 392 405 baptizatus,
409 364 538 402 ignorat
553 371 627 393 eum
644 371 710 392 esse
725 362 927 402 baptizatum,
946 364 974 392 et

206 418 333 448 adhibet
347 416 557 455 diligentiam,
572 415 597 445 si
613 415 752 455 requirat
765 424 784 445 a
795 415 888 453 notis,
906 415 974 446 ideo

206 479 268 500 non
284 471 399 509 peccat.
411 468 542 505 Rursus,
555 468 629 507 quia
641 467 767 507 aliquod
782 469 827 498 est
843 467 974 506 signum

205 522 364 562 probabile
383 521 467 561 quod
492 529 556 551 non
578 521 617 551 sit
639 521 830 560 baptizatus,
851 522 976 551 tenetur

205 578 236 606 et
247 576 337 606 debet
357 575 526 614 baptizari:
552 576 582 605 et
606 574 649 604 ita
670 575 754 614 patet
773 573 858 613 quod
873 574 975 613 bapti-

205 628 303 659 zando
330 637 395 658 non
423 627 590 657 committit
613 636 644 657 se
672 627 857 658 discrimini.
885 626 975 664 Quod

205 681 361 720 quaeritur
377 681 414 710 de
430 680 621 716 dormiente,
636 680 804 710 dicendum
823 683 831 698 ¹
851 679 935 719 quod
950 680 974 709 si

205 736 250 764 est
264 733 400 771 adultus,
414 736 467 763 aut
482 733 570 772 prius
582 732 740 763 consensit
756 735 785 762 et
797 732 907 770 voluit,
922 735 976 763 aut

204 786 307 816 noluit
330 787 361 815 et
379 786 508 816 renuit:
536 786 561 814 si
583 785 738 815 consensit
763 787 792 815 et
812 785 926 823 voluit,
950 785 976 814 si

204 837 392 877 baptizatur,
411 838 583 878 baptizatus
603 839 663 875 est;
682 837 750 868 atsi
771 838 860 877 prius
875 846 976 877 nega-

203 892 249 922 vit
265 894 295 921 et
314 891 431 927 renuit,
454 891 628 931 baptizatus
647 900 711 921 non
735 893 791 921 est.
815 890 847 921 Si
868 892 975 920 autem

204 944 418 975 indifferenter
433 953 466 975 se
479 944 592 974 habuit
604 947 762 984 quantum
777 943 815 974 ad
831 944 873 978 id,
891 943 976 983 quod

204 998 342 1028 exterius
354 1000 411 1036 est,
425 1007 489 1028 non
507 999 607 1037 potest
619 997 691 1027 sciri
706 997 766 1027 nisi
783 1006 838 1036 per
852 997 973 1036 ipsum:

204 1053 235 1081 et
255 1051 282 1080 si
301 1051 388 1090 prius
402 1050 518 1088 voluit,
536 1050 710 1089 baptizatus
731 1052 794 1086 est;
813 1049 839 1079 si
857 1050 974 1088 noluit,

204 1113 279 1141 non,
295 1104 369 1143 quIa
384 1105 505 1143 oportet
525 1104 609 1143 quod
626 1103 666 1133 sit
681 1102 828 1142 aliqualis
843 1112 975 1133 consen-

204 1166 258 1187 sus
280 1157 311 1187 in
332 1157 456 1194 adulto,
479 1157 527 1188 vel
543 1160 682 1194 coactuS‚
704 1157 753 1188 vel
773 1159 974 1196 spontaneus.

204 1209 237 1239 Si
265 1211 427 1249 quaeratur
459 1210 535 1249 quid
559 1210 668 1240 debeat
695 1210 779 1248 fieri,
809 1209 976 1240 (licendum

204 1262 288 1301 quod
314 1262 420 1292 nullus
443 1263 534 1293 debet
558 1263 697 1302 aliquem
720 1263 878 1302 baptizare
904 1263 975 1293 (ior-

204 1315 354 1346 mientem
369 1316 420 1354 (a),
437 1316 497 1346 nisi
510 1318 724 1355 praesumatur
739 1316 823 1356 quod
839 1325 903 1347 non
916 1316 978 1347 evi-

206 1369 283 1407 gilet
303 1372 375 1399 aute
398 1372 546 1406 mortem,
570 1372 600 1399 et
624 1369 683 1399 nisi
706 1372 921 1409 praesumatur
940 1370 978 1400 de

204 1424 274 1462 eJ‘us
291 1420 455 1453 voluntate
471 1431 526 1462 per
542 1422 646 1461 signa,
664 1422 714 1453 vel
730 1422 837 1459 verba,
858 1422 909 1453 vel
926 1432 978 1462 pa-

205 1477 332 1505 rentum
347 1475 469 1512 saltem,
484 1475 558 1515 quia
573 1475 610 1505 de
625 1475 804 1505 christianis
818 1477 921 1505 natus.
942 1475 976 1505 In

204 1529 263 1559 hoc
278 1538 353 1559 casu
367 1529 418 1559 his
433 1529 693 1559 concurrentibus
709 1529 799 1559 debet.
814 1529 974 1568 baptizari,

205 1586 235 1614 et
257 1583 317 1613 nisi
346 1583 441 1614 fuerit
470 1584 523 1613 fiet
549 1583 578 1613 io
606 1583 637 1613 in
661 1583 767 1613 anima
789 1583 885 1622 ipsius
906 1585 977 1613 ante

204 1638 444 1676 dormitionem,
470 1640 546 1668 tunc
569 1637 678 1676 recipit
694 1639 927 1667 sacramentum
948 1639 978 1667 et

204 1699 290 1728 rem,
317 1692 352 1721 ut
374 1691 448 1720 dicit
471 1690 689 1727 Innocentius,
711 1690 736 1719 si
757 1692 864 1720 autem
884 1690 978 1720 fuerit

206 1743 308 1781 fictio,
333 1744 386 1774 sed
410 1746 517 1774 tamen
536 1743 684 1774 voluntas
705 1743 744 1773 ad
763 1743 975 1782 baptismum,

207 1797 317 1836 recipit
338 1798 587 1833 sacramentum,
608 1798 639 1827 et
658 1805 722 1827 non
742 1805 822 1826 rem.
840 1795 977 1826 Omnino

205 1849 314 1879 eodem
329 1849 422 1878 modo
439 1848 606 1879 dicendum
621 1851 667 1879 est
679 1849 717 1879 de
732 1848 860 1879 furioso.

522 1951 590 1973 DUB.
609 1951 654 1972 lv.

258 2013 283 2038 Si
303 2014 382 2037 totum
405 2012 518 2043 ludicre,
541 2015 566 2037 et
589 2013 706 2044 inimice,
733 2015 757 2037 et
780 2012 924 2043 joculariter

494 2051 621 2079 ageretur,
637 2051 685 2073 etc.

246 2116 375 2147 Videtur
394 2115 594 2155 Augustinus
608 2115 659 2145 hic
674 2115 756 2146 maie
773 2115 886 2154 dicere,
901 2115 977 2155 quia

205 2169 336 2200 intentio
356 2171 402 2199 est
417 2169 454 2199 de
470 2169 652 2200 necessitate
672 2169 818 2209 baptismi
833 2180 839 2200 :
856 2178 934 2209 ergo
951 2169 976 2199 si

206 2224 307 2252 totum
322 2222 438 2252 factum
453 2224 500 2252 est
510 2222 705 2262 joculariter,
719 2232 782 2253 non
799 2225 845 2253 est
862 2222 976 2262 baptis-

206 2284 298 2305 mus:
323 2284 401 2314 ergo
421 2285 485 2305 non
509 2280 554 2306 est
574 2275 808 2316 implorandum
831 2276 975 2308 divinum

206 2328 391 2366 consilium,
412 2328 466 2359 sed
485 2328 706 2368 baptizandus:
726 2329 800 2369 quia
815 2329 849 2359 in
864 2329 926 2366 his,
942 2330 975 2360 in

207 2381 324 2421 quibus
338 2381 416 2411 certi
437 2390 559 2419 sumus,
581 2384 611 2412 et
628 2382 784 2413 habemus
796 2382 976 2413 humanum

208 2434 388 2472 consilium,
406 2443 470 2464 non
484 2436 607 2474 oportet
622 2435 794 2474 confugere
809 2435 848 2466 ad
862 2435 973 2466 Deum.

247 2487 339 2527 Resp.
359 2487 529 2518 Dicendum
547 2487 647 2527 quod,
671 2487 752 2518 sicut
767 2488 842 2518 dicit
858 2488 972 2528 Ilugo:

241 2567 247 2582 ¹
269 2566 398 2596 Richard„
417 2569 462 2591 nrt.
486 2570 511 2595 22,
530 2574 554 2597 q,
578 2573 604 2590 11.
624 2579 653 2584 -
675 2568 682 2580 ²
703 2568 777 2598 Hug..
801 2568 830 2591 (Ie
854 2568 975 2598 Sacram„

209 2602 251 2625 lib.
264 2602 293 2630 11,
309 2609 334 2632 p.
351 2602 431 2627 111.-
444 2601 454 2618 ²
465 2603 539 2633 Aug„
553 2602 582 2625 de
597 2603 679 2633 Rape„
694 2603 737 2626 lib.
754 2603 808 2633 Vll,
825 2610 847 2628 c.
863 2610 942 2629 xXXV.

1740 136 1796 164 387

1039 210 1053 228 ‹-
1068 198 1173 229 Ludus
1193 208 1256 229 non
1278 207 1402 239 semper
1423 200 1561 231 excludit
1576 200 1796 239 intentionem,

1033 253 1085 284 sed
1101 252 1300 292 compatitur,
1317 262 1331 280 »
1352 252 1434 283 sicut
1446 255 1540 292 patet.
1559 253 1595 284 Et
1611 253 1707 292 Hugo
1722 255 1733 273 ¹
1748 262 1800 293 po-

1032 305 1078 336 nit
1096 305 1290 345 exemplum,
1313 305 1391 345 quia
1412 306 1491 337 velle
1517 307 1590 337 dare
1616 307 1735 337 ludicre
1754 309 1801 337 est

1032 358 1155 390 duobus
1178 358 1301 389 modis:
1326 368 1390 389 uno
1411 359 1505 390 modo
1523 360 1604 390 velle
1618 360 1742 398 ludere,
1758 360 1802 390 ita

1032 414 1116 454 quod
1136 414 1224 444 nullo
1243 414 1337 445 modo
1357 413 1426 445 vult
1446 414 1537 452 dare-3
1558 413 1620 444 alio
1638 414 1743 452 modo,
1759 414 1801 444 ita

1032 467 1116 505 quod
1130 466 1198 497 vuit
1218 466 1344 503 ludere,
1361 468 1390 497 et
1405 467 1612 497 nihilominus
1630 466 1698 497 vult
1714 467 1799 499 dare.

1032 518 1070 549 Et
1092 520 1195 558 primo
1217 519 1346 559 quidem
1371 519 1465 550 modo
1488 519 1627 550 excludit
1654 520 1799 550 intentio·

1032 581 1122 611 nem,
1146 575 1175 603 et
1197 573 1252 612 qui
1276 573 1318 604 sic
1337 573 1389 604 dat
1411 573 1559 611 ludendo,
1584 582 1649 603 non
1667 573 1734 610 dat3
1751 582 1802 603 se-

1032 626 1136 656 cundo
1150 626 1242 656 modo
1253 626 1341 666 ponit
1352 626 1556 656 intentionem
1567 626 1672 664 dandi,
1686 628 1716 656 et
1729 635 1802 656 vere

1032 678 1094 708 dat.
1121 677 1170 709 Sic
1198 679 1229 708 in
1252 679 1412 718 proposito
1438 679 1691 718 intelligendum.
1718 678 1803 709 Unde

1033 733 1133 770 potest
1150 740 1217 761 esse
1237 731 1366 762 intentio
1391 740 1465 762 cum
1486 731 1571 762 ludo.
1588 731 1626 763 Et
1639 731 1708 762 ideo
1728 731 1804 761 dicit

1032 785 1234 824 Augustinus
1248 786 1257 801 ³
1274 794 1280 815 :
1302 797 1316 814 «
1342 785 1579 825 implorandum
1599 787 1644 816 est
1659 785 1803 816 divinum

1033 839 1210 869 consilium.
1226 849 1240 867 n
1258 839 1344 876 Quod
1357 839 1382 869 si
1395 839 1549 870 Dominus
1563 848 1628 869 non
1639 839 1802 876 revelaret,

1033 891 1239 931 baptizandus
1259 893 1319 929 est,
1343 893 1450 922 tamen
1475 892 1534 922 sub
1557 892 1745 923 conditione.
1768 891 1806 922 Et

1032 944 1092 974 hoc
1107 946 1154 974 est
1168 944 1251 984 quod
1262 944 1376 975 dicitur
1387 945 1420 975 in
1436 945 1488 975 illo
1502 954 1588 982 casu,
1601 945 1632 975 in
1648 953 1712 985 quo
1726 953 1806 984 puer

1033 996 1243 1034 Athanasius,
1274 997 1428 1028 simulans
1453 1006 1486 1028 se
1513 1006 1578 1028 esse
1606 997 1803 1037 episcopum,

1032 1050 1203 1090 baptizavit
1230 1050 1385 1090 quosdam
1414 1060 1530 1090 pueros
1558 1050 1700 1082 ludicre:
1730 1051 1806 1091 quia

1033 1103 1235 1142 postmodum
1254 1104 1385 1134 consilio
1402 1103 1573 1134 Alexandri
1587 1104 1724 1144 episcopi
1739 1113 1806 1135 non

1033 1158 1108 1186 sunt
1118 1156 1312 1196 rebaptizati,
1324 1157 1398 1196 quia
1407 1157 1538 1188 inferius
1548 1157 1705 1195 subditur,
1721 1157 1805 1197 quod

1033 1209 1116 1239 idem
1139 1209 1306 1249 episcopus
1328 1210 1528 1249 supervenit,
1551 1212 1581 1241 et
1601 1210 1748 1249 quaesivit
1768 1210 1805 1241 de

1033 1262 1227 1300 intentione,
1243 1265 1273 1292 et
1296 1262 1448 1301 coguovit
1468 1272 1524 1303 per
1545 1263 1643 1293 verba
1658 1263 1803 1303 juvenis,

1033 1316 1117 1356 quod
1138 1315 1250 1346 imbuit
1272 1315 1497 1346 intentionem:
1524 1318 1554 1346 et
1574 1315 1644 1346 ideo
1665 1325 1729 1347 non
1748 1317 1804 1347 de-

1034 1370 1172 1399 buerunt
1195 1368 1399 1408 rebaptizari:
1427 1370 1457 1399 et
1476 1369 1559 1408 quod
1575 1368 1687 1399 habuit
1700 1369 1803 1400 inten-

1034 1422 1168 1459 tionem,
1190 1421 1367 1461 conjicitur,
1383 1421 1458 1461 quia
1480 1430 1543 1452 non
1560 1421 1729 1462 baptizavit
1744 1422 1804 1452 nisi

1034 1474 1286 1505 catechumenos.
1304 1474 1342 1504 Et
1361 1474 1403 1504 sic
1419 1476 1503 1514 patet
1522 1474 1698 1506 intellectus
1714 1475 1804 1506 verbi

1034 1527 1216 1566 Augustini.

1351 1584 1419 1606 DUB.
1444 1585 1475 1605 v.

1054 1645 1249 1676 :ignoscendum
1268 1646 1305 1668 cst
1322 1645 1396 1668 etiam
1415 1644 1439 1667 in
1457 1644 1613 1675 baptizandis
1630 1644 1717 1670 electis
1734 1645 1784 1669 duo

1250 1682 1366 1710 tempora
1381 1687 1435 1703 esse
1453 1680 1585 1704 servanda.

1072 1741 1205 1773 Videtur
1217 1742 1302 1781 quod
1322 1743 1427 1781 magis
1440 1744 1632 1782 competeret
1650 1743 1717 1774 dies
1730 1743 1804 1782 Epi—

1033 1795 1170 1834 phaniae,
1183 1795 1258 1835 quia
1268 1795 1420 1825 Dominus
1431 1796 1489 1825 fuit
1501 1795 1534 1825 in
1549 1795 1603 1826 illo
1613 1795 1802 1835 baptizatus.

1073 1848 1165 1888 Resp.
1180 1848 1355 1879 Dicendum
1367 1848 1453 1888 quod
1467 1848 1532 1879 dies
1540 1848 1726 1888 Epiphaniae
1739 1858 1804 1880 non

1032 1902 1068 1932 fit
1083 1902 1128 1932 ita
1143 1901 1326 1932 solemniter
1340 1903 1469 1941 propter
1484 1901 1633 1932 haeresim
1646 1903 1804 1943 extirpan-

1032 1956 1121 1993 dam,
1140 1964 1212 1995 quae
1228 1955 1309 1986 dixit
1331 1955 1434 1986 solum
1456 1955 1510 1985 illa
1530 1955 1580 1986 die
1598 1964 1699 1995 aquas
1712 1965 1803 1996 posse

1032 2018 1234 2048 regenerare.
1251 2007 1301 2038 Fit
1318 2009 1425 2038 autem
1441 2007 1511 2038 aliis
1530 2008 1655 2039 duobus
1670 2009 1782 2039 diebus
1793 2033 1801 2048 ,

1031 2061 1185 2102 quoniam
1201 2062 1233 2091 in
1249 2060 1401 2092 Paschate
1417 2060 1494 2092 lavit
1509 2070 1566 2092 nos
1586 2070 1604 2091 a
1618 2061 1752 2101 peccatis
1769 2061 1802 2091 in

1032 2116 1188 2154 sanguine
1203 2124 1261 2146 suo
1277 2125 1284 2152 ;
1302 2115 1334 2145 in
1352 2115 1534 2146 Pentecoste
1548 2114 1721 2154 baptizavit
1737 2114 1803 2154 Spi-

1032 2169 1097 2200 ritu
1122 2171 1249 2199 sancto:
1276 2170 1307 2199 et
1330 2169 1405 2208 quia
1430 2168 1608 2207 baptismus
1630 2168 1717 2198 hunc
1739 2168 1802 2199 du-

1032 2223 1145 2262 plicem
1174 2222 1322 2252 effectum
1345 2221 1456 2259 habet,
1478 2221 1547 2251 ideo
1567 2223 1645 2251 tunc
1666 2230 1803 2260 genera-

1032 2276 1103 2306 liter
1132 2275 1281 2306 omnibus
1304 2274 1413 2313 datur,
1433 2274 1485 2305 sed
1512 2274 1686 2314 specialiter
1708 2274 1802 2305 datur

1033 2328 1177 2366 cuilibet,
1193 2328 1320 2368 quando
1335 2328 1467 2359 timetur
1482 2328 1519 2358 de
1536 2329 1647 2359 morte.

1352 2422 1419 2444 DUB.
1444 2422 1488 2443 Vl.

1151 2479 1265 2510 Parvuli,
1284 2479 1332 2503 alio
1351 2480 1499 2510 profitente,
1517 2479 1685 2509 baptizantur.

1073 2541 1232 2579 Quaeritur
1245 2542 1295 2573 hic
1304 2542 1342 2573 de
1350 2542 1403 2572 illo
1413 2541 1511 2573 verbo
1522 2541 1680 2581 Magistri,
1691 2542 1801 2573 utrum

1064 2604 1100 2635 (α)
1114 2604 1174 2628 Cael.
1186 2605 1246 2628 edit.
1259 2604 1419 2628 dormiendo.
