2017 2948
207 151 266 179 606

210 224 286 255 gere
301 223 444 255 poenam,
460 216 536 254 quia
547 215 555 230 ¹
573 225 579 245 :
598 212 713 246 Melius
727 212 795 244 illis
807 215 874 243 erat
889 211 976 242 viam

207 269 357 301 veritatis
383 276 447 300 non
468 276 635 308 agnoscere
648 292 656 306 ‚
676 275 771 308 quam
795 268 866 305 post
882 264 975 304 aym·-

209 325 273 354 tam
288 325 368 354 retro
385 322 425 361 (a)
441 323 592 354 converti.

249 376 340 415 Resp.
363 376 446 415 quod
462 376 545 406 hona
565 375 617 404 iila
636 374 753 404 faciunt
766 372 803 402 ad
819 370 978 401 mitiorem

208 438 347 469 poenam,
359 438 422 459 non
441 429 526 468 quod
542 428 687 458 minuant
700 433 823 465 poeuam
840 423 977 453 debitam

209 485 334 523 peccato
348 507 355 521 ‚
384 482 437 513 sed
466 482 540 521 quia
573 480 723 510 minuunt
748 480 874 517 tempus
905 485 977 516 pec-

209 535 313 572 candi;
331 537 361 565 et
384 537 457 565 tuuc
472 543 536 564 non
554 533 613 563 suit
630 533 661 562 in
679 530 829 571 peccatis,
853 529 980 569 quando

209 588 268 618 fuit
284 588 315 618 in
334 588 447 627 gratia.
471 586 531 617 Sed
546 586 668 616 ratione
692 585 889 624 pcccatorum
911 584 981 621 post

210 641 451 672 commissorum
478 648 541 670 non
569 638 700 675 minuit,
723 637 775 667 scd
799 635 979 666 occasiona-

209 695 281 724 liter
302 698 396 733 auget
412 696 627 733 contemptum
645 702 653 723 t
679 694 709 722 ct
724 691 792 721 ideo
807 691 890 721 bona
905 699 979 720 con-

211 749 305 779 vertit
327 748 386 778 sibi
416 748 449 778 in
478 747 577 784 mala,
606 747 685 776 sicut
712 744 875 785 poenitenti
902 744 983 774 Deus

212 801 295 832 mala
318 801 473 831 convertit
497 802 529 830 in
559 801 652 830 bona.
678 798 766 836 Quod
798 806 877 836 ergo
904 797 983 835 obji-

212 855 306 892 citur,
323 854 407 894 quod
425 856 499 884 sunt
514 853 675 884 meritoria
691 852 726 891 (b)
743 851 817 882 vitae
838 852 982 887 aeternae,

213 907 380 938 dicendum
396 906 481 947 quod
497 916 561 937 non
576 909 651 937 sunt
666 906 778 944 digna,
795 904 856 934 nisi
872 912 984 942 suppo-

213 962 271 992 sita
286 961 519 1001 perseverantia
536 971 542 990 ε
560 962 589 990 et
612 959 681 990 ideo
704 968 777 989 cum
794 957 875 987 cadit
893 956 982 996 quis,

213 1015 295 1045 fiunt
318 1014 470 1053 indigna,
494 1016 524 1043 et
544 1013 696 1043 dicuntur
720 1011 928 1041 mortificata:
956 1011 986 1039 et

213 1067 283 1097 ideo
297 1076 360 1097 non
373 1069 445 1097 sunt
456 1066 555 1105 digna
565 1064 763 1095 remunerari
779 1064 843 1095 vita
855 1065 983 1093 aeterna.

214 1119 274 1150 Nec
290 1122 397 1150 tamen
416 1119 545 1149 omnino
562 1121 728 1148 remanent
743 1117 984 1151 irremunerata,

214 1173 290 1213 quia
305 1173 355 1203 ille
371 1173 424 1213 qui
443 1172 531 1209 fecit,
548 1171 661 1201 habuit
675 1170 848 1209 gaudium;
866 1171 896 1199 et
911 1169 987 1199 ulte-

215 1227 281 1257 rius
296 1226 334 1257 de
349 1226 409 1256 illis
424 1226 573 1265 operibus
593 1224 751 1263 gaudent,
769 1223 823 1262 qui
839 1231 986 1262 perman-

215 1282 324 1309 serunt
339 1279 372 1309 iu
387 1287 518 1318 corpore
531 1278 675 1318 mystico.
693 1277 799 1308 Potest
815 1277 909 1307 etiam
921 1284 989 1306 esse

216 1332 301 1372 quod
318 1331 398 1362 Deus
411 1331 524 1362 merito
539 1330 665 1361 illorum
682 1329 813 1360 retrahit
826 1329 989 1359 hominem

217 1393 236 1415 a
248 1385 358 1416 multis
373 1384 518 1425 peccatis.

536 1488 604 1509 DUB.
629 1487 671 1508 IX.

260 1551 394 1580 Nunquam
410 1549 520 1580 aliquem
540 1549 639 1572 sanavit
654 1548 788 1578 Dominus,
804 1554 879 1578 quem
899 1553 951 1570 non

469 1584 574 1608 omnino
590 1584 744 1608 liberaverit.

260 1651 389 1683 Videtur
411 1651 463 1682 hic
484 1651 597 1681 falsum
622 1650 744 1685 dicere,
779 1649 854 1688 quia
877 1649 991 1678 dicitur

221 1705 258 1736 de
273 1714 355 1735 caeco
368 1728 376 1741 ,
399 1713 493 1744 quem
511 1703 665 1734 Dominus
681 1701 891 1739 illuminavit,
908 1701 993 1741 quod

220 1759 324 1798 primo
338 1758 415 1788 vidit
424 1760 434 1775 ‘³
448 1757 590 1789 homines
601 1756 685 1788 velut
699 1755 822 1787 arbores
833 1754 994 1786 ambutan-

223 1815 276 1843 tes.
299 1811 332 1842 Si
355 1811 439 1841 dicas
461 1811 545 1850 quod
561 1810 711 1850 paulatim
732 1812 833 1839 totum
850 1808 993 1845 sanavit,

223 1865 389 1904 quaeritur,
413 1873 486 1894 cum
501 1863 597 1903 possit
613 1871 725 1893 sanare
747 1861 852 1892 subito
865 1885 872 1899 ,
897 1869 995 1901 quare

223 1918 347 1947 sanavit
362 1917 549 1948 successive.

265 1969 356 2009 Resp.
382 1969 554 2000 Dicendum
569 1968 654 2008 quod
670 1970 754 1998 totus
770 1969 900 1998 sanatus
916 1967 975 1997 fuit
985 1990 994 2005 ‚

225 2023 301 2062 quia
315 2031 464 2062 corpore,
487 2025 517 2052 et.
533 2024 636 2052 mente
652 2032 658 2051 z
684 2020 767 2051 salus
783 2021 869 2051 euim
885 2029 995 2059 corpo-

226 2076 300 2107 ralis
322 2085 386 2106 non
407 2077 455 2105 est
474 2074 579 2112 utilis,
602 2074 660 2103 nisi
684 2075 777 2112 prout
791 2073 936 2104 ordinata
951 2074 997 2103 est

226 2129 265 2160 ad
289 2128 508 2168 spiritualem:
535 2129 565 2157 et
589 2127 663 2166 quia
684 2124 841 2157 Dominus
865 2128 998 2166 perfecte

227 2185 257 2213 et
271 2182 392 2213 utiliter
405 2180 536 2211 faciebat
549 2204 556 2217 ‚
579 2180 648 2210 ideo
664 2183 836 2219 utrumque
851 2180 996 2210 restitue-

227 2235 290 2265 bat.
317 2233 407 2271 Quod
422 2242 502 2272 ergo
516 2232 679 2272 quaeritur,
704 2241 803 2271 quare
822 2232 975 2271 paulatim
987 2256 996 2270 ,

228 2287 396 2318 dicendum
418 2285 502 2326 quod
527 2284 570 2314 ibi
594 2284 739 2322 signatur
763 2285 883 2315 curatio
906 2294 924 2315 a
947 2294 998 2315 se-

229 2342 322 2382 quela
333 2365 341 2379 ,
359 2340 537 2380 cujusmodi
553 2341 600 2370 est
615 2339 739 2369 caeeiias
754 2349 760 2369 ε
779 2339 926 2379 quamvis
939 2349 999 2370 au-

230 2398 294 2425 tem
316 2394 408 2434 culpa
429 2394 558 2424 curetur
580 2392 614 2422 in
635 2392 782 2428 instanti,
806 2401 869 2422 non
893 2394 999 2423 tamen

231 2457 333 2488 poena.
353 2446 441 2477 Unde
463 2445 570 2475 Glossa
591 2445 656 2475 ibi:
677 2444 806 2481 «Quem
822 2454 887 2476 uno
901 2446 999 2476 verbo

231 2509 342 2531 sanare
357 2501 497 2539 poterat,
518 2497 671 2537 paulatim
689 2500 798 2535 curat,
820 2501 855 2529 ut
873 2499 998 2537 magni-

267 2581 273 2594 ·
289 2580 306 2603 ll
330 2579 406 2607 Petu,
426 2583 455 2607 11,
473 2578 512 2600 21.
525 2589 554 2594 —
570 2577 579 2591 ²
593 2577 681 2607 Marc„
697 2583 751 2607 vui,
767 2579 804 2602 24.
818 2590 831 2592 -
857 2578 866 2591 ⁸
882 2580 962 2606 Amos,
975 2584 998 2607 ν,

237 2618 261 2647 1,
273 2616 296 2639 2,
306 2626 337 2632 -
347 2615 354 2627 ⁴
371 2613 446 2642 1bid.‚
460 2617 516 2641 v111,
530 2613 567 2636 lb.

765 141 1078 175 SENTENTIARUM
1101 140 1174 171 ΗΒ.
1202 140 1249 170 Ν.

1034 207 1181 240 tudinem
1201 206 1353 238 humanae
1373 206 1520 237 caecitatis
1542 206 1704 246 ostendat,
1729 217 1801 248 quae

1034 263 1090 294 vix
1101 286 1110 300 ,
1129 264 1159 292 et
1174 261 1264 301 quasi
1280 269 1335 301 per
1350 260 1470 300 gradus
1485 260 1523 290 ad
1539 259 1641 291 lucem
1655 260 1746 292 redit.
1763 272 1778 290 n

1359 364 1427 385 nun.
1451 363 1483 384 x.

1036 427 1187 452 Poenitentia
1202 426 1270 451 enini
1285 432 1347 450 vera
1365 426 1395 449 ad
1415 425 1532 455 baptismi
1549 424 1685 456 puritatem
1699 426 1806 449 conatur

1370 462 1473 486 ducere.

1076 529 1206 560 Videtur
1227 529 1285 559 hoc
1307 528 1439 565 falsum,
1459 527 1535 567 quia
1549 527 1686 558 dicitur⁸
1703 538 1709 557 ι
1735 526 1806 558 Non

1037 582 1171 621 adjiciet
1197 583 1298 619 ultra,
1334 584 1368 613 uc
1392 583 1534 621 resurgat
1559 582 1649 620 virqo
1677 580 1804 612 lsrael&

1038 636 1076 666 Et
1095 636 1155 675 (c):
1181 635 1316 673 caelent,
1339 639 1369 667 ec
1391 642 1455 666 non
1478 637 1649 674 resurgent.
1676 633 1804 664 Glossa:

1043 701 1057 717 α
1073 688 1142 719 Non
1157 691 1355 719 revertentur
1370 688 1409 719 ad
1424 688 1560 728 priorem
1582 687 1771 718 felicitatem.
1788 697 1803 715 n

1081 742 1171 782 Rcsp.
1189 742 1363 773 Dicendum
1375 742 1458 781 quod
1471 742 1577 773 differt
1590 742 1711 772 dicere:
1728 752 1742 770 a
1754 740 1810 772 Re-

1039 798 1175 835 surgent
1188 796 1227 826 ad
1242 796 1381 835 priorem
1394 796 1582 835 dignitatem
1595 819 1603 833 ‚
1615 806 1630 824 n
1648 797 1679 826 et
1698 806 1713 824 ιι
1726 795 1810 835 puri·

1039 852 1148 880 tatem.
1164 861 1178 878 ι)
1202 848 1282 880 Nam
1303 849 1444 888 dignitas
1467 849 1594 889 respicit
1615 850 1714 879 status
1738 848 1809 888 glo-

1040 903 1142 941 riam;
1165 902 1286 942 puritas
1306 911 1381 933 vero
1405 901 1529 942 respicit
1551 901 1810 932 emundationem

1041 957 1080 987 ab
1101 956 1188 988 omni
1213 956 1358 987 macula:
1384 955 1531 996 possibile
1555 957 1662 986 autem
1683 956 1731 986 est
1755 963 1812 994 per

1042 1010 1259 1050 poenitenliam
1275 1018 1404 1040 omnem
1418 1009 1543 1049 culpam
1554 1008 1660 1046 deleri,
1672 1009 1703 1038 et
1714 1016 1812 1048 quan-

1043 1066 1111 1094 tum
1131 1063 1169 1093 ad
1188 1062 1344 1092 maculam
1356 1086 1365 1100 ‚
1391 1064 1420 1092 et
1440 1064 1597 1102 quantum
1613 1061 1651 1092 ad
1666 1063 1789 1092 reatum
1802 1085 1810 1098 ,

1043 1126 1116 1147 cum
1131 1116 1285 1155 completa
1299 1118 1343 1145 est
1359 1126 1371 1146 :-
1382 1117 1411 1145 et
1425 1117 1581 1155 quantum
1596 1114 1635 1145 ad
1650 1114 1710 1145 hoc
1725 1113 1813 1145 intel-

1043 1170 1133 1208 ligit,
1158 1170 1310 1209 quiahoc
1326 1169 1383 1199 snit
1402 1169 1435 1199 in
1455 1168 1630 1208 baptism03
1655 1169 1812 1208 quantuni

1044 1232 1120 1253 vero
1134 1222 1172 1253 ad
1187 1222 1374 1261 dignitatem
1397 1222 1583 1252 innocentiae
1596 1246 1603 1258 ‚
1629 1229 1694 1251 non
1710 1220 1814 1259 surgit

1044 1275 1201 1315 poenitens
1213 1299 1222 1313 ,
1239 1275 1319 1305 sicut
1335 1284 1391 1305 nec
1406 1275 1507 1305 Adam
1522 1274 1706 1305 resurrexit.

1361 1369 1428 1391 DUB.
1451 1369 1495 1391 XI.

1109 1427 1177 1451 Sciat
1197 1433 1223 1450 se
1241 1426 1398 1458 culpabiliter
1415 1426 1520 1456 durum,
1538 1425 1581 1457 qui
1597 1425 1685 1456 deflet,
1702 1427 1752 1450 etc.

1086 1489 1217 1520 Videtur
1230 1489 1311 1520 male
1327 1490 1430 1520 dicere
1442 1513 1449 1526 ,
1473 1488 1548 1528 quia
1563 1497 1627 1518 non
1644 1489 1690 1518 est
1706 1487 1740 1517 in
1754 1495 1814 1527 po·-

1048 1545 1155 1574 testate
1171 1545 1278 1573 nostra
1290 1542 1459 1582 lacrymari
1475 1553 1481 1572 :
1501 1550 1580 1580 ergo
1592 1541 1718 1572 videtur
1731 1539 1816 1580 quod

1047 1596 1154 1626 nullus
1179 1596 1218 1626 sit
1249 1596 1413 1635 culpabilis
1425 1619 1432 1631 ,
1461 1595 1486 1625 si
1515 1604 1578 1625 non
1606 1594 1816 1634 lacrymatur.

1048 1649 1125 1680 Item
1143 1649 1292 1688 laerymae
1313 1650 1387 1678 sunt
1405 1648 1566 1678 exterius:
1590 1656 1669 1686 ergo
1687 1655 1760 1677 cum
1774 1646 1818 1676 ita

1048 1702 1144 1742 possit
1159 1701 1311 1741 poenitere
1327 1710 1430 1732 caecus
1441 1725 1450 1739 ,
1472 1701 1552 1731 sicut
1565 1700 1686 1730 habens
1697 1698 1814 1736 oculos,

1050 1755 1174 1785 videtur
1189 1754 1273 1794 quod
1288 1754 1474 1793 lacrymatio
1488 1753 1571 1783 nihil·
1581 1753 1683 1783 saciat.

1090 1807 1183 1847 Resp.
1209 1807 1381 1838 Dicendum
1404 1807 1489 1846 quod
1515 1805 1629 1846 aliquis
1651 1808 1697 1836 est
1719 1805 1820 1836 durus

1050 1860 1216 1900 dupliciter
1232 1871 1238 1891 :
1262 1861 1391 1900 quidam
1407 1870 1447 1891 ex
1462 1863 1575 1890 natura
1585 1883 1595 1898 ,
1620 1859 1670 1890 vel
1684 1859 1821 1890 siccitate

1050 1914 1160 1954 capitis
1170 1937 1179 1951 ,
1197 1916 1227 1944 et
1243 1913 1312 1944 talis
1328 1915 1373 1943 est
1393 1913 1494 1944 durus
1508 1913 1547 1943 ad
1560 1913 1718 1952 lacrymas
1731 1914 1820 1943 exte-

1051 1967 1149 1998 riores
1161 1978 1168 2004 ;
1186 1967 1300 2006 aliquis
1315 1969 1362 1996 est
1374 1968 1538 2005 promptus
1551 1965 1590 1996 ad
1601 1965 1759 2006 lacrymas
1770 1974 1823 1996 ex-

1052 2020 1183 2050 teriores
1195 2044 1203 2057 ,
1226 2028 1283 2060 pro
1298 2020 1413 2050 damno
1427 2044 1433 2057 ,
1458 2019 1510 2049 sed
1526 2028 1589 2049 non
1603 2027 1660 2059 pro
1674 2020 1801 2058 peccato
1811 2042 1821 2056 ‚

1052 2074 1082 2103 et
1097 2073 1155 2103 iste
1170 2072 1242 2103 dicit
1257 2081 1324 2102 esse
1341 2072 1440 2102 durus
1455 2071 1664 2111 culpabiliter,
1680 2070 1732 2102 vel
1748 2071 1824 2111 quia

1052 2128 1098 2156 est
1112 2125 1240 2165 sequela
1255 2125 1357 2165 culpae
1378 2125 1547 2165 praeteritae
1560 2149 1567 2162 ‚
1587 2124 1637 2156 vel
1651 2124 1821 2164 negligen-

1052 2180 1105 2210 15ae
1118 2179 1282 2219 praesentis
1296 2204 1302 2216 ‚
1327 2180 1402 2219 quia
1417 2181 1580 2219 peccatum
1595 2187 1661 2209 non
1675 2177 1822 2215 discutit,

1053 2234 1089 2262 ut
1103 2232 1193 2262 dehet
1205 2256 1214 2270 ,
1231 2241 1288 2262 nec
1304 2232 1388 2269 odit,
1406 2233 1455 2263 vel
1471 2232 1547 2272 quia
1560 2232 1652 2263 debet
1666 2240 1700 2262 se
1715 2231 1824 2271 culpa-

1054 2284 1149 2315 bilem
1171 2287 1340 2324 reputare:
1366 2287 1397 2315 et
1416 2285 1556 2315 fortassis
1575 2285 1625 2315 his
1643 2284 1744 2316 modis
1765 2293 1822 2316 vo-

1054 2338 1113 2368 luit
1136 2338 1338 2378 Augustinus
1369 2338 1471 2369 dicere
1496 2339 1602 2378 ipsum
1626 2337 1823 2378 culpabiliter

1054 2391 1190 2422 durum:
1202 2391 1240 2422 de
1254 2391 1368 2422 ultimo
1384 2394 1490 2422 tamen
1504 2391 1598 2422 modo
1615 2392 1662 2422 est
1677 2390 1820 2421 dubium.

1087 2471 1121 2502 (a)
1141 2472 1214 2502 Vulg.
1238 2480 1283 2495 ιιωι
1303 2479 1442 2503 coynoscere
1461 2472 1525 2495 viam
1538 2472 1658 2502 Justitioe‚
1676 2477 1749 2502 quam
1767 2471 1823 2500 post

1054 2508 1206 2538 aqnz'tionem
1229 2509 1374 2530 retrorsum.
1393 2520 1423 2525 -—
1441 2507 1473 2537 (b)
1495 2507 1564 2532 Edit.
1593 2507 1647 2530 Ven.
1671 2505 1822 2530 meritoriae.

1055 2555 1084 2560 -
1093 2543 1120 2571 (c)
1138 2542 1212 2571 Vulg.
1224 2549 1273 2565 non
1286 2542 1387 2572 adjiciet
1402 2544 1428 2565 ut
1438 2544 1563 2573 resurqat.
1582 2542 1657 2572 Virqo
1671 2540 1756 2569 lsrael,
1770 2545 1823 2564 Lxx

1055 2578 1186 2607 interpres.
1205 2585 1210 2600 :
1228 2580 1247 2601 l.
1267 2578 1347 2602 οὐκέτι
1365 2578 1398 2608 μὴ
1418 2579 1553 2609 προσθήσει
1575 2581 1618 2601 τοῦ
1638 2577 1780 2605 ἄνοια-θῆναι,
1799 2576 1822 2599 2.

1055 2613 1174 2644 Παρθένος
1185 2616 1228 2637 τοῦ
1247 2612 1353 2644 Ἰσραὴλ.
