2017 2948
595 146 692 178 DlST.
716 145 794 177 XVI.
819 144 933 176 PART.
955 144 978 175 1.
1002 143 1091 174 ART.
1114 142 1154 174 11.
1177 142 1324 180 QUAEST.
1352 143 1376 174 1.

188 219 243 249 Dei
257 219 290 249 in
306 218 476 258 poenitente
495 218 542 247 est
560 217 743 254 recuperata
767 224 775 245 z
797 223 874 253 ergo
896 221 960 243 non

189 274 314 302 tantum
347 271 451 302 dolere
484 269 574 299 debet
603 268 640 298 de
681 267 848 297 amissione
885 266 938 297 Dei
950 289 958 303 ,

189 327 344 364 quantum
359 324 396 355 de
411 322 577 353 amissione
592 320 660 350 filii.

231 380 259 409 3.
277 378 354 409 Item
377 377 462 417 quod
476 384 541 406 non
555 375 677 414 oportet
693 375 816 403 tantum
832 372 937 402 dolere
952 395 959 407 ‚

190 432 315 463 videtur
327 455 336 469 ,
373 431 447 470 quia
471 431 765 469 quantumcumque
793 435 890 466 parva
922 426 961 456 sit

190 484 309 523 gratia,
327 483 408 514 delet
422 491 550 513 omnem
572 480 696 519 culpam
715 490 721 509 :
743 488 822 518 ergo
845 478 960 508 51111111-

190 540 238 568 ter
247 546 287 567 ex
299 538 387 576 parte
399 535 526 571 doloris,
536 535 832 573 quantumcumque
845 540 962 571 parvus

191 593 236 620 est
246 613 255 626 ‚
272 589 350 619 dum
364 590 470 618 tamen
486 586 589 626 gratia
604 586 643 615 sit
656 585 845 615 informatus
856 609 863 621 ,
882 584 962 614 (1010-

190 642 235 673 bit
249 650 377 673 omnem
391 641 517 680 culpam
536 651 542 670 z
559 648 637 678 ergo
659 647 723 668 non
742 639 864 677 oportet
879 637 962 676 quod

192 696 232 725 sit
246 696 348 734 major
360 694 448 724 omni
462 693 533 724 alio.

231 750 261 778 4.
279 747 372 785 Item,
392 747 419 777 si
440 747 499 777 hoc
518 748 696 786 oporteret,
716 747 791 775 tunc
806 743 898 783 pauci
912 752 961 773 es-

192 803 260 831 sent
276 800 421 830 contriti:
439 800 531 839 pauci
555 799 640 829 enim
660 800 736 829 sunt
757 797 811 837 qui
835 796 964 826 mallent

193 862 260 884 esse
282 853 355 883 caeci
368 876 375 889 ‚
395 862 493 892 quam
510 861 674 892 nunquam
695 859 848 891 peccasse.
870 849 962 879 Vide-

194 915 265 937 mus
278 906 373 936 etiam
384 905 500 936 multos
511 905 596 936 viros
611 904 808 944 poenitentes,
822 902 874 942 qui
889 902 965 932 ssent

194 968 235 989 ex
247 961 347 990 morte
358 958 682 997 consanguineorum,
695 957 825 997 quinon
833 956 966 995 possunt

195 1013 271 1044 flere
284 1022 341 1052 pro
356 1012 501 1052 peccatis.

463 1125 687 1158 CONCLUSIO.

200 1212 375 1239 Contritz'onis
400 1211 473 1237 dolor
496 1210 584 1244 quoad
608 1217 708 1236 sensum
730 1216 782 1235 non
806 1212 843 1235 est
869 1214 969 1234 necesse

232 1256 303 1291 quod
328 1257 365 1282 sit
387 1255 537 1285 maz-imus,
560 1261 642 1287 neque
665 1253 805 1280 secundum
825 1253 969 1286 displicen-

233 1301 300 1326 tiam
314 1299 428 1325 rationis
443 1298 575 1331 absolute,
590 1297 635 1324 sed
648 1296 710 1323 bene
725 1298 755 1323 in
774 1298 970 1331 comparatione

234 1343 270 1371 ad
283 1343 351 1370 alios
366 1342 477 1369 dolores.

239 1433 330 1472 Resp.
346 1431 386 1462 ad
402 1440 472 1470 arg.
490 1430 662 1461 Dicendum
678 1430 764 1470 qnod
784 1439 857 1460 cum
881 1439 968 1469 quee-

199 1485 279 1516 ritur
293 1485 331 1515 de
344 1484 517 1524 quantitate
535 1483 652 1514 doloris
663 1507 672 1521 ,
688 1483 777 1514 dolor
795 1485 895 1523 polest
911 1483 971 1514 dici

198 1538 396 1578 displicentia
410 1537 559 1574 rationis,
576 1537 627 1567 vel
652 1536 754 1576 passio
777 1545 817 1566 ex
840 1536 899 1566 hac
920 1545 969 1567 rc-

199 1591 320 1622 sultans
334 1591 366 1621 in
382 1590 592 1621 sensualitate.
612 1589 644 1620 Si
656 1589 716 1619 1100
727 1589 864 1620 secundo
877 1589 971 1620 modo

199 1643 382 1683 accipiatur,
398 1643 467 1674 dico
480 1643 566 1683 quod
581 1652 646 1673 non
662 1644 708 1672 est
726 1651 851 1673 necesse
866 1642 972 1681 magis

199 1698 304 1728 dolere
322 1697 359 1727 de
379 1698 522 1736 peccato,
551 1705 648 1736 quam
665 1696 704 1726 de
724 1705 758 1725 rc
785 1695 969 1734 temporali;

200 1759 257 1781 nec
279 1751 374 1781 etiam
388 1759 514 1780 necesse
533 1751 580 1780 est
595 1749 700 1779 dolere
715 1772 723 1785 ‚
747 1749 821 1787 quia
837 1757 902 1778 non
925 1750 971 1777 est

200 1805 233 1834 in
246 1806 397 1843 potestate
413 1802 579 1842 cujuslibet
596 1813 602 1832 2
618 1802 689 1832 talis
705 1802 790 1832 enim
806 1802 894 1832 dolor
909 1810 973 1832 non

201 1857 402 1895 consequitur
417 1864 570 1893 amorem,
588 1854 641 1885 sed
654 1854 857 1893 consequitur
870 1854 972 1893 ipsam

201 1910 398 1940 affectionem
409 1933 416 1947 ‚
432 1911 462 1939 et
483 1907 605 1938 affectio
620 1907 901 1947 experimentaleni
918 1916 970 1937 co-

203 1963 399 2002 gnitionem3
420 1964 450 1992 et
466 1962 617 2001 quianon
646 1969 755 1991 omnes
776 1960 892 1990 habent
917 1969 974 1990 ex-

203 2016 388 2056 perientiam
402 2015 519 2045 divinae
533 2014 709 2044 dilectionis
721 2038 728 2051 .
746 2013 816 2043 ideo
830 2023 892 2043 non
909 2022 974 2043 0111-

203 2078 259 2100 1105
274 2069 317 2099 113
331 2068 518 2099 sensibiliter
532 2068 637 2098 dolent
650 2068 688 2098 de
703 2067 849 2107 peccatis;
868 2069 973 2097 tamen

204 2123 289 2163 quod
304 2123 407 2162 magis
426 2123 520 2162 etiam
540 2122 727 2152 sensibiliter
741 2121 843 2151 doleat
861 2121 975 2161 aliquis

204 2177 241 2207 de
260 2178 402 2216 peccato,
424 2184 520 2215 quam
538 2175 576 2206 de
588 2175 696 2215 aliquo
710 2175 836 2211 damno.
854 2175 913 2205 hoc
928 2177 975 2205 est

204 2231 412 2271 perfectioniS,
423 2232 454 2261 et
467 2239 658 2269 congruum.
674 2239 739 2260 non
749 2230 972 2260 necessarium.

206 2283 265 2314 Sed
294 2284 326 2313 in
349 2285 506 2323 quantum
529 2283 618 2313 dolor
641 2282 755 2312 dicitur
783 2282 975 2322 displicentia

205 2337 353 2373 rationis,
371 2337 414 2366 sic
433 2336 502 2367 dico
523 2336 605 2375 quod
628 2335 824 2375 displicentia
847 2345 975 2366 mensu-

205 2392 294 2421 ratur
333 2389 507 2420 secundum
551 2389 759 2428 quantitatem
801 2388 972 2419 charitatis.

207 2443 369 2481 Quantitas
387 2444 494 2473 autem
514 2441 674 2472 charitafis
695 2441 859 2481 dupliciter
876 2444 976 2482 potest

207 2496 306 2536 accipi
327 2507 333 2527 ι
359 2495 409 2526 vel
430 2495 462 2525 in
485 2504 535 2533 se,
559 2495 609 2525 vel
633 2495 664 2525 in
682 2495 914 2535 comparatione
937 2495 975 2526 ad

208 2549 286 2581 alios
298 2557 422 2579 amores
436 2540 448 2579 τ’
461 2548 496 2578 in
511 2557 558 2586 se,
573 2548 618 2579 sic
629 2548 698 2579 dico
708 2548 793 2588 quod
807 2550 853 2579 est
865 2558 974 2589 parva,

210 2606 240 2634 et
259 2604 370 2643 major,
392 2605 422 2633 et
445 2602 606 2640 maxima3
631 2602 917 2643 iii‚coniparatione
938 2602 977 2634 ad

1728 143 1787 172 033

1017 211 1095 242 alios
1107 235 1115 249 ,
1138 210 1181 240 sic
1194 209 1263 241 dico
1276 209 1363 249 quod
1378 209 1524 241 vendicat
1538 209 1596 239 sibi
1610 208 1788 240 dominium

1016 264 1050 294 in
1067 263 1158 294 corde
1171 287 1178 300 ‚
1197 262 1338 302 quaudiu
1353 264 1418 299 est3
1436 272 1493 293 1100
1508 271 1649 301 unquam
1665 262 1707 292 ibi
1721 263 1785 300 est,

1016 317 1078 347 nisi
1091 317 1131 347 sit
1141 317 1270 348 domina
1281 327 1288 347 t
1301 316 1385 346 unde
1398 317 1466 347 dico
1482 316 1565 355 qnod
1577 316 1616 346 ad
1632 316 1692 346 hoc
1704 315 1789 354 quod

1017 370 1132 410 aliquis
1144 370 1259 401 habeat
1271 369 1457 400 charitatem
1470 393 1478 407 ,
1496 378 1621 399 necesse
1639 371 1683 398 051
1702 367 1787 407 quod

1017 423 1129 462 diligat
1150 423 1251 454 Deum
1270 432 1366 463 super
1390 422 1508 453 omnia.
1531 422 1595 452 Hoc
1617 423 1723 451 antem
1744 422 1790 451 est

1019 477 1153 516 diligere
1166 477 1265 507 Deum
1280 486 1375 517 super
1388 476 1495 507 omnia
1507 500 1514 513 ‚
1532 474 1615 514 quod
1631 483 1687 514 pro
1703 473 1790 504 nullo

1017 530 1144 567 (10111110,
1160 530 1207 560 1101
1219 530 1396 568 commodo,
1414 529 1491 560 velit
1504 527 1663 559 offendere
1674 526 1788 557 Deum:

1018 583 1062 613 sic
1078 583 1322 622 intelligendum
1338 584 1385 613 est
1398 583 1436 613 de
1461 581 1658 621 displicentia
1674 580 1789 610 contri-

1020 636 1125 666 tionis.
1143 635 1231 666 Unde
1245 636 1323 673 dico,
1339 636 1424 675 quod
1439 636 1603 675 peccatum
1618 633 1709 664 debet
1725 638 1791 664 tan-

1018 690 1086 718 tum
1110 688 1274 727 displicere
1300 688 1415 718 rationi
1429 713 1436 725 ‚
1463 687 1547 727 quod
1571 686 1659 717 nullo
1681 688 1790 726 pacto,

1017 742 1106 772 nullo
1128 741 1295 772 commodo
1309 765 1316 777 ,
1340 740 1391 771 vel
1416 739 1636 777 incommodo,
1663 739 1741 769 velit
1759 739 1793 769 in

1019 795 1120 833 ipsam
1134 793 1310 824 consentire
1321 817 1328 830 ‚
1344 793 1396 824 vel
1410 793 1604 823 consensisse
1620 803 1626 820 :
1642 792 1792 831 quoniam

1020 847 1166 877 voluntas
1182 856 1255 886 quae
1277 857 1316 877 ex
1342 846 1448 886 aliqua
1473 855 1567 877 causa
1586 846 1741 875 consentit
1760 846 1793 875 in

1018 902 1204 939 peccatum,
1231 901 1319 939 justa
1342 909 1406 929 non
1431 901 1486 929 est.
1518 898 1605 929 Unde
1628 898 1708 928 sicut
1728 907 1793 928 non

1020 955 1143 992 oportet
1160 953 1330 983 habentem
1347 952 1531 982 charitatem
1547 950 1628 981 velle
1642 951 1724 981 mori
1736 960 1794 990 pro

1022 1006 1163 1043 Christo,
1185 1005 1238 1036 sed
1260 1005 1294 1035 in
1310 1014 1385 1035 casu
1405 1005 1437 1034 in
1458 1013 1522 1044 quo
1543 1005 1594 1035 vel
1610 1006 1732 1044 oportet
1749 1005 1795 1044 ip-

1023 1068 1094 1090 sum
1116 1059 1263 1089 amittere
1282 1059 1483 1097 charitatem,
1507 1058 1558 1088 vel
1580 1058 1697 1095 vitam,
1720 1060 1795 1089 tunc

1023 1114 1149 1143 tenetur
1170 1113 1274 1152 magis
1293 1112 1373 1144 velle
1384 1112 1465 1142 mori
1478 1121 1535 1151 pro
1547 1112 1679 1149 Christo,
1697 1120 1795 1150 quam

1023 1167 1209 1197 charitatem
1236 1167 1406 1203 amittere3
1439 1166 1481 1195 510
1509 1166 1542 1195 in
1568 1164 1727 1204 proposito
1751 1166 1796 1196 est

1024 1220 1284 1259 intelligendum,
1307 1219 1390 1259 quod
1416 1228 1479 1249 non
1503 1221 1611 1249 teneor
1636 1227 1721 1248 nunc
1739 1227 1795 1257 pro

1025 1273 1235 1303 satisfactione
1253 1296 1260 1309 ‚
1292 1273 1341 1303 vel
1370 1271 1621 1302 reconciliatione
1638 1295 1645 1307 ,
1680 1271 1796 1310 peccati

1025 1335 1153 1356 omnem
1177 1335 1304 1365 poenam
1328 1326 1502 1362 sustinere,
1533 1324 1607 1364 quia
1626 1323 1710 1354 Deus
1732 1332 1797 1354 non

1025 1380 1126 1419 exigit
1141 1390 1147 1410 :
1165 1382 1195 1410 et
1210 1380 1280 1410 ideo
1291 1380 1372 1410 sicut
1388 1388 1447 1418 ego
1463 1387 1590 1418 possum
1605 1376 1719 1408 salvari
1733 1385 1796 1407 non

1025 1433 1208 1464 sustinendo
1225 1433 1416 1473 martyrium
1427 1456 1436 1470 ,
1452 1432 1496 1461 sic
1511 1440 1641 1470 possum
1656 1429 1794 1460 reconci-

1025 1486 1096 1516 liari
1121 1486 1184 1516 Deo
1206 1486 1273 1516 sine
1304 1485 1412 1516 multis
1435 1483 1605 1514 doloribus
1637 1482 1710 1512 Haec
1736 1482 1798 1512 sint

1026 1539 1108 1569 dicta
1128 1539 1166 1568 de
1189 1538 1358 1569 amissione
1380 1546 1488 1568 rerum
1509 1535 1743 1575 temporalium.
1766 1535 1798 1566 Si

1027 1602 1103 1624 vero
1114 1593 1152 1624 de
1163 1593 1396 1632 comparatione
1407 1594 1438 1622 et
1450 1591 1668 1632 praeelecti0ne
1682 1590 1794 1629 011111ω7

1026 1646 1077 1676 vel
1110 1655 1230 1686 poenae,
1256 1647 1437 1686 quaeratur,
1462 1644 1652 1684 respondent
1675 1643 1795 1682 ahqui‘,

1027 1702 1057 1729 et
1071 1699 1190 1729 faciunt
1212 1699 1244 1728 in
1266 1699 1327 1729 hoc
1342 1698 1428 1736 vim,
1451 1697 1526 1737 quia
1540 1698 1642 1737 potest
1662 1696 1799 1735 intelligi

1027 1754 1173 1791 respectu
1190 1751 1361 1791 praeterIti,
1382 1751 1429 1782 vel
1450 1751 1561 1782 futuri.
1579 1751 1639 1781 Sed
1654 1759 1716 1789 ego
1734 1759 1799 1781 non

1027 1806 1118 1836 video
1141 1806 1172 1834 in
1191 1805 1250 1835 hoc
1275 1805 1363 1842 vim,
1386 1805 1460 1844 quia
1483 1806 1569 1844 justa
1594 1804 1743 1835 voluntas
1769 1806 1800 1835 01

1028 1867 1102 1889 vere
1114 1858 1269 1897 poenitens
1282 1858 1325 1889 ita
1336 1858 1507 1889 detestatur
1520 1857 1718 1897 praeteritum
1728 1866 1798 1897 pec-

1028 1913 1134 1942 catum
1148 1911 1231 1950 qnod
1246 1911 1317 1941 fecit
1331 1935 1338 1949 ,
1357 1911 1437 1941 510111
1462 1912 1606 1941 futurum
1622 1919 1661 1940 ne
1679 1911 1750 1947 fiat3
1770 1912 1800 1940 et

1028 1965 1070 1994 ita
1083 1966 1129 1994 est
1144 1966 1306 2003 peccatum
1322 1964 1402 1995 velle
1422 1972 1564 2003 peccasse
1577 1987 1586 2000 ,
1615 1963 1696 1993 sicut
1719 1963 1800 1994 velle

1028 2027 1165 2057 peccare.
1188 2017 1259 2047 Ideo
1276 2017 1313 2047 de
1330 2017 1447 2056 peccati
1471 2016 1674 2055 praecedentis
1694 2015 1800 2047 dolore

1028 2074 1057 2101 et
1075 2070 1292 2107 detestatione,
1318 2070 1486 2100 dicendum
1508 2069 1592 2109 quod
1616 2069 1647 2098 in
1667 2078 1741 2099 casu
1766 2069 1799 2100 in

1028 2134 1091 2164 (1110
1111 2125 1234 2163 oportet
1257 2123 1457 2163 praeeligere.
1485 2122 1535 2153 vel
1567 2122 1744 2152 consentire
1768 2122 1800 2152 in

1029 2179 1191 2217 peccatum
1204 2201 1212 2214 ‚
1229 2177 1295 2207 sive
1311 2175 1570 2216 complacentiam
1591 2175 1707 2214 peccati
1719 2198 1727 2212 ,
1749 2175 1800 2205 vel

1029 2230 1225 2261 tolerantiam
1242 2238 1343 2269 poenae
1355 2253 1362 2267 7
1388 2228 1518 2268 quilibet
1533 2229 1656 2258 tenetur
1677 2227 1801 2266 praeeli-

1030 2294 1116 2324 gere,
1132 2284 1197 2314 sive
1210 2283 1315 2322 magis
1328 2282 1445 2321 eligere
1458 2290 1597 2320 poenam,
1610 2289 1707 2319 quam
1721 2280 1800 2311 velle

1028 2346 1155 2377 peccare
1166 2361 1173 2374 ,
1191 2336 1242 2368 vel
1256 2344 1410 2375 peccasse.
1427 2335 1546 2365 Praeter
1561 2342 1669 2363 casum
1689 2342 1799 2364 neces-

1029 2390 1128 2420 sitatis
1141 2389 1219 2428 dico,
1233 2389 1317 2428 quod
1327 2387 1514 2428 praeeligere
1528 2394 1655 2417 omnem
1670 2394 1799 2425 poenam

1029 2445 1075 2474 est
1099 2442 1244 2482 perfectae
1259 2441 1386 2473 virtutis
1399 2463 1409 2478 ,
1432 2440 1577 2471 dubitare
1592 2447 1668 2470 vero
1685 2439 1731 2469 est
1750 2438 1799 2468 in-

1030 2495 1208 2534 firmitatis,
1228 2494 1303 2535 quia
1327 2494 1421 2524 timor
1441 2492 1594 2523 naturalis
1616 2490 1708 2523 valde
1729 2491 1801 2522 facit

1030 2548 1191 2586 dubitare;
1207 2549 1238 2579 et
1254 2548 1312 2578 ista
1327 2546 1480 2577 dubitatio
1496 2545 1591 2576 simul
1605 2545 1706 2585 potest
1719 2546 1801 2575 stare

1031 2611 1104 2634 cum
1115 2601 1266 2635 charitate
1279 2610 1287 2631 ε
1304 2600 1357 2631 5οᾱ
1369 2599 1554 2640 praeeligere
1567 2598 1693 2640 culpam
1706 2597 1801 2630 alicui
