2017 2948
543 138 642 171 DIST.
666 138 758 170 XVII.
783 139 897 170 PART.
921 138 945 169 1.
968 137 1057 168 ART.
1082 137 1119 167 ΙΙ.
1144 136 1292 173 QUAEST.
1317 137 1368 168 ΙΙΙ.

162 208 228 240 tiva
239 208 430 239 attribuatur
443 206 503 246 ipsi
521 205 738 243 hradiationi,
755 205 929 236 secundum

163 262 239 292 illud
261 261 376 292 Psalmi
391 262 399 278 ¹
426 270 433 291 :
462 262 531 291 P—rae
554 259 674 298 fulgore
702 261 738 291 in
763 262 930 298 conspectu

164 315 233 354 ejus
246 315 343 346 nubes
357 314 565 350 transierunt,
583 315 644 343 etc.

205 371 233 406 1,
252 370 312 398 feet
322 370 350 398 3.
374 368 420 397 Ad
437 367 515 397 illud
534 366 619 405 quod
642 366 789 405 objicitur
803 366 837 395 in
858 374 930 396 con-

163 418 309 455 trarium,
327 418 412 457 quod
428 419 473 447 est
484 418 571 446 actus
582 417 745 452 formatus,
764 418 794 446 et
807 416 932 446 merito-

165 477 243 514 rius,
257 478 288 507 et
302 477 415 511 honus,
426 475 592 505 dicendum
603 474 687 513 quod
699 476 786 503 actus
802 473 932 504 formari

164 531 265 569 potest
279 538 297 558 a
313 528 416 567 gratia
431 528 598 567 dupliciter
616 539 621 557 :
640 537 705 558 uno
720 527 813 557 modo
830 536 848 557 a
863 536 934 565 gra-

165 583 209 613 tia
219 583 324 622 ipsum
338 584 460 612 motum
480 582 654 612 secundum
673 590 763 611 suam
786 581 932 611 substan-

166 636 243 666 tiam
256 635 399 666 eliciente
417 636 447 665 et
462 635 651 674 imperante,
676 637 711 664 ut
736 643 809 664 cum
831 634 935 672 gratia

167 690 274 720 movet
287 688 423 719 liberum
438 688 605 718 arbitrium
625 687 662 717 ad
687 687 808 717 bonum
829 695 909 726 opus
925 695 933 716 ε

167 744 198 772 et
213 744 287 772 tunc
301 750 414 772 verum
430 744 486 778 est,
504 741 588 780 quod
603 740 720 771 anima}
734 739 933 778 gratificatio,

167 797 198 825 et
213 794 388 833 mundatio,
404 797 435 824 et
455 794 630 824 habilitatio
647 793 686 824 ad
705 793 827 823 bonum
843 792 935 822 talem

167 851 273 878 actum
294 847 457 887 praecedit3
475 847 534 877 alio
555 847 647 877 modo
673 849 762 877 actus
781 846 936 876 formatur

168 910 186 931 a
199 902 300 941 gratia
320 912 384 932 non
408 902 594 941 imperante,
622 910 679 931 nec
705 899 865 935 eliciente,
883 899 935 929 sed

168 955 366 993 adveniente,
387 957 422 985 ut
449 955 577 994 quando
605 954 741 984 liberum
766 952 935 983 arbitrium

169 1010 215 1038 est
231 1008 263 1038 iu
275 1010 346 1038 actu
361 1017 498 1038 consono
513 1007 625 1046 gratiae
639 1018 645 1036 :
674 1009 746 1037 tunc
761 1005 866 1045 gratia
880 1004 937 1034 ad—

170 1062 311 1098 veniens,
328 1064 357 1091 et
374 1061 540 1091 inveniens
556 1061 691 1091 liberum
718 1058 884 1089 arbitrium
906 1058 938 1087 in

169 1116 252 1152 actu,
267 1116 440 1153 utrumque
450 1113 546 1143 simul
558 1116 700 1152 tempore
715 1112 839 1148 format,
855 1110 937 1141 scili-

169 1169 217 1197 cet
231 1167 402 1207 potentiam
415 1168 445 1197 et
461 1169 582 1197 actum:
597 1166 685 1205 prius
701 1168 808 1196 tamen
824 1167 939 1195 natura

169 1221 286 1256 actum,
299 1229 396 1259 quam
412 1219 595 1258 potentiam,
609 1218 691 1248 sicut
701 1217 939 1256 dispositionem

170 1272 407 1302 intermediam:
425 1274 455 1301 et
470 1271 508 1301 de
522 1271 578 1301 tali
594 1279 658 1300 11011
674 1272 720 1299 est
732 1278 846 1300 verum
857 1268 940 1307 quod

171 1326 322 1364 sequatur
337 1324 588 1361 mundationem,
602 1323 651 1354 vel
666 1322 937 1358 informationem3

171 1378 235 1408 imo
251 1378 399 1417 praecedit
411 1402 418 1415 ,
437 1380 467 1407 et
481 1377 648 1407 ordinatur
664 1376 702 1406 ad
717 1371 941 1405 remissionem

170 1430 288 1470 culpae:
305 1430 390 1470 quod
404 1431 533 1469 quidem
548 1438 612 1460 non
637 1429 709 1459 facit
724 1428 839 1467 aliquis
854 1430 942 1457 actus

171 1494 189 1514 a
205 1484 308 1523 gratia
324 1484 461 1522 elicitus,
489 1486 583 1523 prout
607 1482 721 1513 dicitur
745 1483 874 1520 gratum
898 1482 940 1511 sa-

172 1537 266 1567 010115.
284 1537 361 1567 Nini
377 1537 473 1567 etiam
489 1537 539 1567 ilie
564 1538 652 1566 actus
665 1560 672 1573 ,
697 1545 759 1574 quo
779 1534 887 1564 anima
911 1543 943 1563 se

173 1589 319 1629 disponit,
333 1594 378 1620 est
391 1590 533 1629 agratia,
550 1588 726 1619 secundnm
739 1588 823 1627 quod
840 1587 943 1626 gratia

173 1642 246 1672 dicit
261 1643 381 1682 aliquid
403 1643 503 1682 gratis
523 1642 632 1672 datum
652 1653 658 1671 2
676 1641 753 1681 quia
769 1640 943 1671 secundum

173 1696 258 1735 quod
273 1696 416 1726 habitunt
437 1697 483 1725 est
507 1695 540 1725 in
560 1694 696 1725 secundo
707 1694 727 1731 ²,
746 1694 881 1724 liberum
893 1702 943 1723 ar-

176 1749 303 1779 bitrium
320 1759 383 1779 non
398 1759 430 1779 se
446 1749 581 1788 disponit
597 1748 635 1778 ad
658 1747 796 1786 gratiani
815 1749 945 1785 gratum

175 1802 342 1832 facientem
358 1802 425 1831 sine
437 1801 544 1840 aliquo
562 1801 661 1839 gratis
676 1800 748 1830 dato
766 1811 772 1830 z
791 1802 821 1830 et
837 1799 879 1829 sic
895 1808 946 1838 pa-

178 1856 244 1884 tent
259 1855 319 1884 tria
334 1854 468 1893 objecta.
484 1854 636 1884 Contritio
647 1862 721 1883 vero
735 1862 808 1892 quae
822 1855 868 1882 est
878 1854 947 1891 post

176 1907 446 1946 J'ustificitionem,
463 1908 510 1936 est
521 1916 576 1946 per
589 1906 721 1936 modum
737 1905 840 1944 illum,
851 1914 946 1944 quem

179 1960 263 1991 dicit.

219 2014 248 2042 Ιι.
271 2011 319 2042 Ad
339 2011 416 2042 iliud
436 2010 522 2050 quod
542 2010 690 2049 objicitur
703 2033 710 2046 ,
731 2009 817 2049 quod
840 2009 949 2039 anima

180 2071 244 2094 non
257 2062 354 2092 simul
368 2061 500 2093 diversis
515 2061 655 2090 motibus
669 2062 832 2098 movetur,
845 2060 950 2090 dicen-

180 2115 257 2147 dum
265 2115 348 2155 quod
362 2124 474 2147 verum
488 2116 534 2145 est
548 2114 722 2144 secundum
737 2113 881 2143 eamdem
895 2122 948 2152 po-

181 2168 331 2204 tentiam3
349 2168 402 2198 sed
417 2167 593 2197 secundum
608 2166 714 2204 aliam,
727 2169 757 2197 et
770 2166 877 2203 aliam,
894 2174 948 2205 po-

182 2224 240 2252 test
254 2231 332 2260 esse,
351 2224 382 2252 et
402 2230 528 2251 necesse
553 2222 617 2250 est:
644 2219 738 2250 simul
762 2219 847 2249 enim
876 2220 951 2249 sunt

183 2273 321 2311 cognitio
336 2272 476 2310 rationis,
499 2274 529 2302 et
544 2272 700 2311 appetitus
720 2270 905 2307 voluntatis,
921 2272 951 2300 et

183 2325 360 2361 delectatio,
383 2334 457 2355 cum
472 2324 543 2363 quis
563 2323 734 2354 delectatur
761 2323 793 2353 in
817 2323 951 2353 videndo

185 2379 234 2410 vel
249 2377 454 2416 intelligendo
480 2377 610 2417 aliquid.
641 2376 691 2407 Sic
720 2377 751 2406 in
779 2377 949 2416 proposito,

184 2431 261 2470 quia
276 2433 380 2462 motus
393 2430 484 2461 liberi
495 2429 615 2460 arbitrii
627 2432 673 2459 est
688 2429 759 2459 fidei
777 2429 952 2459 seeundum

219 2495 225 2510 ¹
241 2493 311 2517 I‘sal.
331 2499 394 2523 xvii,
412 2494 447 2516 13.
463 2505 492 2510 -
512 2492 520 2506 ²
535 2492 654 2520 Sentent„
672 2491 713 2514 lib.
735 2492 764 2521 Η,
782 2490 838 2514 dist.
858 2496 952 2521 xxvni,

186 2530 232 2553 art.
249 2531 270 2559 l,
288 2536 313 2559 q.
331 2534 373 2552 11¹.
389 2540 418 2546 -
440 2528 450 2544 ³
466 2528 506 2557 Cf.
529 2527 599 2550 Alex.
624 2526 719 2554 Ateus„
739 2533 763 2556 p.
787 2527 828 2556 tv,
843 2534 867 2556 q.
886 2531 952 2555 xvn,

186 2564 294 2588 membr.
314 2565 342 2593 5,
362 2564 410 2587 art.
432 2564 462 2593 2;
480 2562 632 2590 Riebardus,
654 2561 685 2585 lv
706 2562 783 2590 δοιώ,
804 2561 861 2585 dist.
886 2567 954 2589 xvu,

186 2602 232 2623 art.
256 2602 282 2629 1,
301 2606 326 2630 q.
347 2605 385 2629 1v;
409 2598 496 2628 steph.
523 2597 626 2627 Brules„
647 2596 678 2620 lv
699 2598 778 2626 sent„
801 2596 858 2620 dist.
882 2602 952 2625 xvii,

1696 139 1754 167 669

986 206 1090 235 actum
1113 204 1264 242 rationis,
1281 204 1335 234 sed
1361 203 1507 234 contritio
1533 205 1580 234 est
1605 203 1755 242 potentiae

986 257 1159 288 voluntatis
1172 257 1206 286 in
1222 256 1411 287 irascibilem
1429 256 1494 287 vim
1505 280 1512 293 ‚
1528 258 1559 287 et
1573 256 1668 287 simul
1682 257 1756 287 sunt

987 313 1140 351 tempore.

1244 392 1424 430 QUAESTIO
1448 392 1500 423 III.

1043 486 1086 512 An
1100 486 1205 512 attritio
1216 484 1350 519 prcecedat
1365 485 1446 519 impii
1456 483 1672 518 justificationem
1687 484 1708 511 ³.

1030 575 1143 606 Utrum
1157 585 1282 606 necesse
1303 575 1342 605 sit
1364 574 1449 614 quod
1468 574 1585 605 attritio
1605 574 1759 614 praecedat

990 629 1077 669 impii
1088 629 1365 668 justificationem,
1384 628 1450 658 sive
1469 627 1710 665 contritionem3
1728 630 1759 658 et

991 683 1075 722 quod
1090 682 1144 719 sic,
1158 682 1282 712 videtur
1300 693 1305 712 :
1323 681 1475 720 quoniam
1500 681 1526 710 si
1541 679 1622 710 Deus
1638 680 1758 720 justifi-

991 737 1074 765 caret
1083 735 1150 765 sine
1158 734 1399 774 praeparatione,
1410 736 1485 763 tunc
1493 733 1587 763 etiam
1596 733 1662 763 sine
1672 735 1760 763 motu

990 789 1081 818 liberi
1096 788 1218 817 arbitrii
1231 788 1438 826 justificaret:
1451 786 1535 826 quod
1551 786 1680 826 quidem
1696 796 1760 817 non

991 841 1074 878 facit,
1090 841 1170 870 sicut
1185 840 1259 870 dicit
1273 840 1477 878 Augustinus
1492 840 1501 855 ⁸
1515 850 1521 869 ι
1542 851 1556 868 «
1572 839 1631 876 Qui
1642 840 1760 869 creavit

992 897 1022 923 te
1038 894 1105 923 sine
1120 896 1158 930 te,
1178 902 1240 923 non
1252 892 1439 931 justificabit
1453 894 1482 922 te
1498 892 1566 922 sine
1580 894 1621 922 te.
1638 902 1652 919 »
1674 891 1761 922 Tunc

995 955 1073 985 ergo
1097 955 1222 985 quaero,
1245 954 1300 984 per
1321 945 1397 983 quid
1418 944 1598 974 immediate
1621 954 1653 974 se
1682 952 1763 983 prae·

998 1001 1086 1038 paret
1100 1000 1138 1037 (a)
1157 1009 1162 1027 :
1181 999 1207 1028 si
1218 1007 1274 1037 per
1287 1000 1391 1027 actum
1403 996 1512 1034 alium,
1524 1005 1619 1036 quam
1633 996 1761 1032 doloris,

994 1060 1067 1081 cum
1089 1051 1192 1090 gratia
1214 1059 1277 1080 non
1302 1050 1342 1080 sit
1361 1049 1496 1080 deletiva
1520 1058 1585 1079 suae
1601 1057 1761 1088 praepara-

994 1104 1104 1141 tioniS‚
1129 1103 1222 1134 illum
1238 1105 1343 1133 actum
1370 1112 1434 1132 non
1456 1101 1601 1141 expellet,
1621 1101 1673 1131 sed
1696 1101 1763 1131 for-

995 1156 1116 1187 mabit:
1137 1165 1216 1195 ergo
1241 1156 1308 1186 sine
1335 1155 1422 1185 omni
1437 1154 1624 1185 contritione
1650 1154 1765 1193 poterit

991 1209 1160 1249 justificari
1176 1218 1183 1239 :
1201 1209 1253 1239 sed
1268 1209 1328 1239 hoc
1338 1211 1385 1238 est
1398 1208 1528 1238 falsum:
1546 1216 1636 1246 ergo,
1653 1209 1710 1237 etc.

1036 1262 1114 1292 Item
1144 1261 1248 1300 gratia
1272 1270 1326 1300 per
1348 1270 1380 1291 se
1405 1260 1564 1291 sufficiens
1588 1261 1635 1289 est
1661 1259 1764 1290 delere

996 1315 1130 1355 culpam,
1146 1325 1185 1345 ex
1198 1324 1262 1354 quo
1276 1314 1404 1345 venitin
1417 1314 1557 1344 animan]
1571 1322 1577 1343 :
1593 1322 1671 1351 ergo
1682 1313 1708 1342 si
1721 1321 1768 1342 re—

996 1368 1131 1407 quiritur
1144 1370 1242 1405 actus,
1258 1367 1383 1397 videtur
1395 1367 1454 1397 hoc
1467 1376 1533 1397 esse
1552 1367 1656 1405 magis
1671 1366 1710 1397 ad
1723 1367 1768 1396 in-

996 1422 1220 1452 troducendam
1237 1421 1375 1459 gratiam
1389 1445 1396 1458 ,
1422 1430 1518 1460 quam
1535 1420 1573 1450 ad
1584 1419 1766 1459 juvandum

997 1475 1228 1505 introductam:
1249 1474 1303 1504 sed
1324 1476 1429 1504 motus
1450 1473 1565 1503 doloris
1588 1475 1659 1503 ante
1678 1472 1767 1502 infu-

998 1529 1118 1558 sionem
1135 1528 1247 1566 gratiae
1262 1529 1308 1558 est
1324 1527 1442 1557 attritio
1457 1538 1463 1556 :
1482 1536 1561 1565 ergo
1572 1550 1581 1564 ,
1599 1528 1657 1556 etc.

1039 1581 1132 1618 Item⁷
1155 1581 1225 1610 ilcet
1240 1580 1329 1610 dolor
1346 1580 1384 1609 sit
1399 1582 1504 1610 motus
1527 1579 1765 1616 instantaneus,

999 1644 1063 1664 non
1078 1636 1185 1664 tamen
1199 1633 1322 1663 elicitur
1335 1642 1353 1662 a
1366 1632 1465 1662 libero
1482 1632 1623 1669 arbitrio,
1640 1631 1699 1661 nisi
1714 1639 1768 1670 per

1000 1687 1261 1727 pl‘aepaintioneii]
1286 1688 1316 1715 et
1340 1684 1557 1721 collationem,
1585 1693 1657 1723 quae
1680 1684 1715 1713 fit
1737 1684 1769 1714 in

999 1743 1159 1779 tempore:
1177 1739 1228 1769 sed
1241 1738 1423 1777 justificatio
1435 1738 1469 1767 fit
1482 1737 1515 1766 in
1532 1736 1676 1766 instanti:
1692 1745 1770 1775 ergo

1000 1801 1125 1822 necesse
1141 1794 1186 1822 est
1205 1791 1290 1830 quod
1309 1793 1381 1820 ante
1402 1791 1479 1820 illud
1496 1790 1616 1820 instans
1634 1790 1770 1820 liberum

1000 1845 1167 1876 arbitrium
1180 1844 1217 1883 (a)
1236 1843 1340 1874 dolere
1356 1843 1495 1882 incipiat.

1041 1898 1172 1929 Contra:
1191 1901 1216 1927 1.
1234 1896 1384 1927 Videmus
1398 1896 1532 1926 Paulum
1545 1895 1766 1935 Justificatum‚

1001 1951 1033 1981 in
1048 1960 1110 1991 quo
1126 1950 1213 1981 nulla
1234 1949 1395 1989 praecessit
1414 1949 1622 1988 praeparatio,
1645 1958 1702 1979 nec
1721 1951 1767 1979 at-

1002 2004 1098 2034 tritio.

1042 2061 1072 2089 2.
1090 2058 1166 2089 Item
1180 2056 1384 2088 Α1111110511155
1399 2066 1406 2086 :
1426 2067 1440 2084 ιι
1458 2055 1561 2087 Nescit
1576 2056 1664 2087 tarda
1678 2056 1768 2087 moli-

1004 2112 1090 2142 mina
1110 2111 1245 2150 Spiritus
1264 2109 1360 2140 sancti
1384 2109 1508 2148 gratia:
1525 2120 1540 2137 »
1564 2118 1643 2148 ergo
1666 2109 1771 2140 statim

1004 2166 1103 2204 potest
1119 2166 1219 2193 totum
1235 2162 1303 2192 fieri
1319 2173 1325 2191 :
1344 2170 1424 2200 ergo
1435 2186 1442 2200 ,
1459 2165 1519 2193 etc.

1044 2221 1074 2248 3.
1099 2217 1175 2247 ltem
1188 2240 1195 2254 ,
1215 2217 1241 2245 51
1267 2215 1439 2255 requiritur
1460 2215 1549 2246 dolor
1571 2215 1770 2255 p1·aeceden5‚

1005 2274 1058 2302 aut
1082 2270 1132 2300 ille
1156 2270 1243 2299 dolor
1265 2269 1421 2299 formatur
1445 2268 1629 2299 adveniente
1648 2268 1770 2308 gratia,

1005 2327 1059 2354 aut
1079 2333 1164 2353 non:
1186 2323 1212 2352 si
1232 2322 1277 2352 sic
1290 2346 1297 2360 ,
1320 2332 1396 2361 ergo
1416 2322 1534 2352 attritio
1556 2322 1588 2351 fit
1608 2321 1770 2359 contritio,

1005 2380 1126 2417 etopus
1140 2378 1304 2407 mortuum
1318 2376 1352 2406 fit
1367 2376 1490 2413 vivum,
1508 2374 1590 2415 quod
1605 2376 1650 2405 est
1667 2374 1774 2404 incon-

1006 2455 1030 2479 q.
1045 2453 1094 2478 vn3
1108 2449 1195 2472 Petrus
1214 2448 1244 2471 de
1256 2448 1367 2475 Tar-ant„
1380 2446 1410 2470 tv
1424 2446 1503 2476 Sene„
1520 2446 1577 2469 dist.
1592 2451 1655 2476 xvn,
1667 2452 1691 2476 q.
1705 2450 1773 2469 xmv.

1007 2497 1035 2501 —
1056 2484 1066 2499 ⁶
1093 2485 1166 2514 Aug,
1194 2484 1223 2507 (le
1249 2482 1313 2506 ver-lt.
1340 2483 1424 2512 Αρωί.
1451 2488 1526 2504 serni.
1553 2487 1598 2510 xv,
1625 2488 1646 2505 c.
1675 2486 1716 2511 xt,
1739 2480 1774 2503 (ιΙ.

1007 2525 1184 2549 serm.c1.xix,
1199 2527 1223 2543 11.
1240 2521 1264 2542 iz:
1287 2531 1314 2535 —
1328 2518 1337 2534 ⁵
1349 2517 1477 2546 Ainbros„
1492 2517 1517 2539 iu
1532 2516 1598 2544 Luc..
1613 2516 1655 2540 lib.
1670 2517 1700 2547 li,
1713 2522 1736 2540 e.
1750 2521 1775 2546 v,

1008 2562 1033 2578 u.
1049 2556 1086 2579 19.

1039 2596 1073 2625 (ιι)
1089 2596 1149 2618 c'oet.
1165 2594 1222 2618 edit.
1239 2594 1372 2624 praeparat.
1390 2605 1417 2609 —
1434 2591 1465 2621 (b)
1482 2590 1586 2615 arbitrii.

1774 579 1877 600 Fundam⁴

1787 1907 1820 1928 Ad
1838 1913 1889 1934 opp.
