2017 2948
696 224 884 256 DISTINCT.
912 225 978 255 ΧΠ.
1000 223 1102 255 PARS
1125 224 1163 254 ΙΙ.

135 289 291 320 traximus
309 290 348 320 ab
367 290 486 321 Adam:
507 291 537 320 et
555 289 616 320 hoc
636 298 700 320 non
715 290 787 321 facit
802 291 903 330 passio

135 342 168 373 in
188 342 328 382 quolibet
347 342 409 372 nisi
427 342 523 373 semel
540 353 546 371 :
568 341 642 372 hinc
656 344 703 373 est
724 344 807 382 quod
822 344 901 382 bap-

135 396 248 426 tismus
264 405 328 426 non
347 398 447 435 potest
464 396 586 432 iterari;
609 397 639 425 et
659 395 683 425 si
706 396 776 434 quis
797 396 902 433 iterat,

137 448 208 478 facit
218 448 440 478 contumeliam
452 451 659 479 sacramento.
675 448 709 478 In
724 448 783 478 hoc
797 451 903 478 autem

136 501 333 540 significatur
344 501 484 531 Christus
493 509 612 540 passus,
625 502 660 530 ut
672 509 729 530 1105
743 501 902 531 reficiens:

136 556 166 584 et
185 554 334 594 quoniam
357 562 440 593 saepe
464 554 564 584 reficit
587 553 620 583 in
641 554 727 583 omni
753 562 907 584 memora-

137 607 231 644 tione,
250 606 319 637 ideo
334 615 417 646 saepe
431 606 564 636 iteratur
578 605 657 636 illud
671 608 903 636 sacramentum

137 659 204 690 sine
219 659 410 690 contumelia
425 670 431 689 z
450 668 506 689 nec
528 659 642 690 dieitur
656 658 783 698 proprie
797 659 907 689 iterari

138 715 387 749 sacramentum,
423 712 477 742 sed
511 712 718 751 frequentari,
756 712 906 750 quoniam

138 774 240 795 unum
256 767 287 795 et
303 765 386 795 idem
399 765 577 795 continetur
591 765 623 795 in
633 765 735 795 hostia
747 765 905 802 hesterna,

138 819 169 847 et
184 817 351 847 hodierna:
367 820 444 848 tunc
457 819 563 848 autem
579 817 759 855 iteraretur,
774 817 799 847 si
813 826 908 856 super

139 870 282 900 eamdem
306 869 443 900 hostiam
467 870 557 900 fieret
581 870 704 900 iteratio
729 870 855 906 formae3
880 871 910 899 et

139 922 198 953 hoc
212 931 275 952 11011
290 924 394 962 posset
406 922 475 952 fieri
490 922 622 953 scienter
637 922 754 962 absque
770 924 907 961 peccato.

460 1025 528 1046 DUB.
549 1025 583 1046 ΙΙ.

165 1088 195 1111 Et
210 1087 230 1111 si
245 1086 356 1118 quotidie
371 1086 509 1117 offerimus,
527 1087 558 1110 ad
573 1086 778 1111 recordationen]
794 1086 882 1110 mortis

469 1122 524 1152 ejus
540 1122 575 1145 fit.

182 1188 315 1219 Contra:
334 1187 386 1218 Est
402 1187 487 1218 enim
501 1187 651 1218 instantia
666 1187 698 1217 in
714 1187 763 1218 die
780 1186 911 1218 Veneris

143 1243 260 1279 sancto,
278 1241 404 1281 quando
419 1241 563 1271 sacerdos
577 1250 641 1272 non
655 1241 781 1271 conficit
795 1240 912 1271 sacrifi-

143 1294 227 1325 cium
245 1305 251 1324 z
269 1296 299 1324 et
313 1293 439 1324 videtur
454 1294 538 1333 quod
554 1295 630 1324 tunc
648 1294 751 1332 magis
766 1293 909 1323 deberet:

143 1347 170 1377 si
184 1346 269 1377 enim
286 1346 346 1377 1100
361 1348 408 1377 051
429 1346 611 1376 memoriale
631 1345 797 1385 passionis,
821 1354 911 1383 ergo,

144 1409 217 1431 cum
237 1399 291 1430 illo
314 1400 364 1430 die
379 1399 553 1439 specialiter
572 1399 726 1429 memoria
746 1398 912 1436 habeatur,

145 1449 274 1483 videtur
285 1452 369 1492 quod
379 1454 455 1482 tunc
467 1452 571 1490 magis
581 1454 660 1482 esset
670 1451 912 1482 conficiendum.

147 1506 225 1536 Item
245 1505 401 1546 quaeritur
416 1506 511 1544 juxta
526 1505 601 1543 hoc,
618 1514 717 1544 quare
735 1513 915 1535 sacramen-

144 1562 213 1590 tum
230 1560 412 1590 reservatur
427 1558 485 1589 sub
502 1559 603 1589 forma
617 1558 719 1597 panis,
736 1567 800 1588 non
814 1557 892 1588 vini.

185 1611 223 1643 Et
235 1611 444 1651 respondetur
456 1608 499 1642 ad'
512 1611 662 1651 primum,
675 1611 760 1651 quod
774 1611 857 1641 aliud
869 1612 916 1641 est

145 1666 311 1702 conficere,
326 1665 394 1696 sive
409 1673 605 1703 consecrare,
621 1664 707 1695 aliud
722 1665 767 1694 est
780 1663 913 1694 offerre:

145 1720 177 1748 et
190 1718 337 1757 quamvis
352 1718 384 1747 in
408 1717 461 1747 illo
476 1717 526 1748 die
545 1726 610 1747 11011
625 1717 679 1747 fiat
698 1716 864 1754 confectio,
881 1716 917 1746 fit

146 1774 252 1802 tamen
267 1771 394 1808 oblatio,
410 1771 484 1810 quia
497 1770 643 1801 sacerdos
658 1778 771 1809 corpus
786 1770 819 1799 in
834 1778 916 1808 prae-

146 1824 267 1854 cedenti
291 1824 341 1854 die
363 1825 580 1854 consecratum
603 1823 695 1853 offert
713 1823 745 1852 111
764 1822 866 1853 altari.
884 1822 917 1853 Si

147 1885 223 1907 vero
240 1884 375 1915 quaeras,
390 1884 489 1915 quare
505 1876 561 1905 fiat
575 1875 704 1913 oblatio,
718 1877 748 1905 et
763 1884 828 1905 non
842 1884 917 1905 con-

149 1928 299 1966 secrati0;
332 1928 541 1968 respondetur
567 1928 654 1968 quod
681 1928 817 1966 ¹oblatio,
851 1928 918 1959 sive

148 1981 286 2021 sumptio
306 1982 342 2011 fit
356 1990 374 2011 a
390 1981 548 2011 sacerdote
562 1989 602 2011 ne
618 1980 723 2011 Oratio
739 1980 917 2011 Dominica-

148 2035 197 2072 lis,
214 2043 285 2074 quae
300 2034 415 2064 dicitur
425 2034 565 2074 quotidie
580 2033 614 2063 in
629 2033 681 2063 illo
696 2033 746 2064 die
761 2034 801 2064 ab
818 2033 920 2064 Eccle-

149 2087 210 2125 sia,
227 2087 260 2117 in
277 2096 340 2126 qua
355 2086 491 2126 petitur:
513 2086 629 2118 Panem
648 2089 793 2118 nostrum
814 2087 920 2126 quoti-

151 2140 298 2177 dianum,
317 2148 418 2170 vacua
431 2139 497 2170 fiat.
515 2139 575 2170 Sed
590 2140 780 2170 consecratio
793 2149 855 2171 non
871 2140 918 2178 fit,

151 2193 205 2223 5011
217 2193 400 2230 reservatio,
415 2194 544 2232 propter
559 2192 629 2230 hoc,
647 2193 731 2232 quod
754 2193 785 2223 in
802 2193 856 2224 illo
871 2193 920 2223 die

152 2245 211 2276 fuit
223 2245 374 2275 Dominus
389 2254 500 2285 passus
521 2246 554 2276 in
572 2246 700 2286 propria
714 2246 836 2284 effigie,
856 2255 920 2277 non

153 2298 185 2327 in
206 2298 312 2336 signo.
337 2297 375 2329 Et
397 2299 473 2338 quia
495 2300 559 2329 tota
583 2299 649 2329 11105
673 2301 718 2330 051
739 2299 922 2329 memoriale

154 2350 322 2389 passionis,
346 2352 376 2381 et
401 2353 504 2382 totum
527 2352 685 2389 officium;
708 2352 776 2382 ideo
798 2361 861 2382 non
886 2353 923 2382 fit

154 2402 344 2432 consecratio
365 2412 384 2432 a
403 2411 491 2433 coena
515 2412 615 2442 usque
634 2404 672 2433 ad
689 2404 872 2442 sabbatum,
890 2404 923 2435 in

155 2465 218 2495 quo
238 2458 284 2486 est
304 2455 457 2486 memoria
470 2456 727 2486 resurrectionis:
748 2456 833 2486 unde
847 2465 921 2487 can·

155 2510 239 2539 tatur
252 2508 346 2538 missa
357 2508 394 2538 de
406 2508 648 2539 resurrectione.
665 2508 754 2545 Quod
767 2509 923 2548 quaeritur

156 2561 194 2592 de
213 2561 388 2600 sanguine,
408 2569 506 2601 quare
529 2569 594 2592 non
614 2562 807 2599 reservatur;
826 2561 924 2602 aliqui

156 2613 263 2645 dicunt
277 2613 361 2653 quod
380 2623 445 2645 non
464 2614 602 2653 oportet,
623 2613 699 2654 quia
712 2613 824 2644 vinum
839 2615 923 2654 quod

158 2666 299 2697 sacerdos
313 2667 402 2705 ponit
418 2666 451 2697 111
467 2666 606 2704 calicem,
622 2675 678 2705 per
691 2667 921 2706 appositionem

1671 228 1727 256 527

958 290 1098 330 corporis
1124 292 1334 320 consecratur.
1357 290 1418 321 Sed
1443 290 1520 321 illud
1540 300 1604 321 11011
1628 294 1730 329 potest

961 343 1033 373 habt
1046 352 1078 374 20
1092 343 1268 379 veritatem,
1285 343 1365 372 sicut
1377 343 1503 382 probari
1517 345 1617 381 potest
1632 344 1669 373 de
1684 344 1728 373 fa-

959 396 1025 433 cili,
1049 395 1125 434 quia
1146 395 1235 425 nullo
1256 395 1349 425 modo
1368 395 1403 424 fit
1424 395 1729 426 transsubstantiatio

959 449 1025 479 sine
1039 448 1147 479 verbo.
1166 447 1204 478 Et
1218 447 1288 477 ideo
1304 447 1411 478 dicunt
1431 447 1500 485 alii,
1519 447 1602 486 quod
1617 448 1730 486 triplici

959 501 997 531 de
1012 510 1107 532 causa
1127 510 1189 531 non
1214 502 1415 531 reservatur:
1435 509 1499 532 una
1520 502 1581 537 est,
1605 502 1731 540 propter

959 553 1136 592 periculum
1153 554 1336 591 effusionis;
1354 553 1433 591 alia,
1454 555 1584 593 propter
1596 553 1732 584 verbum

960 605 1102 642 Domini,
1128 606 1212 645 quod
1236 607 1315 636 dixit
1342 616 1437 646 super
1458 606 1587 637 calicem
1607 607 1637 636 ¹:
1661 606 1733 638 Non

961 658 1064 689 bibam
1079 658 1117 689 de
1133 658 1187 690 hoc
1199 660 1369 697 genimine,
1386 662 1461 690 etc.:
1479 661 1509 690 et
1523 659 1592 690 ideo
1603 668 1667 690 non
1681 668 1733 689 su-

962 712 1021 742 mit
1045 711 1234 750 sanguinem
1254 712 1397 743 sacerdos
1420 722 1439 742 a
1460 721 1549 743 0110110
1571 720 1671 752 usque
1694 712 1733 742 ad

963 765 1236 795 resurrectionem.
1265 764 1370 795 Tertia
1392 767 1457 800 est,
1488 765 1564 805 quia
1589 765 1733 796 sacerdos

963 817 1069 856 magis
1084 817 1182 847 sumit
1194 816 1233 847 ad
1248 817 1461 853 refectionem,
1472 827 1568 856 quam
1584 818 1623 848 ad
1638 818 1734 856 signi—

963 870 1140 900 ficationem
1151 893 1158 907 ‚
1176 869 1327 909 quoniam
1344 871 1428 899 totus
1445 869 1587 900 Christus
1602 872 1648 900 cst
1662 879 1733 910 per-

965 924 1043 954 fecte
1057 923 1118 953 sub
1134 922 1235 962 specie
1250 922 1351 961 panis,
1368 923 1515 962 quamvis
1524 932 1589 953 non
1602 924 1734 963 perfecte

964 975 1175 1014 significetur:
1194 975 1265 1005 ideo
1280 975 1383 1005 solum
1398 975 1431 1005 in
1453 975 1553 1014 specie
1571 976 1661 1015 panis
1681 985 1734 1006 su-

964 1028 1072 1066 mitur,
1090 1030 1120 1059 et
1135 1028 1239 1058 solum
1254 1027 1456 1065 sacrificium,
1473 1028 1539 1059 sive
1554 1037 1733 1059 sacramen-

963 1083 1033 1112 tum
1048 1081 1188 1120 corporis
1202 1082 1394 1111 reservatur.

1280 1174 1347 1195 DUB.
1369 1173 1414 1195 111.

1131 1231 1215 1256 Semel
1232 1231 1377 1254 immolatus
1394 1232 1431 1254 est
1447 1230 1570 1256 Christus,

1013 1293 1126 1324 Contra
1144 1302 1151 1323 :
1182 1293 1207 1323 si
1236 1293 1320 1323 enim
1348 1293 1444 1323 semel
1480 1293 1662 1323 immolatus
1690 1296 1737 1324 est

968 1346 1126 1384 Christus,
1141 1346 1266 1377 videtur
1278 1346 1363 1385 quod
1378 1345 1489 1376 saltem
1504 1346 1537 1376 in
1557 1346 1605 1376 die
1619 1355 1684 1376 non
1698 1346 1734 1376 li-

968 1401 1034 1430 ceat
1064 1398 1214 1429 sacerdoti
1241 1398 1359 1437 pluries
1383 1398 1547 1428 conficere.
1577 1397 1738 1434 Quaeritur

969 1460 1047 1490 ergo
1062 1451 1221 1490 quomodo
1234 1450 1326 1481 liceat
1340 1450 1493 1481 sacerdoti
1507 1450 1625 1490 pluries
1639 1452 1737 1481 confi-

969 1513 1056 1541 cere,
1077 1506 1108 1534 et
1124 1512 1250 1533 sumere
1270 1503 1304 1533 in
1325 1503 1435 1534 eodem
1452 1502 1516 1541 die',
1534 1512 1608 1533 cum
1620 1503 1737 1543 populo

969 1566 1032 1587 non
1043 1557 1144 1594 liceat,
1156 1557 1216 1587 nisi
1227 1557 1339 1587 semel:
1355 1559 1386 1587 et
1397 1557 1524 1587 videtur
1537 1557 1621 1596 quod
1632 1557 1737 1595 magis

970 1609 1008 1639 sit
1030 1609 1152 1640 licitum
1173 1609 1304 1649 populo,
1328 1618 1403 1639 cum
1427 1610 1534 1640 minus
1559 1609 1599 1640 sit
1621 1609 1738 1640 horum

970 1662 1123 1700 alterum,
1141 1662 1258 1693 scilicet
1271 1671 1413 1700 sumere,
1429 1671 1528 1702 quam
1547 1664 1737 1702 utrumque,

971 1715 1089 1746 scilicet
1103 1716 1255 1746 conficere
1270 1717 1300 1746 et
1314 1723 1450 1746 sumere.

1011 1767 1102 1807 Resp.
1112 1767 1285 1798 Dicendum
1295 1768 1379 1807 quod
1390 1769 1518 1807 propter
1527 1767 1738 1799 reverentiam

972 1820 1158 1851 sacramenti
1175 1823 1248 1852 sunt
1263 1821 1327 1851 duo
1348 1821 1492 1851 instituta
1508 1821 1590 1851 circa
1609 1820 1738 1851 modum

972 1874 1118 1904 sumendi
1144 1874 1204 1904 hoc
1233 1876 1465 1904 sacramentum
1475 1896 1485 1912 ‚
1512 1874 1628 1904 scilicet
1657 1873 1741 1913 quod

973 1929 1116 1957 sumatur
1136 1927 1249 1966 jejuno
1269 1926 1447 1964 stomacho,
1468 1928 1499 1956 et
1516 1926 1601 1965 quod
1617 1927 1740 1956 tantum

973 1980 1080 2016 semel,
1093 1981 1129 2010 ut
1143 1980 1182 2010 ab
1197 1979 1265 2010 aliis
1277 1979 1354 2010 cibis
1366 1979 1572 2010 discernatur.
1589 1978 1624 2009 In
1638 1979 1742 2018 primo

974 2034 1189 2065 communicat
1211 2033 1355 2064 sacerdos
1380 2035 1410 2063 01
1435 2033 1596 2073 populus:
1622 2034 1744 2072 oportet

974 2087 1058 2118 enim
1073 2087 1158 2126 quod
1172 2087 1316 2118 sacerdos
1328 2087 1460 2126 jejunus
1473 2086 1529 2124 sit,
1545 2086 1627 2116 sicut
1642 2095 1744 2126 popu-

974 2140 1042 2171 lus:
1058 2141 1088 2170 et
1107 2140 1167 2171 hoc
1186 2140 1321 2171 babetur
1341 2140 1374 2170 in
1391 2140 1527 2180 quadam
1542 2139 1691 2170 Decretali
1707 2139 1745 2170 de

975 2193 1183 2224 celebratione
1198 2194 1380 2230 missarum,
1397 2202 1424 2224 c.
1441 2194 1498 2224 Ea·
1511 2195 1601 2232 parte
1615 2194 1724 2223 nostra
1735 2201 1745 2221 .-

977 2248 1008 2277 et
1029 2246 1072 2276 ita
1094 2255 1220 2285 semper
1243 2246 1387 2277 sacerdos
1415 2246 1528 2276 vinum
1557 2244 1746 2284 profundere

977 2299 1078 2336 debet,
1100 2301 1268 2338 postquam
1285 2299 1403 2338 accepit
1425 2300 1527 2329 totum
1540 2296 1746 2328 Eucharistiae

977 2353 1227 2390 sacramentum,
1256 2351 1315 2381 nisi
1338 2360 1411 2382 cum
1439 2351 1550 2381 eodem
1576 2350 1625 2380 dic
1653 2349 1748 2379 aliam

978 2406 1106 2435 missam
1119 2404 1275 2434 celebrare
1287 2403 1409 2440 debuit,
1421 2403 1497 2443 quia
1511 2402 1537 2432 si
1547 2403 1626 2432 forte
1637 2402 1748 2433 vinum

978 2457 1168 2497 perfusionis
1188 2456 1356 2496 acciperet,
1386 2456 1482 2486 aliam
1507 2455 1749 2486 celebrationem

978 2510 1154 2550 impediret.
1172 2510 1232 2540 Sed
1248 2510 1281 2540 in
1302 2509 1355 2539 illo
1371 2508 1491 2545 differt,
1507 2507 1581 2547 quia
1600 2507 1693 2538 alicui
1712 2507 1751 2538 de

978 2564 1095 2604 populo
1114 2563 1164 2594 bis
1185 2561 1414 2593 communicari
1430 2570 1495 2592 non
1508 2560 1596 2598 licet;
1618 2560 1751 2591 50111101-

977 2617 1046 2646 111111
1061 2617 1107 2646 est
1127 2615 1278 2646 sacerdoti
1298 2615 1427 2655 propter
1445 2613 1505 2644 1100
1524 2613 1610 2652 quod
1624 2614 1670 2645 est
1684 2620 1752 2652 per·

1012 2677 1100 2701 ’Μανι-
1111 2694 1120 2705 ,
1138 2682 1194 2704 xxv,
1212 2677 1251 2700 25.
