2017 2948
2 245 67 273 Opin.
83 247 101 266 ¹.

8 1300 104 1326 Improb.

19 1776 82 1804 Opin.
94 1779 113 1797 2.

541 165 637 198 DIST.
658 166 681 196 1.
706 165 822 197 PART.
843 166 881 197 11.
904 164 994 196 ART.
1019 164 1042 194 Ι.
1062 164 1212 202 QUAEST.
1236 167 1289 198 ΙΙΙ.

121 233 262 265 medium
276 232 420 273 parvule.
440 231 574 270 Quidam
589 231 698 263 dicunt
718 232 804 272 quod
824 241 889 264 non

120 286 198 317 fides
212 286 355 324 habitus,
371 286 425 316 sed
439 285 516 316 fides
529 285 651 316 ratione
666 287 754 316 actus
773 287 803 316 et
818 294 888 316 mo-

121 341 186 376 tus,
202 340 268 370 sive
284 338 502 379 professionis,
522 340 553 368 et
571 347 638 368 non
659 339 888 377 cujuscumque

122 391 333 431 professionis,
349 391 402 422 sed
416 391 487 430 ejus
501 399 564 430 qua
578 391 811 430 profitebantur
823 399 892 430 par-

122 445 235 475 vulum
249 444 427 475 curandum
441 452 509 474 esse
523 443 564 473 ab
578 452 615 474 eo
630 453 726 483 quem
741 445 891 482 expecta-

122 497 195 528 bat:
213 499 244 528 et
257 497 296 528 de
316 497 375 527 hac
395 496 586 536 professione
609 496 741 536 quidam
763 496 890 534 dicunt,

123 549 207 589 quod
217 549 381 589 oportebat
390 549 474 588 quod
484 549 574 580 fieret
586 549 737 589 professio
749 558 814 579 non
828 551 894 579 tan-

124 605 193 633 tum
206 604 278 633 actu
287 602 415 640 mentis,
427 601 479 632 vel
491 602 566 640 oris,
580 602 634 632 sed
647 602 742 632 etiam
754 602 787 632 in
799 601 893 640 signo

123 655 255 693 visibili,
268 656 305 686 ut
319 657 395 694 puta
407 655 440 685 in
452 654 610 685 oblatione
623 654 673 685 vel
684 654 717 685 111
728 654 892 692 sacrificio,

124 708 190 740 sive
200 708 418 745 decimatione,
430 708 481 738 vel
493 707 601 747 aliquo
615 708 676 737 alio
692 707 787 746 signo
799 719 806 737 z
818 716 895 746 quo-

124 761 211 792 niam
226 760 361 792 Ecclesia
375 760 518 791 fidelium
535 769 660 800 semper
674 760 780 800 aliqua
799 760 895 799 signa

124 814 252 851 habuit,
277 813 310 843 in
329 813 445 852 quibus
467 813 575 843 fideles
597 813 838 851 colligebantur,
864 815 895 844 et

124 866 357 906 profitebantur
369 866 464 896 tidem
481 865 513 896 in
528 866 619 896 facto.
636 865 724 896 Unde
739 865 895 904 Augusti-

126 928 188 950 nus
198 922 309 951 contra
319 919 472 950 Faustum
481 919 488 934 ¹
498 929 508 948 .-
522 930 536 947 «
544 918 579 948 in
588 918 714 949 nullum
723 927 839 949 nomen
849 928 896 949 re-

124 972 269 1012 ligionis,
295 971 363 1002 sive
385 980 515 1009 verum,
538 971 605 1002 sive
625 972 754 1009 salsum,
775 971 895 1002 coadu-

125 1025 195 1055 nari
210 1026 335 1065 possent
344 1024 489 1055 homines
497 1048 505 1062 ‚
517 1024 578 1054 nisi
589 1024 697 1064 aliquo
711 1024 893 1063 signorum,

125 1077 214 1108 velut
231 1079 502 1108 sacramentorum
522 1077 714 1114 visibilium,
737 1077 895 1108 consortio

126 1131 331 1161 unirentur.»
348 1130 436 1161 Unde
450 1130 574 1168 dieunt,
590 1129 673 1169 quod
687 1129 814 1169 aliquod
828 1132 895 1161 erat

126 1183 255 1222 signum
271 1192 345 1214 cum
360 1183 432 1214 fide.
447 1183 484 1214 Et
499 1183 583 1223 quod
605 1182 681 1213 dicit
703 1182 892 1222 Gregorius,

125 1236 192 1268 sola
203 1236 283 1275 fide,
299 1236 448 1275 intelligit
462 1236 523 1267 fide
542 1238 712 1276 pareutum
732 1236 798 1267 sive
819 1245 894 1267 con-

126 1298 236 1327 sensu,
253 1289 303 1320 vel
318 1289 379 1319 fide
392 1289 527 1328 parvuli.
545 1289 605 1320 Sed
621 1289 688 1320 haec
704 1290 817 1329 positio
831 1298 896 1320 non

127 1342 370 1381 congruit‚2quia
378 1341 549 1380 Gregorius
559 1342 644 1372 addit
652 1343 685 1372 in
695 1342 894 1373 auctoritate:

128 1394 176 1426 vel
199 1403 257 1434 pro
280 1394 454 1433 majoribus
474 1395 578 1427 virtus
602 1396 770 1434 sacrificii.
794 1395 897 1432 Quare

127 1456 206 1487 ergo
220 1448 293 1478 dicit
306 1437 390 1486 sola,
407 1457 480 1478 cum
500 1448 538 1478 de
554 1448 728 1487 majoribus
746 1449 848 1487 addit,
868 1450 899 1479 et

129 1500 203 1531 dicit
215 1512 222 1531 :
234 1501 338 1532 virtus
352 1501 532 1539 sacrificii?
543 1500 710 1539 Praeterea,
724 1510 797 1532 cum
811 1502 899 1532 nulla

129 1556 232 1585 essent
242 1553 448 1591 necessitatis,
463 1554 521 1585 etsi
536 1554 606 1585 talis
616 1554 767 1594 professio
777 1555 814 1585 de
827 1563 898 1585 con-

130 1615 214 1645 gruo
228 1606 355 1638 deberet
369 1616 436 1637 esse
451 1616 525 1638 cum
540 1607 618 1644 fide,
635 1616 699 1638 non
720 1609 826 1638 tamen
840 1616 896 1638 ne-

129 1660 274 1691 cessario.
294 1660 381 1691 Unde
402 1660 498 1699 Ilugo
516 1663 546 1691 ²:
562 1672 575 1690 α
591 1661 896 1699 Commemoremur‚

129 1713 214 1752 quod
228 1712 281 1743 illa
294 1716 490 1744 sacramenta
505 1713 600 1753 primi
623 1713 774 1753 temporis
797 1713 900 1752 magis

129 1766 169 1796 ad
183 1766 382 1797 devotionem
398 1766 558 1806 proposita
574 1768 718 1804 fuerunt,
742 1775 839 1806 quam
860 1766 899 1797 ad

130 1819 332 1849 obtinendam
347 1819 482 1849 salutem
504 1819 656 1849 indicta.»
685 1819 819 1859 Propter
840 1820 900 1850 1106

130 1872 190 1902 alia
204 1872 316 1910 positio
329 1872 418 1909 dicit,
437 1872 522 1911 quod
546 1872 697 1911 professio
717 1872 789 1902 fidei
810 1873 900 1902 suffi-

131 1924 249 1962 ciebat,
271 1924 545 1964 qualitercumque
566 1924 672 1960 fieret,
695 1925 763 1955 sive
785 1925 899 1964 signo,

131 1977 198 2008 sive
212 1977 327 2015 verbo,
342 1977 410 2008 sive
425 1980 496 2007 actu
511 1977 627 2015 cordis,
639 1978 718 2009 dum
728 1980 836 2009 tamen
848 1979 902 2010 fie-

131 2032 179 2060 ret
191 2038 210 2060 a
224 2030 424 2070 parentibus,
446 2032 476 2060 et
494 2030 665 2061 haberetur
683 2033 843 2071 respectus
863 2033 900 2064 ad

131 2083 314 2123 parvulum.
330 2083 362 2114 Si
375 2086 482 2114 autem
494 2086 668 2123 quaeratur,
681 2094 780 2124 quare
796 2085 902 2124 magIS

132 2136 210 2167 fides
230 2138 416 2176 parentum3
441 2136 502 2166 diei
525 2138 626 2176 potest
647 2137 733 2177 quod
757 2140 903 2177 parentes

134 2189 282 2220 dicuutur
295 2189 348 2220 hic
362 2198 472 2220 omnes
487 2189 542 2229 qui
561 2199 672 2220 curam
692 2191 846 2229 gerebant
865 2192 903 2223 de

135 2241 280 2281 parvulo.
296 2242 360 2272 Aut
374 2242 402 2272 si
419 2242 564 2273 dicantur
587 2244 732 2282 parentes
756 2245 901 2284 proprie,

136 2294 216 2325 ratio
230 2296 277 2325 est
291 2304 390 2334 quare
413 2296 518 2334 magis
542 2296 575 2326 in
598 2296 660 2327 fide
684 2296 827 2336 ipsorum
838 2320 846 2334 ‚
869 2300 905 2328 ut

137 2347 212 2386 quia
226 2356 281 2386 pcr
296 2347 379 2386 ipsos
392 2348 544 2386 parvulus
554 2350 754 2379 contraxerat
766 2349 903 2389 culpam,

139 2408 318 2439 congruum
329 2402 398 2430 erat
411 2401 565 2431 uteorum
576 2401 637 2432 fide
647 2404 822 2433 mereretur
833 2412 906 2442 gra-

139 2454 226 2484 tiam.

173 2552 181 2568 ¹
193 2551 310 2581 August„
323 2551 386 2574 cont.
402 2550 501 2580 Fause„
513 2549 558 2574 lib.
572 2550 638 2582 xlx,
656 2558 679 2576 c.
693 2558 747 2577 xxi.
761 2566 792 2572 -
807 2554 815 2568 ²
829 2555 906 2586 Hug„

139 2585 182 2610 lib.
202 2586 220 2616 1,
238 2593 265 2617 p.
285 2586 303 2616 i,
323 2592 370 2617 per
385 2587 477 2610 totum.
496 2598 526 2603 —
543 2585 552 2600 ³
571 2585 634 2611 Dist.
651 2592 685 2615 vr,
706 2594 730 2618 q.
748 2594 783 2613 vi.
799 2602 830 2607 —
844 2590 905 2621 *Cf*⁴

142 2622 167 2646 S.
190 2621 291 2652 Thom.,
321 2629 346 2652 p.
370 2622 418 2652 lli,
446 2627 471 2652 q.
502 2626 597 2652 vam,
627 2623 673 2646 art.
700 2624 713 2647 8
720 2630 728 2653 ς
758 2624 906 2657 melianum,

1657 175 1713 206 271

985 234 1014 262 1.
1032 231 1080 262 Ad
1099 231 1177 262 illud
1199 233 1283 272 quod
1302 234 1463 273 objicit-ur,
1486 237 1570 276 quod
1589 238 1716 270 videtur

946 284 1023 315 fides
1036 284 1225 316 deteriorata
1235 309 1242 322 ‚
1257 286 1426 318 dicendum
1441 289 1525 327 quod
1548 289 1626 321 illud
1649 300 1715 323 non

946 337 1089 377 sequitur
1103 338 1299 378 simpliciter,
1314 339 1400 378 quod
1421 340 1498 371 fides
1521 342 1561 372 sit
1582 343 1716 375 deterio-

946 392 1029 426 raia;
1046 390 1099 421 sed
1113 391 1198 430 quod
1214 391 1265 422 vel
1289 392 1478 423 deteriorata
1496 396 1560 432 est,
1583 396 1632 426 vel
1654 397 1716 428 ali-

947 443 1024 482 quid
1039 442 1080 473 511
1093 442 1122 473 61
1138 443 1325 482 adiunctum
1335 469 1344 483 ,
1360 445 1445 485 quod
1457 447 1640 479 necessitate
1650 458 1715 480 ser-

947 495 1017 526 vari
1031 497 1168 535 oportet,
1185 496 1266 527 sicut
1280 499 1354 528 sunt
1370 498 1513 530 instituta
1522 504 1719 533 sacramenta

948 548 1007 578 sub
1037 551 1207 588 praecepto.
1232 549 1424 590 Exemplum
1449 551 1487 582 de
1516 553 1719 586 observantia

948 600 1171 632 mandatorum
1183 602 1217 632 in
1230 611 1267 633 eo
1281 604 1335 643 qui
1349 605 1396 634 est
1410 604 1519 636 liberas
1532 606 1717 647 voluntatis,

949 656 980 684 et
995 654 1029 684 in
1044 662 1081 684 eo
1097 655 1152 693 qui
1164 654 1292 687 intravit
1304 656 1517 696 religionem:
1535 659 1638 698 primo
1651 660 1718 691 suf-

949 707 1014 737 ficit
1027 706 1065 738 ad
1078 707 1213 738 salutem
1226 719 1233 746 ;
1251 709 1390 740 secundo
1403 719 1478 741 non.

989 761 1019 789 2.
1031 759 1079 789 Ad
1095 759 1172 790 illud
1183 762 1266 800 quod
1278 762 1437 801 0incitur,
1450 764 1533 803 quod
1545 766 1720 798 secundum

950 812 1009 842 hoc
1028 813 1182 852 parvulus
1196 814 1229 843 in
1249 817 1360 846 ventre
1377 817 1488 847 matris
1506 820 1611 857 posset
1624 820 1722 859 justi-

949 865 1053 903 ficari,
1076 865 1245 897 dicendum
1265 867 1349 906 quod
1373 877 1438 899 non
1460 869 1597 902 habebat
1616 873 1722 904 effica-

950 917 1031 947 ciam
1056 918 1133 948 fides
1157 919 1334 950 secundum
1357 929 1563 953 communem
1592 924 1719 964 legem,

950 970 1010 1000 nisi
1025 971 1151 1010 quando
1167 972 1261 1002 natus
1282 974 1350 1003 erat
1367 982 1407 1004 ex
1428 976 1533 1013 utero,
1560 976 1642 1007 sieut
1664 986 1723 1009 nec

950 1023 1138 1063 baptismus.
1156 1026 1241 1055 Deus
1255 1026 1340 1056 enim
1357 1028 1533 1058 secundum
1548 1029 1721 1062 institutio-

950 1085 1024 1106 nem
1044 1085 1109 1106 non
1128 1080 1294 1115 regenerat
1316 1079 1375 1109 nisi
1393 1080 1482 1119 prius
1497 1090 1553 1121 per
1572 1085 1722 1114 naturam

949 1131 1072 1160 natum.
1089 1129 1193 1166 Quare
1205 1134 1313 1162 autem
1327 1141 1410 1171 non,
1433 1134 1553 1166 dicetur
1573 1136 1655 1167 infra
1665 1139 1676 1156 ³
1690 1137 1724 1168 in

949 1183 1086 1213 tractatu
1098 1182 1137 1215 cle
1152 1184 1326 1223 Betpcc'smo.

992 1238 1021 1266 3.
1045 1235 1106 1266 Sed
1130 1237 1214 1275 quod
1236 1237 1274 1268 de
1295 1239 1377 1269 natis
1403 1240 1528 1279 objicit,
1553 1242 1723 1274 dicendum

951 1288 1036 1327 quod
1050 1288 1167 1319 habent
1182 1289 1215 1319 iu
1231 1299 1263 1320 se
1277 1299 1373 1330 opera
1391 1294 1574 1325 excedentia
1587 1319 1595 1332 ,
1619 1298 1649 1326 et
1665 1305 1722 1327 ex-

952 1349 1048 1371 cessa.
1068 1340 1177 1372 1111106
1191 1343 1277 1373 enim
1293 1345 1415 1376 excedit
1430 1346 1523 1385 illud,
1545 1349 1629 1388 quod
1649 1359 1723 1390 par-

952 1393 1029 1423 vulo
1052 1395 1241 1433 periclitanti
1266 1399 1388 1436 poterat
1409 1400 1585 1432 subveniri.
1609 1402 1669 1433 Sed
1691 1403 1724 1434 in

952 1446 1013 1476 hoc
1027 1447 1111 1477 aliud
1126 1449 1265 1487 excedit,
1281 1450 1356 1489 quia
1377 1453 1561 1491 parentibus
1581 1456 1723 1487 existen—

954 1499 1038 1529 tibus
1052 1499 1235 1531 infidelibus
1245 1503 1372 1534 adultus
1385 1505 1500 1536 salvari
1514 1510 1636 1546 poterat
1645 1533 1652 1546 ,
1671 1510 1726 1541 sed

954 1554 1107 1599 parvulus
1117 1564 1193 1586 non.
1205 1555 1363 1588 Praeterea
1372 1558 1506 1590 dubium
1516 1563 1573 1599 est,
1586 1571 1627 1592 an
1637 1572 1726 1602 opor-

954 1609 1017 1638 teat
1031 1610 1205 1648 utrumque
1219 1619 1286 1640 csse
1304 1611 1448 1649 fidelem,
1472 1616 1502 1644 et
1521 1614 1581 1645 alia
1605 1616 1724 1655 multa,

955 1663 1068 1700 utputa
1078 1663 1139 1701 maj
1145 1671 1181 1693 or
1191 1664 1346 1695 certitudo
1358 1666 1479 1705 salutis,
1492 1669 1554 1707 maj
1560 1678 1596 1699 us
1608 1678 1727 1701 munus

956 1714 1081 1752 gratiae,
1096 1718 1126 1745 et
1140 1715 1202 1746 alia
1211 1717 1293 1747 bona
1304 1728 1376 1757 quse
1387 1721 1591 1759 proveniunt,
1608 1722 1726 1754 scilicet

954 1766 1146 1806 obedientia,
1170 1771 1201 1799 et
1217 1769 1412 1811 humiliatio,
1429 1775 1460 1803 et
1481 1774 1657 1805 consimilia
1672 1784 1680 1806 :
1696 1778 1728 1807 et

954 1818 1024 1850 ideo
1045 1829 1110 1851 non
1132 1822 1278 1862 sequitur
1300 1833 1341 1855 ex
1364 1824 1425 1856 hoc
1445 1827 1531 1866 quod
1554 1829 1653 1858 status
1676 1828 1727 1860 1116

956 1874 1038 1903 esset
1053 1874 1176 1906 melior.

1217 1976 1396 2014 QUAESTIO
1414 1979 1468 2011 111.

988 2059 1034 2083 An
1053 2057 1153 2085 adultis
1171 2062 1236 2086 esset
1253 2063 1402 2089 necessaria
1419 2064 1508 2092 virtus
1528 2067 1658 2100 sacrificii
1671 2068 1690 2094 ⁵.

998 2139 1111 2171 Utrum
1126 2142 1343 2182 requireretur
1355 2145 1457 2176 virtus
1472 2147 1617 2179 sacrificii
1631 2149 1664 2180 111
1675 2159 1727 2181 re-

959 2193 1102 2225 medium
1116 2195 1280 2234 originalis
1294 2196 1327 2227 in
1347 2198 1480 2237 adultis3
1504 2202 1535 2230 et
1555 2202 1641 2240 quod
1663 2203 1728 2242 sic,

958 2245 1084 2277 videtur
1095 2257 1150 2287 per
1163 2248 1354 2288 Gregorium
1365 2250 1398 2281 in
1413 2251 1527 2290 littera,
1541 2263 1613 2293 quae
1628 2255 1728 2294 dicit‘,

960 2300 1045 2337 quod
1060 2301 1235 2339 maioribus
1250 2304 1426 2335 necessaria
1439 2308 1505 2336 erat
1520 2316 1584 2338 non
1607 2311 1730 2340 tantum

960 2352 1054 2390 fides,
1070 2353 1124 2383 scd
1139 2354 1240 2384 virtus
1254 2357 1419 2387 sacrificii:
1434 2367 1514 2397 crgo
1527 2369 1600 2390 cum
1616 2361 1732 2401 Grego-

960 2405 1025 2435 rius
1039 2405 1190 2445 loquatur
1211 2409 1352 2447 praecise,
1370 2410 1558 2442 determinat
1580 2415 1663 2453 quod
1687 2418 1732 2446 est

961 2459 1185 2490 necessarium.
1215 2459 1249 2490 Si
1276 2460 1360 2492 dicas
1387 2464 1471 2502 quod
1497 2464 1638 2505 loquitur
1663 2467 1732 2499 sine

965 2555 994 2579 Ιν
1016 2555 1095 2585 Sene„
1116 2555 1172 2580 dist.
1196 2563 1213 2588 1,
1238 2560 1286 2582 art.
1305 2561 1329 2589 5,
1351 2566 1376 2590 q.
1397 2566 1442 2590 1115
1465 2562 1553 2586 Petrus
1571 2563 1602 2587 de
1621 2564 1732 2597 Tarant„

964 2591 1088 2650 quSent..
1108 2591 1165 2616 (list.
1188 2598 1207 2623 1,
1229 2600 1256 2624 q.
1273 2600 1314 2618 xv.
1332 2608 1358 2612 —
1376 2595 1385 2612 ⁶
1400 2596 1486 2627 Greg„
1503 2598 1603 2630 Moral„
1621 2599 1664 2625 lib.
1688 2601 1733 2635 lV,

963 2634 985 2651 c.
1024 2643 1031 2650 .

1745 2163 1780 2185 Ad
1795 2169 1850 2190 opp.
