2017 2948
276 127 334 155 676

315 190 406 230 Resp.
430 190 602 221 Dicendum
617 191 701 230 quod
717 191 793 222 illud
809 193 1043 222 sacramentum

275 245 320 274 est
334 245 443 274 contra
459 243 580 273 actuale
595 246 756 283 peccatum
769 267 776 280 ,
792 244 829 273 ad
845 244 936 282 cujus
951 253 1042 274 cura-

275 296 394 327 tionem
420 297 579 327 concurrit
604 299 691 328 actus
720 297 929 327 voluntarius.
956 296 1045 327 Unde

274 349 346 380 licet
369 352 602 380 sacramentum
621 350 658 380 de
680 360 713 380 se
737 350 850 379 habeat
875 350 1043 387 virtutem,

275 406 376 443 potest
390 406 496 434 tamen
520 404 664 443 impediri
682 412 736 442 per
758 412 889 442 pravam
911 403 1046 442 disposi-

275 457 392 487 tionem
407 457 606 493 existentem,
624 458 654 486 et
667 456 754 486 illam
770 465 900 495 pravam
915 456 1045 495 disposi—

274 509 392 540 tionem
403 510 487 540 solus
498 510 579 539 Deus
589 510 730 546 amovet,
743 511 773 538 et
782 508 851 538 ideo
861 517 1044 547 congruum

274 565 336 600 est,
353 564 388 593 ut
407 563 508 593 forma
522 562 694 593 verborum
710 562 769 591 sub
785 563 920 601 utroque
935 561 1043 601 expri-

275 618 399 653 matur;
422 618 452 646 et
476 616 519 645 sic
539 617 584 645 est
606 615 675 645 ficri
699 624 899 653 congruum,
917 616 947 644 et
968 623 1042 644 con·-

274 671 403 699 suetum
417 679 424 699 :
442 678 516 698 nam
531 668 675 698 sacerdos
694 668 798 707 primo
813 667 1044 698 absolutionem

273 722 326 752 dat
341 731 397 762 per
412 721 544 752 modum
560 721 797 760 deprecativam
809 744 819 758 ,
836 720 942 750 dicens
957 731 963 750 :
990 721 1045 751 In-

273 774 471 814 dulqemiam
496 774 629 812 tribuat,
647 779 723 811 ete.;
749 776 779 804 et
807 776 897 813 post:
928 773 967 804 Ετ
991 781 1044 813 eqo

273 827 398 860 absolvo
413 831 452 859 te.

590 904 658 925 DUB.
681 903 725 925 VI.

413 973 511 995 Doceus
525 970 650 1001 corporali
666 970 818 1000 praesenlia,
832 972 880 992 etc.

312 1042 442 1074 Videtur
465 1051 505 1072 ex
530 1042 608 1079 hoc,
639 1041 723 1080 quod
751 1040 806 1079 qui
836 1040 964 1077 ignorat
987 1038 1043 1068 lin-

273 1104 384 1134 guam,
399 1104 462 1125 non
478 1094 576 1134 possit
591 1093 733 1123 confiteri
750 1102 805 1132 per
819 1092 1039 1131 interpretem;

272 1151 302 1179 et
323 1148 418 1178 etiam
441 1147 524 1187 quod
550 1150 657 1177 mutus
679 1145 821 1176 confiteri
844 1153 908 1175 non
932 1144 1041 1183 possit,

271 1210 344 1232 cum
367 1210 430 1231 non
450 1200 544 1240 possit
567 1209 622 1230 ore
646 1199 758 1229 dicere.
786 1198 863 1227 Item
888 1197 1043 1236 quaeritur

272 1255 553 1292 utrum-interpres
568 1254 714 1283 teneatur
727 1251 846 1287 celare·,
864 1252 894 1279 et
916 1250 1043 1280 videtur

271 1308 355 1347 quod
377 1307 438 1345 sic,
457 1307 533 1346 quia
554 1306 767 1336 communicat
789 1305 822 1334 in
844 1307 915 1334 actu
936 1313 1043 1334 sacer-

271 1360 335 1391 doti
348 1371 355 1390 :
372 1360 406 1390 in
418 1359 614 1390 contrarium
627 1358 769 1398 estquod
783 1359 926 1397 peccator
936 1357 963 1387 ei
978 1366 1042 1387 non

272 1414 449 1444 confitetur.

313 1467 403 1507 Resp.
425 1466 597 1497 Dicendum
616 1465 701 1505 quod
716 1464 915 1503 Augustinus
938 1463 1043 1503 loqui-

272 1523 324 1551 tur
338 1521 375 1550 de
392 1520 452 1549 illis
467 1519 523 1559 qui
538 1519 655 1549 habent
670 1518 787 1548 idioma
799 1541 806 1554 ,
823 1520 852 1547 ct
869 1517 1041 1556 potentiam

272 1572 457 1610 confitendi,
482 1572 567 1611 quod
591 1581 655 1601 non
676 1574 888 1607 excusantur,
911 1570 974 1599 imo
995 1572 1040 1599 te-

272 1629 388 1656 nentur
402 1625 530 1665 proprio
545 1634 599 1655 ore
614 1625 726 1661 dicere,
744 1626 870 1663 propter
891 1623 1041 1653 meritum

272 1679 508 1710 erubescentiae.
527 1677 615 1715 Quod
635 1677 784 1716 objicitur
800 1677 837 1707 de
856 1677 1039 1715 interprete,

272 1732 440 1763 dicendum
455 1731 539 1771 quod
553 1729 742 1769 obligandus
762 1732 807 1759 est
823 1738 877 1769 per
895 1729 1041 1759 sacerdo-

272 1787 350 1822 tem;
367 1786 397 1814 et
412 1785 439 1814 si
457 1793 522 1815 non
543 1783 673 1822 obligat,
692 1785 797 1813 tamen
814 1784 948 1819 tenetur,
966 1781 1042 1821 quia

271 1841 315 1868 est
332 1838 418 1868 auris
438 1837 616 1867 sacerdotis.
634 1835 722 1866 Unde
737 1836 951 1866 communicat
968 1844 1040 1864 cum

272 1893 416 1930 utroque.

581 1966 648 1986 DUB.
672 1965 726 1986 VII.

425 2033 464 2057 Fit
477 2034 562 2056 tamen
577 2032 691 2062 veniale,
710 2031 776 2062 quod
787 2050 793 2061 ,
811 2032 859 2054 etc.

311 2104 441 2135 Videtur
454 2104 569 2134 falsum
584 2104 695 2140 dicere,
710 2102 784 2141 quia
799 2101 918 2141 species
932 2109 1040 2130 rerum

271 2167 336 2189 non
352 2160 484 2198 possunt
495 2156 700 2186 transmutari
715 2166 721 2184 z
739 2164 818 2193 ergo
832 2164 888 2184 nec
904 2156 1038 2192 peccata.

312 2212 402 2251 Resp.
418 2209 589 2241 Dicendum
601 2209 685 2248 quod
697 2209 828 2238 mortale
839 2207 906 2238 [ieri
918 2207 1041 2237 veniale

271 2267 318 2295 est
331 2264 497 2304 dupliciter
513 2275 519 2293 ;
543 2265 597 2293 aut
613 2265 767 2301 quantum
783 2261 821 2291 ad
837 2260 994 2291 maculam
1011 2264 1041 2290 et

271 2317 518 2353 deformitatem,
535 2318 589 2345 aut
613 2316 768 2354 quantun]
790 2315 828 2343 ad
853 2316 997 2344 reatum:
1014 2313 1039 2343 si

271 2372 427 2410 quantum
441 2369 480 2399 ad
495 2367 669 2404 maculam,
686 2367 747 2397 hoc
767 2369 811 2396 cst
828 2366 1038 2406 impossibile;

272 2424 298 2453 si
313 2425 471 2463 quantum
486 2421 525 2452 ad
544 2423 667 2451 reatum
678 2443 685 2456 ,
706 2419 766 2449 hoc
786 2422 885 2458 potest
901 2428 966 2449 csse
981 2420 1039 2449 du-

272 2476 412 2516 pliciter:
428 2475 477 2505 vel
492 2474 577 2513 quod
590 2475 696 2503 reatus
710 2472 767 2502 iste
781 2473 836 2501 fiat
852 2472 917 2504 ille,
934 2475 963 2502 et
980 2473 1040 2503 hoc

271 2537 438 2567 nunquam
452 2528 502 2563 fit,
519 2526 569 2556 vel
584 2526 657 2565 qnia
677 2525 729 2555 ille
749 2525 885 2555 succedit
900 2525 975 2555 huic
986 2549 993 2560 ,
1010 2529 1041 2556 et

272 2582 331 2611 hoc
346 2582 392 2611 est
406 2588 535 2617 verum,
557 2578 632 2618 quia
648 2578 760 2617 aliquis
776 2578 864 2617 prius
880 2578 1042 2617 obligatur

834 123 1139 155 SENTENTIARUM
1162 124 1236 155 LlB.
1262 125 1310 156 lV.

1100 191 1138 221 ad
1155 194 1290 222 mortem
1311 194 1463 224 aeternam
1476 218 1483 231 ,
1509 196 1541 224 et
1560 195 1630 234 post
1651 202 1708 234 per
1729 194 1870 226 divinam

1102 244 1348 275 misericordiam
1367 246 1404 276 ad
1426 255 1554 286 poenam
1575 246 1793 286 temporalem.
1816 246 1871 278 Vel

1101 296 1306 335 distinguitur
1317 322 1324 334 ‚
1355 299 1439 338 quod
1473 300 1596 330 veniale
1629 300 1744 330 dicitur
1771 299 1872 331 tribus

1103 349 1203 379 modis
1219 359 1225 380 :
1243 360 1282 380 ex
1299 360 1428 389 genere,
1444 354 1480 382 ut
1495 353 1696 383 mendacium
1706 353 1870 391 jocosum;

1101 411 1140 432 ex
1158 406 1274 433 eventu
1285 428 1292 440 ,
1311 407 1438 444 propter
1452 405 1600 436 effectum
1616 406 1733 436 (livinae
1749 404 1871 435 miseri-

1101 456 1215 486 cordiae
1228 467 1235 493 3
1254 465 1294 487 ex
1308 457 1555 496 circumstantia,
1574 460 1609 489 ut
1624 458 1701 489 illud
1714 457 1800 498 quod
1814 457 1872 489 ha-

1102 508 1153 538 bet
1167 510 1414 541 excusationem.
1431 510 1537 542 Primo
1553 512 1646 543 modo
1661 511 1794 542 mortale
1809 520 1874 543 non

1102 562 1136 590 fit
1154 562 1286 599 veniale,
1303 562 1357 593 sed
1372 563 1509 594 secundo
1526 564 1630 595 modo.

1402 665 1470 687 DUB.
1494 665 1562 687 vm.

1101 726 1202 753 Quanto
1216 725 1330 756 pluribus
1346 726 1482 750 confitetur
1501 727 1526 750 in
1541 729 1655 758 tempore
1670 727 1751 752 veniae
1765 728 1874 759 turpitu-

1232 761 1316 785 dinem
1335 761 1447 786 criininis
1457 781 1463 792 ‚
1479 764 1551 786 tanto
1566 762 1663 787 facilius
1673 780 1680 792 ,
1695 764 1744 787 etc.

1141 827 1271 858 Videtur
1295 829 1376 859 male
1395 829 1519 868 dicere,
1545 830 1620 869 quia
1639 832 1696 860 aut
1716 830 1873 862 secundus

1100 881 1243 911 sacerdos
1260 881 1378 921 aliquid
1396 882 1544 921 remittit,
1563 885 1617 913 aut
1636 883 1715 913 nihil
1733 894 1740 914 ι
1764 883 1790 913 si
1815 883 1872 913 ali-

1100 933 1188 972 quid,
1204 934 1349 964 similiter
1363 937 1393 965 et
1415 936 1546 966 tertius:
1563 936 1608 966 sic
1622 938 1724 966 totum
1740 937 1873 976 possunt

1101 987 1259 1017 remittere
1275 999 1281 1018 :
1299 997 1380 1026 crgo
1395 989 1462 1019 sinc
1477 989 1687 1020 satisfactione
1701 998 1758 1029 per
1772 989 1873 1020 solam

1100 1041 1327 1071 confessionem
1350 1044 1449 1082 potest
1469 1043 1542 1081 quis
1564 1043 1696 1080 salvari,
1720 1043 1805 1082 quod
1827 1044 1874 1073 est

1100 1093 1335 1125 inconveniens,
1357 1094 1388 1124 Si
1411 1104 1485 1126 vero
1508 1095 1587 1125 nihil
1616 1095 1766 1132 remittit,
1792 1104 1872 1134 ergo

1100 1155 1163 1176 non
1173 1148 1379 1186 consequitur
1393 1148 1520 1178 veniam
1533 1148 1666 1178 facilius.
1680 1148 1758 1178 Item
1770 1148 1796 1178 si
1811 1148 1872 1187 pri-

1100 1209 1151 1230 ma
1175 1201 1326 1230 consessio
1346 1204 1391 1231 est
1421 1204 1653 1232 sacramentum
1674 1201 1869 1240 perfectum:

1099 1262 1178 1291 ergo
1203 1253 1227 1282 si
1254 1254 1462 1293 superaddit,
1484 1254 1610 1285 videtur
1636 1255 1739 1284 totum
1757 1262 1871 1294 super-

1099 1306 1220 1336 ssuum:
1238 1315 1316 1344 ergo
1329 1315 1392 1336 non
1405 1306 1609 1345 consequitur
1620 1306 1759 1339 veniam.
1773 1305 1869 1337 Item:

1099 1359 1231 1398 quilibet
1255 1359 1399 1389 sacerdos
1423 1359 1514 1389 debet
1535 1359 1699 1398 imponere
1713 1359 1871 1398 poeniten-

1099 1412 1175 1442 tiam
1193 1423 1199 1442 z
1217 1415 1247 1442 ct
1265 1414 1340 1443 tunc
1354 1412 1496 1448 videtur,
1516 1412 1601 1451 quod
1617 1414 1671 1442 aut
1691 1414 1818 1443 tenetur
1831 1413 1869 1443 ad

1098 1475 1225 1497 omnes,
1247 1467 1301 1495 aut
1316 1465 1353 1494 ad
1370 1465 1489 1495 nullam
1507 1475 1514 1495 :
1541 1466 1563 1495 si
1590 1466 1628 1495 ad
1648 1474 1778 1504 omnes,
1796 1469 1869 1497 tunc

1098 1518 1254 1548 difficilius
1267 1518 1470 1558 consequitur
1483 1518 1610 1548 veniam
1623 1529 1630 1555 ;
1645 1519 1670 1548 si
1683 1519 1719 1549 ad
1733 1518 1867 1557 nullam,

1098 1572 1222 1601 videtur
1238 1572 1321 1611 qnod
1339 1581 1401 1601 una
1416 1571 1570 1601 confessio
1588 1571 1688 1602 irritet
1701 1571 1810 1603 aliam.

1138 1624 1229 1663 Resp.
1248 1624 1417 1654 Dicendum
1433 1624 1518 1663 qnod
1538 1624 1690 1654 consessio
1705 1624 1870 1655 ordinatur

1097 1677 1136 1707 ad
1162 1677 1281 1712 multa,
1308 1676 1361 1706 sed
1389 1676 1427 1706 ad
1453 1686 1554 1706 unum
1580 1676 1811 1716 principaliter:
1839 1679 1870 1708 et

1097 1733 1252 1770 quantum
1267 1730 1306 1760 ad
1331 1730 1520 1770 principale,
1535 1730 1705 1769 aequivalet
1725 1730 1868 1761 confiteri

1098 1784 1206 1814 multis
1227 1785 1257 1813 et
1278 1783 1352 1819 uni,
1377 1782 1453 1822 quia
1475 1791 1558 1812 unus
1583 1782 1726 1813 sacerdos
1744 1785 1868 1814 tantum

1097 1837 1226 1867 dimittit
1248 1836 1286 1866 de
1314 1845 1425 1875 poena,
1448 1837 1602 1874 quantum
1628 1837 1729 1874 potest
1751 1836 1783 1866 vi
1803 1835 1869 1866 cla-

1097 1890 1196 1920 vium.
1225 1888 1287 1919 Nec
1312 1888 1403 1919 debet
1430 1887 1537 1918 iterari
1559 1888 1711 1918 confessio
1740 1890 1868 1928 propter

1097 1944 1194 1973 finem
1209 1941 1430 1982 principalem,
1446 1941 1507 1971 nisi
1523 1941 1602 1971 forte
1619 1941 1768 1971 timeatur
1781 1950 1870 1972 error

1097 1996 1193 2026 tuisse
1216 1995 1249 2025 in
1269 1994 1476 2025 confessione.
1501 1993 1676 2030 Praeterea,
1700 1994 1770 2024 aliae
1795 1996 1870 2025 sunt

1097 2049 1246 2079 utilitates
1261 2056 1406 2084 annexae,
1423 2050 1453 2077 et
1470 2047 1509 2077 ad
1523 2047 1592 2077 illas
1609 2046 1693 2078 valet
1709 2047 1870 2078 multoties

1097 2102 1249 2139 confiteri,
1268 2101 1383 2131 scilicet
1399 2100 1438 2130 ad
1450 2100 1712 2138 erubescentiam,
1729 2102 1760 2130 et
1776 2101 1870 2131 inter-

1097 2164 1257 2185 cessorum
1283 2153 1592 2192 multiplicationem,
1613 2155 1643 2183 et
1662 2153 1701 2183 ad
1722 2153 1870 2184 humilia-

1098 2208 1230 2245 tionem,
1252 2211 1280 2238 et
1302 2208 1413 2246 gratiae
1437 2210 1662 2246 augmentum.
1688 2206 1736 2237 Ad
1757 2206 1870 2247 princi-

1097 2261 1200 2300 palem
1222 2261 1369 2291 cffcctum
1394 2260 1493 2297 valet,
1517 2262 1674 2299 quantum
1698 2259 1737 2290 ad
1759 2260 1870 2290 certifi-

1097 2313 1262 2343 catiOnem.
1278 2312 1325 2343 Ex
1340 2313 1390 2343 his
1406 2315 1511 2352 patent
1527 2313 1659 2351 objecta,
1672 2312 1746 2351 quia
1761 2321 1869 2343 secun-

1096 2367 1157 2396 dus
1172 2375 1236 2396 non
1248 2366 1320 2396 facit
1333 2375 1449 2396 novam
1462 2365 1692 2402 remissionem,
1707 2374 1764 2396 nec
1778 2365 1869 2396 dehet

1096 2419 1134 2450 de
1150 2428 1233 2449 novo
1248 2419 1267 2448 li
1273 2427 1350 2457 gare
1365 2428 1372 2453 ;
1391 2418 1445 2449 sed
1460 2418 1578 2458 aliquid
1589 2418 1676 2448 facile
1690 2418 1864 2458 imponere,

1097 2475 1132 2503 ut
1146 2472 1239 2503 Pater
1253 2475 1368 2509 noster,
1384 2475 1441 2502 etc.
1451 2483 1458 2509 ;
1471 2474 1502 2502 et
1511 2480 1636 2511 semper
1652 2473 1753 2510 potest
1765 2470 1865 2510 poeni-

1096 2527 1165 2555 tens
1179 2534 1245 2555 esse
1264 2525 1393 2563 certior,
1411 2525 1486 2564 quia
1509 2524 1534 2554 si
1558 2532 1622 2554 non
1646 2523 1756 2554 habuit
1775 2522 1864 2554 effec-

1099 2581 1165 2608 tum
1178 2578 1290 2617 prima,
1306 2580 1404 2618 potest
1415 2586 1482 2608 esse
1490 2577 1573 2618 quod
1586 2575 1723 2607 secunda
1737 2575 1860 2613 habeat,
