2017 2948
590 169 688 201 DIST.
711 170 877 203 XXXVIII.
900 170 989 201 AR'l'.
1014 170 1037 201 I.
1062 170 1209 208 QUAEST.
1233 171 1284 201 VI.

141 236 265 267 dacium
288 239 396 267 autem
417 246 482 267 non
503 236 633 267 sortitur
647 237 783 276 speciem
799 248 817 268 a
836 238 912 268 falsa

141 289 309 328 locutione,
327 290 377 320 sed
395 290 497 329 potius
516 289 556 319 ab
575 289 643 329 ipsa
659 290 847 328 intentione,
865 291 911 320 si-

143 345 321 373 cuttectum
335 345 392 373 est.

183 399 211 426 3.
228 396 275 426 Ad
290 396 365 426 illud
383 395 465 435 quod
481 395 640 434 objicitur,
659 396 742 435 quod
765 396 826 425 alia
840 405 912 435 pec-

142 452 210 479 cata
224 449 341 480 habent
355 449 423 479 sieri
434 450 517 487 Joco,
542 449 621 479 slent
644 451 674 479 et
698 449 910 485 mendacium,

142 502 309 533 dicendum
336 502 421 541 quod
445 502 717 532 denominationes
745 511 808 532 non
832 503 914 532 fiunt

143 556 181 585 ab
195 555 244 585 his
259 565 330 595 quae
354 564 426 585 raro
448 556 604 592 accidunt,
626 556 678 585 sed
704 556 743 585 ab
770 556 819 585 his
841 565 913 595 quae

142 608 323 647 frequenter
340 608 429 638 :licet
443 618 521 647 ergo
535 609 698 648 contingat
713 609 773 639 alia
789 611 914 648 peccata

141 670 198 700 per
218 663 327 701 jocum
349 662 533 701 perpetrari,
554 662 628 701 qnia
650 664 758 692 tamen
781 671 846 692 non
871 663 914 692 ita

142 715 322 754 frequenter
349 714 410 744 alia
439 715 681 745 committuntur
706 717 779 754 joco
795 739 803 753 ,
833 716 915 745 sicut

141 767 245 806 ipsum
260 767 472 805 mendacium,
487 768 561 798 hinc
578 770 624 798 est
643 768 729 807 quod
744 777 812 798 esse
823 770 914 808 joco-

141 829 213 850 sum
232 829 297 850 non
313 822 359 850 est
374 820 549 850 differentia
571 820 701 850 alterius
718 822 846 860 peccati,
870 821 913 851 si-

142 877 194 905 cut
204 875 370 905 mendacii.
384 874 551 911 Praeterea,
560 875 615 905 etsi
626 875 734 906 omnia
741 885 836 915 opera
850 885 915 906 sor-

142 927 261 957 tiantur
274 927 562 958 denominationem
583 928 622 958 ab
638 928 707 967 ipsa
720 928 894 958 intentione
905 952 912 966 ,

143 981 283 1011 maxime
298 989 402 1010 sermo
417 980 456 1010 ab
470 981 646 1012 intentione
664 981 888 1011 denominatur
908 991 914 1009 ε

142 1035 173 1063 et
192 1033 266 1072 quia
283 1033 482 1063 mendacium
495 1035 542 1063 est
558 1034 588 1063 in
607 1042 764 1071 sermone,
783 1033 855 1063 inde
871 1035 916 1063 est

142 1084 226 1123 quod
243 1084 348 1122 magis
373 1084 595 1114 denominatur
608 1086 764 1123 Jocosum‚
789 1084 915 1123 quando

143 1137 177 1166 fit
192 1137 366 1167 intentione
382 1137 528 1174 ludendi,
546 1147 642 1177 quam
659 1138 720 1167 alia
736 1140 872 1176 peccata.

182 1192 211 1220 4.
229 1190 275 1220 Ad
290 1190 367 1220 illud
384 1190 466 1229 quoi]
484 1191 642 1229 objicitur,
655 1191 739 1230 quod
751 1191 806 1220 ubi
824 1191 916 1220 inter-

142 1243 230 1273 venit
240 1244 344 1282 jocus,
362 1243 404 1273 ibi
420 1253 485 1274 non
500 1246 547 1274 est
569 1244 700 1274 intentio
715 1244 852 1281 fallendi,
869 1244 914 1273 di-

143 1297 277 1327 cendum
295 1297 390 1336 quod,
421 1298 503 1328 sicut
528 1298 562 1328 in
587 1298 690 1328 littera
716 1298 915 1338 explanatur,

144 1359 218 1380 cum
241 1350 380 1380 dicitur:
408 1350 636 1381 «Mendacium
659 1353 705 1381 est
730 1351 807 1381 falsa
832 1351 918 1381 vocis

146 1402 423 1441 significatiocum
440 1404 613 1435 intentione
624 1405 748 1435 fallendi
760 1415 767 1441 3
778 1417 791 1433 »
808 1414 916 1435 secun-

145 1455 220 1485 dum
236 1456 320 1495 quod
348 1457 538 1495 generaliter
559 1457 723 1496 accipitur,
744 1467 810 1488 non
834 1458 918 1488 idem

145 1510 191 1537 est
204 1507 320 1546 fallere,
339 1509 422 1548 quod
437 1509 600 1549 decipere;
623 1511 674 1540 sed
700 1510 784 1541 idem
799 1514 845 1541 est
861 1511 915 1540 fal-

145 1560 221 1598 lere,
239 1562 451 1600 quodfalsum
476 1563 588 1593 dicere.
614 1563 701 1594 [nde
726 1573 837 1594 sensus
860 1566 916 1601 est,

146 1621 216 1644 cum
233 1615 406 1647 intencione
420 1615 564 1654 fallendi,
588 1617 647 1647 hoc
663 1619 719 1654 est,
738 1617 852 1647 falsum
869 1617 919 1647 di-

147 1667 235 1697 cendi
255 1679 260 1698 :
274 1671 305 1699 et
322 1669 381 1699 hoc
396 1670 506 1709 utique
522 1671 670 1701 convenit
688 1671 851 1701 mendacio
866 1672 916 1710 Jo-

146 1729 228 1757 coso,
246 1721 318 1751 licet
333 1722 438 1752 minus
451 1723 604 1762 complete
616 1733 711 1763 quam
727 1724 916 1763 pernicioso.

187 1776 215 1803 5.
234 1774 281 1805 Ad
292 1774 369 1805 illud
384 1775 468 1815 quod
482 1776 641 1815 objicitur,
659 1777 743 1816 quod
760 1786 827 1807 esse
843 1786 918 1817 per-

146 1826 302 1857 niciosum
316 1829 462 1859 convenit
476 1829 563 1859 omni
580 1830 692 1868 generi
704 1830 822 1869 peccati
837 1839 920 1861 mor-

147 1879 228 1916 talis,
241 1880 420 1918 dicendum,
438 1882 522 1920 quod
538 1883 755 1920 perniciosum
770 1883 916 1921 assigna-

148 1933 201 1962 tur
215 1942 281 1962 esse
297 1932 472 1963 differentia
493 1934 591 1973 ipsius
617 1936 744 1973 peccati,
766 1945 828 1965 non
845 1936 920 1975 quia

148 1985 188 2014 sit
203 1985 366 2024 proprium
382 1987 451 2025 ejus
466 1986 658 2025 simpliciter,
675 1988 728 2018 sed
745 1988 804 2018 hoc
817 1991 863 2018 est
874 1998 922 2018 ra-

148 2037 232 2068 tione
245 2038 398 2068 mendacii
415 2039 556 2076 officiosi,
575 2043 683 2070 contra
704 2042 789 2079 quod
808 2042 918 2072 distin—

149 2090 220 2128 guit
234 2091 456 2130 perniciosum,
469 2092 544 2131 quia
557 2092 633 2122 illud
645 2093 779 2132 prodest,
795 2096 824 2123 et
838 2094 921 2124 istud

150 2144 238 2173 obest
256 2153 263 2174 ι
279 2146 309 2174 θῖ
330 2144 480 2183 quonlam
500 2144 561 2175 alia
583 2154 702 2183 genera
721 2149 921 2185 peccatorum

150 2205 213 2226 non
230 2196 272 2226 ita
292 2196 536 2236 distinguuntur
559 2207 615 2237 per
630 2198 817 2235 officiosum,
844 2200 923 2230 sicut

152 2249 362 2287 mendacium,
387 2250 462 2280 hinc
483 2253 530 2280 ost
552 2250 637 2289 quod
661 2252 780 2282 necita
805 2253 922 2283 distin-

151 2304 296 2340 guuntur
312 2312 366 2341 per
382 2303 606 2342 perniciosum.

191 2359 220 2385 (j.
237 2355 283 2385 Ad
300 2355 376 2385 illud
399 2356 481 2395 quod
501 2356 660 2395 objicitur,
679 2360 789 2388 utrum
812 2359 920 2389 distin-

151 2411 272 2448 guatur
285 2409 406 2439 ratione
426 2410 578 2447 materiae,
598 2411 647 2440 vel
666 2411 846 2450 voluntatis⁷
874 2414 924 2442 sli-

153 2462 288 2492 cendum
303 2462 388 2501 quod
402 2463 523 2493 ratione
544 2462 717 2493 voluntatis
739 2464 924 2504 principali-

187 2561 192 2575 ¹
209 2560 247 2589 Cf.
264 2560 386 2583 Alexand.
404 2561 516 2588 Mensis,
535 2568 558 2590 p.
577 2560 611 2587 ΙΙ,
627 2567 651 2589 q.
669 2566 755 2587 mxli,
777 2562 871 2586 memb.
892 2564 924 2593 73

155 2596 170 2617 S
197 2595 635 2625 Tlmm.,11-ti,q.cx,mmmmm
651 2596 729 2624 Seni„
744 2596 800 2619 (iistv
814 2603 924 2626 xxxvui,

156 2638 180 2660 q.
193 2637 209 2660 1,
231 2634 277 2655 nrt.
294 2634 325 2660 53
349 2632 475 2659 lticliarcl,
495 2633 523 2655 lll
541 2634 619 2661 Sumit„
634 2631 656 2653 213
676 2634 689 2654 t.
710 2638 818 2659 xxxiiii,
833 2641 848 2664 q
875 2641 882 2656 x
903 2639 925 2659 ct

1677 178 1734 208 195

968 239 1039 267 ter:
1056 237 1127 268 licet
1155 238 1250 268 etiam
1274 240 1378 278 posset
1402 240 1477 277 dici,
1506 242 1590 281 quod
1613 243 1735 276 ratione

968 289 1130 327 materiae,
1162 293 1318 329 quantum
1347 292 1384 321 ad
1411 292 1497 323 illam
1526 294 1736 328 differentiam

968 343 1120 373 mendacii
1144 343 1322 382 perniciosi,
1347 353 1420 383 quae
1444 346 1572 384 quidem
1596 349 1738 381 consistit

968 394 1000 424 in
1016 395 1157 425 doctrina
1173 396 1347 434 religionis.
1361 396 1399 427 Et
1414 397 1439 427 si
1456 400 1490 428 tu
1500 399 1640 438 objicias⁷
1653 403 1737 441 quod

967 448 1026 477 ista
1040 458 1139 488 prava
1154 449 1301 480 voluntas
1316 453 1417 490 potest
1441 461 1508 482 esse
1532 453 1564 483 in
1579 456 1666 485 omni
1681 465 1738 495 ge-

968 510 1043 531 nere
1067 502 1245 540 mendacii,
1263 504 1331 542 Jam
1355 507 1440 543 patet
1465 507 1639 546 responsio,
1664 509 1740 547 quia

969 554 1028 584 hoc
1044 558 1091 585 est
1106 555 1230 593 falsum,
1244 557 1419 587 secundum
1435 558 1520 598 quod
1535 559 1740 599 explanatum

969 609 1025 645 est,
1043 608 1118 647 quia
1134 609 1307 640 secundum
1325 610 1408 649 quod
1433 612 1530 642 verba
1555 612 1741 645 deserviunt

968 660 1145 698 intentioni,
1162 662 1198 692 fit
1218 662 1439 695 diversificatio
1455 665 1630 704 specierum
1647 675 1741 699 men-

969 713 1062 744 dacii.

1230 788 1407 826 QUAESTIO
1429 790 1479 822 VI.

970 858 1015 883 An
1033 857 1061 883 z'n
1076 857 1204 890 madibus
1218 860 1360 891 specierum
1374 860 1507 888 mendacii
1522 862 1599 890 detur
1613 866 1743 898 gravissi-

1198 910 1268 928 mum
1284 905 1306 929 et
1320 904 1479 931 levissimum
1491 904 1509 932 ¹.

1011 980 1053 1010 De
1080 980 1233 1019 gradibus
1259 982 1435 1021 specierum
1465 986 1633 1018 mendacii.
1665 988 1743 1019 Dicit

970 1033 1055 1063 enim
1078 1034 1280 1073 Augustinus
1304 1037 1333 1073 ²,
1360 1037 1444 1076 quod
1468 1038 1610 1078 primum
1640 1049 1743 1079 genus

975 1087 1127 1118 mendacii
1151 1090 1196 1117 θεῖ
1211 1089 1434 1126 gravissimum
1446 1115 1454 1128 ‚
1479 1093 1510 1121 et
1531 1092 1681 1124 ultimum
1698 1097 1744 1125 θεῖ

970 1139 1180 1170 levissimum.
1207 1141 1246 1171 Et
1271 1144 1389 1181 quanto
1410 1143 1491 1174 inter
1512 1154 1630 1184 genera
1653 1156 1744 1178 men-

971 1192 1050 1222 dacii
1060 1193 1189 1232 aliquod
1201 1195 1402 1225 mendacium
1413 1197 1530 1228 accedit
1538 1198 1577 1228 ad
1589 1199 1742 1239 primum,

972 1248 1058 1275 tanto
1077 1248 1124 1276 est
1138 1247 1289 1285 gravius3
1307 1251 1337 1278 et
1358 1252 1477 1288 quanto
1493 1251 1596 1290 magis
1610 1252 1742 1292 elonga-

972 1300 1035 1337 tur,
1052 1302 1082 1329 et
1096 1300 1213 1330 accedit
1225 1301 1262 1331 ad
1277 1301 1534 1340 ultimum,tant0
1549 1304 1663 1336 levius.
1676 1305 1744 1337 Pri-

974 1361 1063 1382 mum
1079 1355 1186 1383 autem
1202 1354 1355 1384 mendacii
1373 1364 1488 1394 genus,
1500 1358 1536 1386 ut
1549 1357 1634 1396 dicit,
1652 1361 1699 1390 est
1712 1359 1744 1390 in

973 1405 1114 1436 doctriua
1130 1406 1293 1445 religionis
1308 1418 1314 1444 ;
1339 1407 1488 1438 ultimum
1511 1412 1618 1440 autem
1637 1414 1693 1449 est,
1711 1415 1746 1443 ut

974 1459 1058 1495 dicit,
1085 1468 1141 1498 pro
1171 1460 1410 1491 conservatione
1439 1462 1552 1493 alienae
1580 1464 1742 1495 castitatis.

974 1511 1087 1542 Contra
1112 1512 1171 1542 hoc
1201 1513 1286 1551 quod
1311 1513 1396 1551 dicit,
1422 1515 1505 1553 quod
1530 1516 1671 1555 primum
1700 1521 1746 1548 est

975 1565 1214 1604 gravissimum,
1228 1566 1375 1604 objicitur
1394 1568 1437 1598 sic
1463 1577 1469 1597 :
1489 1568 1562 1599 Esto
1582 1571 1666 1609 quod
1686 1571 1746 1601 ali-

975 1618 1048 1657 quis
1071 1618 1151 1648 dicat
1174 1618 1332 1649 Christum
1356 1630 1420 1651 non
1446 1623 1622 1654 ascendisse
1652 1634 1747 1664 super

975 1671 1108 1701 asellum
1121 1681 1160 1702 ex
1176 1674 1313 1711 quadam
1336 1674 1526 1713 urbanitate,
1544 1678 1574 1706 et
1588 1677 1669 1707 alius
1690 1678 1746 1708 im-

974 1727 1070 1763 ponat
1085 1725 1198 1755 salsum
1214 1726 1333 1757 crimen
1349 1728 1507 1767 proximo,
1525 1738 1565 1760 ex
1586 1739 1649 1769 quo
1672 1740 1746 1771 pro-

975 1778 1081 1808 ximus
1097 1780 1196 1808 morte
1218 1779 1388 1811 damnatur
1407 1790 1413 1810 :
1435 1784 1647 1817 constansest
1664 1785 1747 1824 quod

974 1831 1106 1869 gravius
1122 1834 1227 1870 peccat
1238 1833 1407 1871 secundus,
1422 1844 1518 1873 quam
1534 1836 1677 1874 primus:
1694 1838 1747 1869 sed

975 1883 1096 1921 primus
1111 1887 1217 1923 peccat
1242 1886 1344 1924 primo
1369 1895 1489 1924 genere
1510 1890 1627 1928 peccati
1654 1899 1747 1921 men-

975 1936 1066 1973 dacii,
1083 1937 1239 1967 secundus
1255 1940 1360 1976 peccat
1374 1940 1513 1971 seeundo
1528 1951 1646 1980 genere
1662 1953 1748 1974 men-

976 1988 1076 2018 dacii:
1098 1999 1176 2027 ergo
1191 1991 1366 2022 secundum
1387 2002 1491 2031 genus
1514 1996 1630 2034 peccati
1653 2005 1748 2027 men-

976 2042 1055 2071 dacii
1070 2045 1116 2072 est
1131 2043 1263 2081 gravius
1279 2054 1375 2083 quam
1391 2046 1543 2084 primum.

1017 2097 1046 2125 2.
1066 2095 1152 2133 ltem,
1169 2095 1284 2136 aliquis
1299 2097 1373 2128 dicit
1397 2099 1524 2139 aliquod
1547 2102 1748 2134 mendacium

977 2147 1010 2177 in
1024 2148 1165 2179 doctrina
1178 2149 1354 2188 religionis,
1368 2152 1452 2191 quod
1464 2155 1640 2194 corrumpit
1654 2156 1749 2187 fidem

978 2201 1010 2230 iu
1022 2210 1085 2231 uno
1100 2201 1237 2241 simplici
1247 2214 1254 2240 ;
1265 2203 1347 2233 alius
1360 2214 1435 2235 vero
1448 2205 1522 2236 dicit
1537 2208 1748 2248 mendacium,

978 2263 1033 2292 per
1042 2254 1126 2293 quod
1139 2255 1293 2286 scinditur
1306 2257 1410 2287 unitas
1424 2258 1642 2293 ecclesiasticae
1653 2263 1748 2302 pacis.

979 2308 1104 2338 Constat
1116 2309 1200 2348 quod
1217 2311 1350 2347 gravius
1366 2314 1473 2349 peccat
1489 2314 1645 2345 secundus
1655 2325 1751 2354 quam

978 2361 1117 2400 primus,
1146 2361 1221 2401 quia
1240 2363 1376 2394 seminat
1396 2364 1480 2396 incer
1500 2366 1614 2403 fratres
1631 2367 1753 2400 discor·

978 2415 1065 2451 dias,
1093 2415 1180 2454 quod
1200 2415 1340 2446 maxime
1360 2416 1513 2448 Dominus
1531 2419 1703 2452 detestatur
1717 2425 1727 2442 θ
1743 2433 1751 2456 :

979 2471 1129 2499 ettamen
1148 2468 1271 2507 primus
1286 2471 1393 2508 peccat
1411 2470 1514 2508 primo
1541 2480 1659 2510 genere
1678 2483 1753 2514 pec-

983 2565 1233 2595 v13510p11.lli-ulcl‘,
1249 2567 1278 2589 ΙΙΙ
1289 2567 1367 2595 Seni„
1379 2567 1434 2590 nist.
1447 2573 1597 2600 xxxv111,q.
1610 2577 1638 2602 v3
1651 2573 1750 2598 Guiliel.

982 2601 1076 2628 vom„
1098 2601 1128 2624 ιιι
1151 2601 1228 2631 Stant,
1247 2601 1303 2624 illst.
1321 2607 1431 2627 xxxviii,
1449 2610 1473 2633 q.
1492 2610 1509 2627 1.
1523 2606 1700 2637 —2August.,
1723 2609 1753 2633 rz'e

982 2636 1080 2663 Mrrml„
1092 2644 1114 2660 c.
1131 2642 1162 2659 νγ
1186 2639 1206 2658 vt
1222 2643 1279 2666 xxi,
1292 2643 1317 2660 n.
1330 2639 1357 2660 25
1374 2639 1398 2660 et
1410 2639 1505 2662 fem—³
1519 2641 1601 2671 Pron,
1617 2648 1654 2672 νι,
1673 2645 1708 2667 19.

1760 1009 1792 1029 Ad
1805 1015 1854 1035 upp-
