2017 2948
69 1383 171 1404 Fundani.

591 186 686 218 DlST.
710 186 786 218 XVI.
812 186 926 218 PART.
951 187 988 218 11.
1012 185 1101 217 ART.
1125 187 1148 217 1.
1172 186 1320 224 QUAEST.
1344 189 1382 219 11.

190 261 260 291 ma,
290 255 348 283 etc.
373 253 480 284 Glossa
504 265 511 284 2
540 264 554 282 (1
582 253 652 284 Jam
675 255 751 284 11106
774 254 958 293 exemplum

189 306 383 346 baptizandis
408 305 542 336 dabatur
565 306 735 336 confitendi
759 308 900 345 peccata,
929 308 959 336 et

190 358 392 397 promittendi
410 358 549 388 meliora.
564 369 578 385 »
597 358 684 397 Ergo
705 359 730 388 si
745 358 860 389 debent
873 367 953 388 6011-

189 411 288 448 fiteri,
306 411 449 442 similiter
463 414 493 441 et
508 412 642 449 conteri,
659 414 689 442 et
704 412 892 442 satisfacere.

228 466 257 494 3.
282 464 359 495 Item
374 465 494 494 ratione
510 464 646 502 videtur,
668 465 743 503 quia
762 464 913 494 Dominus
927 466 957 494 et

187 517 297 547 beatus
310 517 444 547 Joanues
455 517 652 556 incoeperunt
667 517 921 556 praedicationem
939 526 956 547 a

186 570 370 609 poenitentia
387 581 393 600 ε
411 570 464 601 5611
486 570 526 600 ab
545 579 581 600 eo
606 570 783 600 debuerunt
799 569 936 609 incipere
947 593 954 605 ,

186 623 270 662 quod
285 625 331 653 est
346 622 455 653 salutis
470 623 598 653 initium
615 631 622 652 :
639 631 718 661 ergo
740 623 765 652 si
788 623 832 652 ita
854 623 955 653 111601-

185 678 316 716 petunt,
333 678 415 716 patet
426 676 510 716 quod
526 676 628 715 primo
638 676 727 706 debet
738 676 880 715 accipere
893 684 956 715 poe-

186 728 364 759 nitentiam.

227 785 255 812 4.
281 782 358 812 11601
373 783 475 822 primo
486 791 619 822 persona
630 782 772 821 corrupit
786 784 934 812 naturam
947 792 953 812 :

187 836 239 865 sed
255 836 376 866 actuale
390 838 436 866 est
452 837 611 875 corruptio
628 844 782 874 persouae,
801 837 831 864 et
853 835 953 874 origi-

187 888 258 919 nale
271 891 395 920 naturae
413 900 419 919 :
441 891 471 919 et
487 892 595 919 contra
607 888 728 919 actuale
740 890 786 918 est
799 889 954 927 poeniten-

186 941 230 971 tia
246 951 252 970 :
269 950 348 980 ergo
364 942 455 981 praeit
467 942 673 981 baptismum.

228 997 256 1025 5.
281 994 377 1031 Item,
401 995 553 1034 parvulus
568 1004 631 1025 non
652 995 746 1025 habet
768 995 830 1024 nisi
854 994 955 1033 origi-

187 1047 271 1085 nale,
287 1048 341 1078 sed
352 1048 479 1078 adultus
493 1048 613 1078 actuale
629 1056 701 1077 cum
717 1047 864 1085 originali
879 1058 885 1077 :
902 1047 955 1077 sed

186 1101 240 1140 quj
255 1101 349 1131 habet
363 1102 549 1141 ampliorem
564 1102 724 1139 morbum,
737 1101 828 1131 debet
839 1101 955 1131 babere

186 1153 323 1192 amplius
347 1154 524 1184 remedium
550 1164 556 1184 :
580 1163 653 1184 cum
678 1163 755 1192 ergo
781 1154 956 1193 baptismus

185 1206 381 1236 necessarius
394 1207 433 1236 sit
447 1206 595 1246 parvulo,
614 1206 733 1245 aliquid
744 1206 828 1236 ultra
836 1207 954 1246 baptis-

188 1267 276 1289 mum
292 1260 349 1289 erit
362 1260 577 1290 necessarium
594 1259 700 1290 adulto
715 1270 721 1289 :
739 1259 791 1290 sed
808 1259 868 1290 1106
890 1269 956 1290 11011

187 1314 232 1342 651
246 1313 306 1343 nisi
322 1312 507 1352 poenitentia
524 1323 530 1342 ε
549 1321 639 1351 ergo,
658 1314 715 1342 etc.

228 1364 340 1396 Contra
357 1376 363 1396 :
390 1365 568 1405 Baptismus
590 1367 636 1395 est
653 1366 754 1404 janua
774 1374 956 1396 sacramen-

189 1421 293 1449 torum
312 1430 318 1450 ;
336 1419 389 1449 5611
400 1420 500 1457 Janua
516 1421 563 1449 est
578 1419 696 1457 primo,
716 1420 747 1448 et
766 1421 838 1449 ante
854 1419 956 1458 ipsam

187 1472 266 1502 nibil
281 1472 371 1503 debet
383 1472 532 1511 praemitti
549 1481 556 1502 ε
574 1480 665 1510 ergo,
683 1473 741 1502 616.

228 1526 305 1556 Item
325 1525 507 1565 poenitentia
528 1527 574 1555 est
597 1525 734 1555 secunda
758 1525 865 1556 tabula
887 1529 957 1566 post

186 1578 408 1617 naufragium,
424 1580 458 1608 ut
472 1577 548 1608 dicit
562 1577 791 1618 Hieronymus,
808 1581 838 1609 et
858 1579 954 1610 habe-

186 1634 238 1662 tur
264 1632 298 1662 10
318 1631 423 1662 littera
444 1640 554 1670 supra,
574 1630 772 1661 distinctione
795 1640 851 1663 xlv
875 1642 881 1662 :
903 1633 956 1663 sed

186 1684 324 1715 secunda
351 1684 467 1714 dicitur
492 1685 636 1722 respectu
664 1684 811 1723 baptismi
837 1695 843 1714 ε
877 1694 956 1724 ergo

186 1738 256 1769 haec
269 1747 333 1769 non
349 1737 497 1777 praecedit
508 1736 625 1776 ipsum.

227 1791 307 1822 Item
325 1791 504 1830 baptismus
518 1798 646 1820 omnem
661 1790 787 1829 culpam
802 1791 898 1829 delet,
914 1792 957 1822 si-

187 1847 238 1875 cut
253 1845 368 1884 supra¹
385 1845 597 1874 monstratum
613 1845 672 1881 est;
698 1843 781 1874 unde
801 1844 955 1883 Augusti-

187 1898 267 1928 nus'
281 1897 318 1927 ad
343 1896 544 1927 Valentinum
562 1907 568 1926 :
591 1907 605 1925 (1
628 1895 768 1927 Lavacro
788 1906 955 1936 regenera-

187 1950 282 1981 tionis
303 1950 411 1980 omnia
437 1952 561 1989 peecata
584 1950 751 1981 hominum
782 1952 957 1982 mundatur

186 2005 280 2043 atque
292 2006 456 2034 sanantur.
472 2014 486 2031 n
506 2002 566 2033 Sed
582 2004 780 2043 superfluum
795 2008 840 2035 est
857 2006 957 2037 facere

187 2065 242 2096 per
255 2056 361 2096 plura,
379 2056 463 2096 quod
479 2058 580 2096 potest
594 2056 661 2086 fieri
674 2065 730 2096 per
745 2066 847 2088 unum
859 2069 865 2089 :
877 2067 957 2098 ergo

187 2110 226 2140 ad
244 2109 498 2141 emendationem
514 2118 576 2140 non
596 2112 642 2140 est
665 2111 840 2142 necessaria
854 2112 955 2151 1116111-

187 2163 293 2193 tentia.

459 2231 685 2265 CONCLUSIO.

187 2314 360 2345 Poenz'tentz'a,
375 2315 456 2348 prout
470 2316 507 2340 est
524 2314 622 2344 virtus,
642 2314 671 2340 in
691 2314 795 2341 adultis
813 2317 875 2342 ante
893 2316 957 2351 bap-

221 2359 329 2385 tismum
348 2360 386 2384 esc
402 2359 565 2388 necessaria,
580 2365 633 2385 non
653 2360 740 2385 autem
757 2361 838 2393 prout
855 2362 892 2387 est
915 2368 957 2387 sa-

223 2404 396 2430 crumentum.

228 2483 319 2524 Resp.
337 2482 375 2514 ad
390 2491 460 2522 arg.
478 2482 647 2513 Dicendum
662 2483 747 2522 quod
760 2484 806 2513 est
820 2483 907 2523 loqui
919 2484 958 2516 de

189 2537 374 2578 poenitentia
389 2538 425 2568 ut
438 2538 484 2567 est
497 2536 610 2574 virtUS,
627 2538 659 2566 et
673 2538 710 2567 ut
725 2537 773 2567 est
785 2545 958 2568 sacramen-

223 2619 228 2632 ¹
248 2618 310 2643 nist.
331 2623 367 2649 lx,
382 2625 408 2649 p.
426 2619 444 2647 1,
461 2619 507 2642 art.
526 2619 549 2648 1,
568 2624 593 2648 q.
614 2623 631 2641 1.
646 2630 677 2635 —
697 2617 708 2633 ¹
725 2619 799 2648 Aug..
817 2617 851 2641 ad
864 2618 958 2648 mear„

193 2654 265 2685 epi-t.
284 2658 366 2684 chu,
386 2660 411 2677 n.
434 2655 476 2684 1¹,
497 2653 528 2678 al.
547 2658 660 2683 Lxxxix.
680 2659 704 2677 0.
728 2655 757 2683 3;
775 2653 851 2683 lietu,
871 2654 914 2678 lib.
938 2654 956 2683 Ι,

1724 191 1781 220 647

1015 255 1084 284 tum
1099 264 1105 284 ε
1123 253 1149 283 51
1163 253 1333 293 loquamur
1347 255 1385 285 de
1401 256 1584 295 poenitentia
1604 258 1639 286 ut
1654 257 1701 286 est
1715 257 1780 286 vlr-

1014 308 1066 336 tus
1079 330 1086 343 ,
1114 308 1206 346 quus
1224 308 1311 337 actus
1329 310 1375 338 est
1396 308 1561 345 contritio,
1586 317 1711 339 necesse
1735 312 1782 340 est

1014 359 1097 397 quod
1121 359 1276 398 praecedat
1307 361 1500 400 baptismum
1526 361 1557 391 in
1572 360 1679 391 adulto
1691 385 1699 398 ‚
1726 361 1781 399 qui

1014 411 1108 441 habet
1116 412 1405 452 aetualcpeccatum
1416 422 1423 443 τ
1437 423 1530 444 nemo
1540 414 1624 444 enim
1634 413 1781 444 inchoare

1014 466 1114 503 potest
1129 474 1246 495 novam
1260 466 1359 496 vitam
1371 490 1380 504 ,
1396 467 1457 496 11151
1471 467 1620 506 poeniteat
1634 476 1711 497 eum
1725 476 1780 498 ve-

1013 519 1087 549 teris
1101 519 1186 549 vitae.
1203 519 1235 549 Si
1247 522 1351 550 autem
1365 520 1535 560 loquamur
1550 520 1587 551 de
1600 521 1782 559 poenitentia

1013 574 1047 601 ut
1062 573 1107 601 651
1122 575 1355 602 sacramentum
1369 597 1376 609 ‚
1393 573 1567 603 secundum
1584 573 1668 612 quod
1686 573 1781 604 1101110

1013 625 1190 662 confitetur,
1203 627 1233 655 et
1243 625 1350 665 recipit
1360 625 1600 664 absolutionem,
1616 626 1684 656 dico
1697 626 1782 666 quod

1013 686 1077 707 non
1096 679 1141 707 est
1158 686 1282 708 necesse
1304 678 1498 717 praecedere,
1520 679 1573 709 sed
1587 679 1625 709 de
1639 687 1781 718 congruo

1012 731 1123 769 potest.
1138 729 1185 760 Fit
1196 731 1281 760 enim
1294 731 1444 762 confessio
1457 731 1620 769 sacerdoti,
1637 733 1673 762 ut
1685 731 1781 762 homo

1012 783 1191 817 erubescat,
1211 786 1241 813 61
1255 786 1379 823 peccata
1393 793 1449 815 sua
1468 786 1683 824 recognoscat,
1701 787 1731 815 et
1743 785 1780 815 de

1012 844 1123 866 eorum
1145 837 1330 867 remissione
1354 837 1415 868 Deo
1437 837 1586 875 ingratus
1607 846 1671 868 non
1694 838 1778 868 exis-

1012 890 1055 918 tat
1071 899 1077 919 :
1099 891 1130 919 et
1144 891 1298 928 quantum
1314 889 1353 920 ad
1369 889 1429 920 hoc
1443 899 1624 929 congruum
1638 893 1685 921 est
1695 915 1703 929 ,
1726 891 1779 922 sed

1011 949 1076 970 non
1091 944 1212 980 oportet
1225 953 1232 979 ;
1250 951 1308 972 nec
1322 942 1412 972 debet
1426 943 1514 982 sequi
1530 943 1704 981 absolutio,
1721 953 1780 974 1166

1011 993 1143 1032 ligatio,
1169 995 1243 1033 quia
1259 994 1389 1025 omnino
1410 995 1542 1025 solvitur
1563 996 1595 1025 iu
1610 996 1777 1035 baptismo.

1013 1045 1115 1084 Igitur
1136 1048 1320 1087 poenitentia
1332 1072 1340 1086 ,
1369 1050 1525 1087 quantum
1551 1049 1590 1079 ad
1616 1049 1778 1081 contritio-

1012 1108 1096 1137 nem,
1114 1100 1261 1139 praecedit
1276 1101 1450 1131 necessario
1463 1112 1470 1139 3
1489 1104 1644 1140 quantum
1659 1102 1696 1132 ad
1710 1111 1781 1133 con-

1015 1152 1199 1191 fessionem,
1220 1154 1257 1184 de
1273 1163 1437 1193 congrum
1456 1157 1612 1194 quantum
1627 1155 1665 1186 ad
1686 1156 1777 1186 abso-

1012 1204 1164 1236 1111100601
1188 1209 1218 1236 61
1241 1207 1505 1245 satisfactionem,
1530 1210 1643 1238 neutro
1662 1209 1777 1240 modo:
1805 1208 1831 1222 '⁰‘

1012 1262 1041 1288 et
1056 1259 1132 1298 quia
1146 1263 1380 1290 sacramentum
1402 1260 1595 1300 completum
1614 1264 1660 1292 est
1675 1262 1706 1291 in
1720 1263 1780 1292 ab-

1012 1312 1180 1349 solutione,
1197 1313 1273 1352 quia
1286 1313 1329 1343 ibi
1342 1315 1388 1344 651
1401 1314 1597 1351 1·6111611111111;
1615 1314 1684 1345 ideo
1697 1315 1778 1361 dico,

1012 1366 1095 1404 quod
1126 1366 1328 1405 poenitenfia,
1363 1367 1536 1397 secundum
1566 1367 1649 1406 quod
1675 1376 1781 1399 sacra-

1012 1420 1157 1449 mentum
1177 1421 1224 1450 651
1245 1419 1406 1458 Ecclesiae,
1431 1420 1587 1460 sequitur,
1613 1429 1676 1451 1100
1697 1431 1778 1461 prae-

1012 1472 1103 1502 cedit.

1053 1528 1067 1556 1
1086 1528 1116 1555 et
1130 1528 1159 1556 2.
1176 1525 1223 1556 Ad
1236 1525 1313 1556 illud
1328 1534 1406 1564 ergo
1421 1526 1504 1566 quod
1516 1526 1664 1566 objicitur
1679 1529 1780 1568 primo

1012 1579 1096 1618 quod
1109 1579 1247 1609 lamenta
1261 1579 1453 1618 poenitentiae
1467 1579 1580 1610 debent
1592 1581 1779 1620 praecedere,

1012 1632 1181 1662 dicendum
1196 1632 1280 1671 quod
1301 1632 1382 1662 istud
1397 1632 1632 1663 concedendum
1649 1636 1694 1664 est
1709 1645 1716 1665 ε
1737 1635 1782 1665 51-

1012 1687 1128 1717 militer
1153 1687 1239 1726 quod
1262 1687 1446 1727 exemplum
1470 1687 1604 1718 dabatur
1629 1690 1782 1720 confiten-

1012 1739 1061 1776 di,
1086 1748 1150 1770 non
1174 1739 1250 1779 quia
1274 1737 1508 1778 necessarium,
1533 1740 1587 1771 sed
1612 1741 1687 1781 quia
1706 1751 1779 1773 con-

1014 1802 1145 1831 gruum.

1053 1849 1082 1877 3.
1100 1846 1147 1876 Ad
1163 1846 1241 1876 illud
1256 1846 1340 1885 quod
1354 1846 1515 1885 objicitur,
1533 1847 1619 1887 quod
1634 1848 1782 1887 [1111611160.-

1011 1900 1055 1930 tio
1080 1899 1208 1939 incoepit
1231 1908 1249 1929 a
1275 1899 1481 1938 poenitentia‚
1506 1900 1675 1931 dicendum
1699 1901 1782 1941 quod

1013 1952 1141 1992 incoepit
1163 1961 1182 1982 a
1205 1952 1392 1992 poenitentia
1418 1952 1556 1993 virtute,
1585 1963 1651 1985 non
1676 1963 1780 1986 saera-

1012 2007 1130 2036 mento.

1052 2061 1081 2089 4.
1104 2058 1153 2090 Ad
1167 2058 1246 2090 illud
1260 2058 1346 2099 quod
1360 2058 1520 2099 objicitur,
1536 2060 1620 2100 quod
1635 2061 1723 2101 prior
1737 2064 1783 2092 est

1013 2111 1173 2151 corruptio
1192 2119 1356 2151 personae,
1380 2111 1549 2144 dicendum
1571 2113 1655 2153 quod
1670 2122 1782 2145 verum

1012 2166 1058 2195 est
1072 2164 1105 2194 in
1120 2164 1230 2204 primis
1244 2164 1439 2204 parentibus,
1456 2165 1509 2196 sed
1525 2168 1595 2206 post
1609 2166 1666 2197 fuit
1678 2176 1695 2197 c
1708 2176 1781 2198 con-

1012 2226 1125 2248 verso:
1151 2219 1181 2248 et
1202 2217 1278 2257 quia
1300 2220 1497 2249 sacramenta
1518 2221 1710 2250 concurrunt
1731 2229 1778 2250 56-

1013 2270 1151 2301 eundum
1177 2279 1305 2301 cursum
1332 2271 1524 2302 necessitatis
1548 2275 1684 2310 nostrae,
1711 2273 1780 2304 ideo

1013 2326 1097 2363 patet
1111 2323 1195 2363 quod
1210 2323 1298 2363 prius
1312 2323 1419 2354 debuit
1433 2333 1501 2355 esse
1517 2325 1703 2364 baptismus

1053 2379 1081 2407 5.
1104 2377 1151 2407 Ad
1166 2376 1244 2407 illud
1261 2377 1345 2416 quod
1364 2377 1520 2416 objicitur,
1546 2379 1629 2418 quod
1643 2379 1780 2418 amplius

1012 2430 1189 2460 remedium
1201 2429 1318 2460 habere
1333 2430 1435 2467 debet,
1453 2430 1621 2462 dicendum
1633 2431 1717 2471 quod
1730 2440 1781 2463 ve-

1013 2493 1085 2515 rum
1096 2486 1154 2522 est,
1168 2484 1283 2515 56111661
1293 2484 1512 2515 contritionem
1525 2496 1533 2523 ;
1549 2485 1602 2516 sed
1614 2494 1680 2516 11011
1690 2494 1780 2526 opor-

1012 2555 1034 2572 c.
1050 2553 1095 2577 vn,
1111 2554 1136 2570 0.
1152 2548 1178 2576 ὅς
1207 2553 1269 2570 erm.
1281 2546 1310 2569 <le
1323 2545 1387 2570 verb.
1401 2547 1497 2576 Aliost„
1509 2552 1537 2577 11,
1551 2554 1573 2571 6.
1591 2553 1626 2577 vr,
1643 2548 1675 2571 al.
1693 2554 1781 2577 cxxxi,

1014 2590 1039 2607 n.
1057 2584 1086 2613 6;
1102 2582 1172 2606 Cont.
1187 2581 1249 2605 (luas
1263 2582 1334 2612 epist.
1350 2581 1487 2612 Peluyian„
1504 2582 1548 2605 lib.
1562 2583 1602 2611 111,
1615 2590 1636 2607 c.
1652 2589 1691 2614 111,
1709 2590 1734 2608 11.
1754 2585 1782 2614 53

1017 2617 1154 2648 Encln'rid.,
1168 2624 1190 2640 6.
1204 2622 1273 2646 wa,
1286 2623 1311 2639 n.
1324 2618 1360 2640 Π.
1377 2617 1500 2641 caeterum
1513 2617 1573 2641 nibil
1587 2618 1647 2643 satis
1659 2618 1781 2650 liquidum

1015 2653 1099 2684 reperi
1113 2652 1160 2676 hac
1175 2652 1206 2676 de
1221 2659 1248 2676 re
1263 2651 1288 2676 in
1303 2651 1375 2682 epist.
1392 2652 1423 2676 ud
1440 2651 1609 2678 Valentinum.

1804 1171 1901 1198 Explica·
