2017 2948
756 149 944 180 DISTINCT.
968 148 1045 180 XVI.
1070 148 1171 179 PARS
1194 148 1216 177 l.

192 216 240 247 est
252 215 402 255 quaestio,
419 217 528 246 utrum
542 215 658 254 aliquis
672 216 825 246 contritus
840 216 874 246 in
887 224 961 246 casu

192 268 298 308 aliquo
314 268 411 307 possit
424 268 570 298 accedere
585 268 624 299 ad
638 269 909 299 communionem.

233 321 325 360 Resp.
350 321 523 352 Dicendum
547 322 631 361 quod
656 324 731 352 tunc
753 321 868 360 aliquis
892 330 962 351 con-

193 374 286 405 fortat
300 383 332 404 se
346 374 428 404 bona
443 374 650 410 conscientia,
666 374 744 404 dum
760 374 963 413 probabiliter

194 427 325 467 percipit
340 427 465 466 culpam
480 427 539 457 sibi
552 436 619 458 esse
632 427 795 457 dimissam
812 438 819 457 z
837 427 896 457 hoc
909 436 963 457 au-

194 481 258 509 tem
273 479 424 519 percipit,
441 479 569 519 quando
583 480 655 510 facit
669 479 754 519 quod
769 479 802 508 in
818 488 850 509 se
866 481 912 509 est
926 478 964 509 ad

195 532 400 563 obtinendam
421 532 560 563 veniam.
576 532 665 563 Tunc
686 534 793 562 autem
812 531 903 571 plene
919 532 963 562 fa-

195 585 236 616 cit
259 585 343 625 quod
366 585 398 615 in
419 595 452 616 se
473 588 519 615 est
541 587 613 616 ante
635 585 914 622 communionem,
940 585 964 614 si

195 638 291 669 habet
306 638 478 669 sacerdotis
493 639 614 678 copiam
630 649 636 670 :
654 640 730 668 tunc
742 638 838 675 enim,
855 638 880 667 si
895 646 968 668 con-

196 692 303 723 fitetur
317 692 458 723 exterius
471 715 479 728 ‚
496 692 687 722 conscicntIa
701 692 832 722 interior
847 691 968 721 consor-

196 749 293 784 tatur,
310 749 341 777 et
355 747 434 777 bene
449 749 549 786 potest
562 747 719 778 accedere.
736 746 768 776 Si
783 748 892 776 autem
910 745 968 776 ha-

197 800 249 830 bet
263 800 385 839 copiam
396 823 406 837 ,
430 802 461 830 et
478 809 542 830 non
557 800 734 838 confitetur,
759 799 840 829 male
855 799 925 829 facit
943 798 968 828 si

198 853 326 883 accedit.
352 853 385 883 Si
405 862 480 883 vero
495 862 560 883 non
575 853 670 883 habet
683 852 821 892 copiam,
843 854 896 882 aut
911 852 968 882 ha-

197 906 251 936 het
278 906 495 936 necessitatem
525 905 728 943 conficiendi,
762 908 797 936 ut
826 905 970 935 sacerdos

198 958 387 999 parochialis
400 983 407 995 ,
423 961 454 989 et
469 962 545 989 tunc
557 961 658 998 potest
673 959 819 990 accedere
834 968 908 989 cum
920 958 972 989 do-

198 1012 264 1043 lore
278 1014 307 1043 et
324 1013 482 1052 proposito
505 1012 696 1049 confitendi;
721 1015 856 1042 autnon
877 1012 973 1042 habet

199 1066 415 1097 necessilatem
426 1090 435 1104 7
453 1068 484 1096 et
503 1066 547 1095 sic
561 1065 649 1096 nullo
665 1065 759 1095 modo
773 1065 865 1095 debet
882 1074 972 1095 acce-

199 1118 273 1149 dere
295 1121 368 1149 ante
391 1119 619 1149 consessionem
632 1141 641 1155 ‚
667 1117 741 1157 quia
763 1117 818 1157 qui
840 1117 899 1148 fuit
919 1127 973 1157 per

200 1171 333 1202 mortale
347 1174 512 1211 peccatum
534 1171 849 1208 excommunicatus,
867 1171 905 1201 ad
922 1180 972 1201 sa-

200 1227 400 1256 cramentum
419 1226 549 1256 unitatis
566 1225 711 1256 Ecclesiae
729 1234 794 1255 nou
809 1225 901 1255 debet
922 1234 973 1255 ac-

201 1278 330 1316 cedere,
357 1278 419 1308 nisi
444 1278 533 1318 prius
557 1278 780 1308 reconciliatus
807 1277 971 1315 Ε”οΙειείῑιΞἼ

202 1332 263 1362 nisi
276 1332 352 1362 alias
365 1334 500 1371 cogatur
515 1341 522 1362 :
536 1334 566 1362 et
579 1334 656 1362 tunc
670 1331 799 1363 evidens
814 1331 975 1362 excusatio

203 1384 348 1415 habetur.

510 1447 566 1468 DUB
571 1461 577 1468 .
601 1447 658 1468 XIII
663 1461 669 1468 .

306 1519 427 1543 Cohibeat
442 1520 518 1543 etiam
534 1526 559 1543 se
572 1526 586 1542 a
599 1519 674 1549 lu-lis,
688 1526 702 1543 a
716 1519 874 1549 spectaculis.

246 1598 406 1634 Quaeritur
415 1607 513 1638 quare
524 1600 676 1629 notantur
685 1598 745 1628 ista
754 1598 828 1635 duo,
839 1599 869 1627 et
879 1605 978 1636 quare

206 1650 280 1680 dicit
303 1650 408 1690 ipsum
431 1651 544 1681 debere
568 1660 600 1681 se
624 1650 783 1681 cohibere.
808 1651 871 1680 Aut
893 1649 977 1680 enim

206 1705 282 1734 sunt
297 1703 390 1741 mala,
408 1705 464 1734 aut
476 1703 560 1734 bona
575 1706 605 1734 et
618 1703 705 1734 licita
719 1713 726 1733 :
744 1703 770 1733 si
785 1703 867 1733 mala
878 1727 885 1741 ,
903 1705 979 1733 tunc

209 1765 287 1796 ergo
312 1766 422 1788 omnes
446 1757 560 1787 dehent
591 1766 624 1787 se
654 1756 820 1794 cohihere;
851 1756 877 1785 si
903 1765 979 1786 vero

207 1809 289 1840 bona
310 1812 341 1840 et
358 1809 463 1847 licita,
487 1819 565 1848 ergo
589 1809 696 1840 nullus
720 1809 812 1839 debet
834 1818 866 1839 se
891 1808 978 1839 cohi-

207 1862 293 1893 bere.
845 1890 849 1894 .

249 1915 342 1956 Resp.
373 1915 548 1946 Dicendum
571 1915 676 1955 quod,
702 1915 784 1946 sicut
810 1915 923 1945 dicitur
947 1915 980 1945 ln

210 1968 335 1999 Glossa¹
353 1978 360 1999 :
384 1980 398 1997 ιι
411 1968 519 1999 Ludus
539 1971 586 1999 est
613 1968 811 2007 gesticulatio
830 1968 979 1998 libidino-

210 2031 265 2060 sa,
282 2034 296 2050 »
325 2022 502 2062 cujusmodi
531 2024 578 2052 est
599 2021 634 2052 in
656 2022 790 2052 choreis.
820 2033 834 2051 (t
853 2022 981 2062 Specta-

211 2075 281 2106 cula
296 2078 388 2114 sunt,
412 2075 493 2106 sicut
508 2075 581 2106 dicit
595 2075 797 2114 Augustinus
807 2076 828 2114 ¹,
844 2075 979 2113 cithara,

211 2131 242 2160 et
258 2129 395 2166 venatio,
411 2131 441 2159 et
455 2128 651 2168 hujusmodi.
668 2139 681 2156 n
697 2128 770 2159 Dico
785 2128 884 2167 igitur
896 2129 981 2168 quod

212 2182 307 2213 ludus
326 2182 515 2212 chorearum
534 2191 600 2212 non
619 2184 667 2212 est
687 2182 790 2212 malus
810 2182 980 2212 secundum

213 2245 257 2273 se,
276 2236 354 2266 sicut
369 2238 453 2275 patet
468 2235 505 2266 de
521 2243 631 2266 sorore
646 2235 745 2275 Moysi
758 2238 787 2273 8;
805 2236 856 2265 sed
873 2236 905 2265 fit
920 2245 984 2266 ma-

214 2289 264 2320 lus
286 2289 454 2328 quadrupli
477 2289 514 2319 «le
537 2299 653 2319 causa:
680 2291 808 2328 propter
831 2289 959 2319 modum
970 2313 981 2328 ,

215 2342 342 2383 quando
357 2345 404 2372 est
419 2342 531 2372 modus
545 2342 681 2372 lascivus
692 2351 701 2381 3
720 2343 849 2381 propter
864 2342 959 2372 finem
973 2367 979 2379 ,

216 2395 342 2435 quando
356 2395 392 2424 fit
404 2395 440 2424 ad
455 2395 681 2434 procreandam
695 2394 877 2432 lihiflinem3
895 2404 984 2434 prop-

217 2450 264 2479 ter
288 2451 447 2488 tempora,
473 2450 508 2478 ut
532 2448 558 2478 si
582 2448 637 2478 fiat
662 2450 803 2487 tempore
826 2448 982 2487 tristitiffl3

217 2503 345 2541 propter
360 2509 526 2540 personam
536 2525 545 2539 ,
569 2502 605 2532 ut
620 2500 644 2531 si
662 2501 716 2531 fiat
731 2510 749 2531 a
763 2509 897 2539 persona
911 2502 984 2532 reli-

219 2554 331 2593 giosa:
354 2554 404 2585 his
424 2554 572 2592 remotis,
597 2555 698 2593 potest
722 2553 802 2584 fieri.
828 2553 985 2591 Quoniam

253 2618 262 2634 ¹
279 2618 362 2642 Gloss.
381 2617 408 2641 in
428 2618 434 2641 Ι
459 2617 527 2647 Cor„
545 2623 570 2640 x.
587 2628 619 2635 —
636 2617 647 2632 ⁸
669 2618 743 2646 Aug„
763 2616 852 2640 Eum-r.
873 2617 899 2640 in
920 2617 985 2642 Psal.

1723 154 1779 183 627

1014 215 1116 254 igitur
1132 214 1287 254 poenitens
1305 223 1438 253 persona
1451 216 1498 245 est
1512 215 1562 246 cui
1576 224 1642 247 non
1654 225 1780 258 compe-

1015 269 1071 307 tit,
1093 271 1123 299 et
1145 267 1285 307 quandiu
1313 276 1386 298 vere
1413 267 1559 307 poenitet,
1579 272 1624 300 est
1643 270 1678 300 in
1699 273 1781 302 tem-

1017 331 1092 361 pore
1108 321 1240 352 tristitiae
1255 331 1262 358 3
1280 320 1350 351 ideo
1365 321 1392 350 ei
1408 330 1470 351 non
1484 323 1642 362 competit.
1664 323 1782 355 Simili-

1017 376 1065 404 ter
1075 373 1282 413 judicandum
1297 375 1342 403 est
1356 373 1394 403 de
1408 374 1591 412 spectaculis
1605 385 1612 405 ε
1635 375 1685 406 his
1699 377 1785 407 enim

1018 429 1155 467 quatuor
1166 427 1204 458 de
1215 427 1318 457 causis
1329 428 1458 466 possunt
1470 426 1550 457 male
1562 428 1642 466 fieri,
1652 430 1683 460 et
1689 430 1785 466 fiunt;

1019 479 1070 510 his
1085 480 1222 510 exclusis
1232 504 1239 517 ,
1255 480 1337 510 bene
1348 481 1481 519 possunt
1494 480 1572 510 lieri.

1328 582 1384 603 DUB
1389 596 1395 603 .
1418 581 1485 604 XIV.

1022 647 1077 669 Non
1099 651 1188 669 omnes
1211 645 1280 676 digni
1299 645 1487 685 sructus4sunt
1506 645 1575 677 digni
1596 646 1692 671 fructus
1710 647 1793 678 poeni-

1360 683 1454 705 tenuae.

1062 746 1193 778 Videtur
1211 747 1293 777 male
1308 747 1409 778 dicere
1420 772 1428 786 ,
1450 748 1525 787 quia
1542 757 1638 788 opera
1651 757 1725 788 quae
1744 748 1791 780 fa-

1024 800 1066 830 cit
1089 801 1246 839 poenitens
1270 810 1310 830 ex
1332 801 1450 831 virtute
1477 801 1689 840 poenitentiae,
1720 804 1794 832 sunt

1024 853 1143 884 fructus
1169 854 1296 884 virtutis
1308 877 1316 892 ,
1343 856 1374 884 et
1395 863 1459 884 non
1485 854 1545 883 nisi
1572 854 1767 893 poenitentiae
1784 866 1791 885 :

1025 914 1104 944 ergo
1115 929 1122 943 ,
1147 908 1206 935 etc.
1223 906 1379 937 Praeterea
1391 930 1400 943 ‚
1426 906 1505 936 sicut
1520 906 1621 936 virtus
1636 908 1794 946 poeniten-

1024 958 1078 987 tiae
1093 960 1139 988 est
1153 958 1235 988 circa
1250 958 1369 988 honum
1387 960 1417 988 et
1430 958 1553 989 difficile
1567 983 1574 996 ,
1592 959 1636 989 ita
1650 960 1719 990 aliae
1734 960 1797 991 vir-

1027 1012 1109 1040 tutes
1125 1021 1131 1041 :
1149 1019 1243 1049 ergo,
1263 1013 1322 1041 etc.
1340 1010 1416 1041 Item
1429 1035 1436 1047 ,
1454 1020 1527 1041 cum
1542 1012 1662 1042 fructus
1676 1013 1798 1044 dicatur

1027 1073 1047 1093 a
1062 1063 1196 1094 fruendo
1207 1087 1216 1101 ‚
1232 1064 1392 1103 quomodo
1406 1073 1501 1104 opera
1516 1065 1709 1104 poenitentiae
1724 1076 1797 1107 pos-

1028 1119 1101 1147 sunt
1115 1117 1175 1147 dici
1190 1117 1310 1147 fructus
1321 1118 1335 1147 ‘2

1069 1169 1161 1209 Resp.
1185 1170 1355 1201 Dicendum
1379 1171 1465 1210 quod
1487 1180 1583 1211 opera
1604 1173 1797 1211 poenitentiae

1029 1223 1179 1254 dicuntur
1192 1224 1330 1262 fructlcS,
1348 1233 1412 1254 non
1425 1225 1501 1264 quia
1515 1225 1559 1255 eis
1573 1226 1728 1265 fruamur,
1746 1227 1799 1258 sed

1030 1277 1106 1316 quia
1120 1277 1159 1307 ad
1174 1278 1357 1308 fruitionem
1372 1278 1509 1316 ducunt;
1532 1279 1583 1309 vel
1597 1280 1723 1317 fructus
1738 1289 1801 1311 me-

1030 1330 1192 1370 taphorice
1207 1342 1212 1361 :
1231 1331 1312 1361 sicut
1326 1340 1365 1362 ex
1378 1331 1489 1361 arbore
1504 1332 1643 1362 nascitur
1656 1341 1797 1372 pomum,

1032 1384 1114 1423 quod
1134 1384 1248 1414 dicitur
1267 1384 1388 1414 fructus
1407 1384 1549 1422 arboris,
1570 1385 1614 1416 ita
1632 1395 1671 1416 ex
1692 1386 1802 1417 volun-

1032 1440 1095 1468 tate
1111 1437 1290 1477 poenitentis
1306 1438 1428 1468 bonum
1449 1447 1539 1477 opus.
1555 1438 1594 1469 Et
1608 1441 1700 1478 nota,
1717 1441 1802 1480 quod

1033 1491 1137 1522 differt
1163 1491 1264 1522 dicere
1290 1491 1404 1523 bonum
1430 1492 1585 1530 fructum,
1613 1494 1644 1522 et
1668 1492 1803 1533 diqnum

1035 1546 1172 1584 fructum
1194 1546 1399 1584 poen'ttencice.
1428 1545 1534 1576 Bonus
1558 1547 1678 1577 fructus
1704 1549 1804 1586 potest

1034 1599 1094 1630 dici
1110 1607 1204 1629 omne
1220 1607 1300 1638 opus
1314 1598 1446 1636 bonum;
1463 1598 1582 1638 dignus
1596 1599 1717 1631 fructus
1731 1600 1804 1640 plus

1035 1652 1125 1690 dicit,
1143 1652 1260 1682 scilicet
1274 1651 1394 1682 bonum
1410 1660 1490 1691 opus
1501 1676 1509 1689 ,
1526 1661 1600 1682 cum
1617 1653 1805 1683 convenien-

1035 1704 1079 1734 tia
1093 1705 1132 1735 ad
1146 1707 1263 1735 statum
1278 1715 1284 1734 ε
1306 1704 1426 1734 bonum
1442 1704 1527 1735 enim
1542 1707 1587 1735 est
1601 1714 1681 1744 opus
1692 1730 1700 1743 ‚
1717 1708 1748 1736 et
1762 1706 1806 1736 ita

1035 1758 1227 1797 perfectum,
1249 1757 1276 1787 si
1296 1759 1454 1797 competat
1473 1757 1579 1788 statui.
1604 1758 1664 1789 Sed
1686 1758 1806 1797 dignus

1035 1811 1154 1841 fructus
1170 1811 1362 1850 poenitentiae
1375 1819 1439 1841 non
1451 1810 1526 1841 dicit
1540 1810 1740 1842 solummodo
1754 1811 1807 1843 bo—

1037 1873 1115 1895 num
1131 1873 1226 1903 opuS,
1243 1866 1337 1903 prout
1349 1864 1498 1904 competit
1512 1864 1626 1902 statui;
1643 1865 1697 1896 sed
1710 1865 1806 1896 etiam

1040 1920 1073 1949 ut
1092 1917 1240 1957 competit
1260 1917 1373 1948 merito
1395 1918 1534 1957 peccati:
1562 1918 1638 1958 quia
1657 1918 1714 1958 qui
1734 1918 1806 1958 plus

1036 1970 1195 2011 peccavit,
1213 1970 1369 2010 ampliora
1384 1970 1475 2002 debet
1488 1971 1564 2011 pati,
1580 1973 1616 2002 ut
1633 1970 1806 2011 Gregorius

1037 2024 1226 2055 determinat
1241 2024 1274 2054 in
1288 2023 1430 2055 homilia.

1348 2110 1417 2131 DUB.
1442 2110 1498 2131 XV.

1040 2163 1149 2193 Ideoque
1159 2163 1241 2193 miles,
1253 2163 1294 2186 vel
1305 2163 1457 2194 negotiator,
1468 2163 1508 2186 vel
1518 2162 1592 2187 alicui
1603 2163 1687 2188 officio
1700 2163 1807 2194 dedituS,

1070 2199 1137 2229 quod
1162 2199 1215 2222 sinc
1236 2200 1342 2228 peccato
1367 2199 1480 2222 exerceri
1501 2206 1553 2222 non
1575 2201 1671 2230 potest,
1691 2200 1711 2223 si
1730 2200 1809 2231 culpis

1070 2235 1227 2263 {gravioribus
1240 2235 1350 2258 irretitus
1364 2235 1396 2258 ad
1409 2235 1584 2265 poenitentiam
1601 2235 1706 2259 venerit.

1080 2293 1216 2321 Contra:
1243 2292 1275 2322 Si
1294 2292 1354 2323 hoc
1375 2302 1489 2323 verum
1513 2295 1575 2330 est,
1599 2301 1677 2332 ergo
1703 2292 1810 2323 nullus

1041 2345 1221 2383 negotiator
1240 2345 1291 2375 vel
1312 2345 1401 2375 miles
1427 2344 1569 2376 salvatur
1591 2356 1597 2375 :
1628 2347 1659 2375 et
1682 2345 1742 2376 hoc
1763 2347 1810 2376 est

1041 2398 1150 2427 contra
1187 2405 1309 2426 sacram
1341 2396 1564 2435 Scripturam3
1595 2405 1670 2426 nam
1700 2396 1810 2427 beatus

1041 2447 1176 2478 Joannes
1186 2447 1331 2477 inilitIam
1342 2456 1405 2477 non
1415 2447 1607 2486 reprobavit,
1617 2447 1671 2478 sed
1682 2446 1763 2478 dixit
1778 2447 1788 2463 ⁴
1802 2459 1808 2476 :

1044 2501 1188 2533 Contenti
1202 2504 1296 2533 estote
1319 2500 1512 2540 stipendiis,
1527 2502 1586 2531 ete.
1604 2500 1683 2532 Item
1705 2501 1744 2533 de
1759 2510 1812 2533 ne·
1863 2531 1868 2536 .

1042 2586 1128 2606 cxmx.
1148 2581 1205 2605 Vid.
1223 2581 1313 2611 etiam,
1328 2580 1371 2604 lib.
1387 2580 1417 2603 de
1432 2587 1481 2604 ver.
1495 2582 1519 2604 e!
1533 2581 1593 2611 fuls.
1612 2581 1712 2610 Poem't..
1728 2589 1750 2605 c.
1769 2587 1811 2612 xv,

1045 2624 1068 2641 n.
1087 2618 1126 2641 3¹.
1137 2630 1163 2634 -
1180 2617 1191 2634 ⁸
1205 2617 1295 2646 Ezod„
1310 2622 1351 2646 xv,
1368 2617 1407 2640 20.
1419 2629 1449 2634 —
1463 2616 1473 2632 ⁴
1488 2617 1556 2647 Luc„
1570 2622 1611 2647 ιιι,
1628 2619 1666 2641 16.
