2017 2948
207 129 266 160 170

207 194 314 224 vimus
330 194 391 224 Deo
409 205 416 224 ι
438 194 507 224 ideo
522 194 613 234 plura
634 196 708 224 sunt
725 201 798 233 (111ae
819 193 974 223 debentur

207 249 237 276 ct
252 247 428 277 redduntur
444 247 516 281 Deo,
535 256 630 287 quam
648 247 793 286 proximo
813 257 819 276 :
837 246 911 285 quia
927 248 973 274 ta-

206 308 280 330 men
299 300 338 330 ad
354 300 453 331 Deum
474 300 660 331 ordinamur
684 299 859 329 seu-undum
875 298 973 328 vitam

206 353 494 393 contemplativam,
524 353 562 383 ad
588 353 770 392 proximum
798 351 972 381 secundum

206 405 303 436 vitam
314 406 460 443 activam,
473 406 546 436 etin
561 406 623 436 vita
634 405 876 444 contemplativa
889 413 974 443 quae-

208 458 290 489 ritur
307 459 428 497 unitas,
445 460 477 489 in
499 460 602 489 activa
619 468 693 489 vero
708 460 852 488 versatur
864 457 971 487 multi-

206 514 278 554 plex
302 523 407 545 rernm
428 515 587 545 varietas:
611 514 684 543 hinc
713 516 759 543 cst
776 513 860 552 quod
881 513 973 552 plura

205 568 279 596 sunt
294 567 452 604 mandata,
468 576 539 606 quae
559 566 673 596 directe
685 565 826 603 obligant
841 565 879 595 ad
900 573 973 604 pro-

205 619 341 656 ximum,
352 629 447 659 quam
459 629 531 659 quse
539 619 653 649 directe
659 619 804 657 obligant
814 618 852 648 ad
862 618 969 648 Deum.

205 671 284 702 Hinc
299 675 345 702 est
357 673 451 702 ctiam
466 673 550 711 quod
564 672 655 712 plura
668 674 741 702 sunt
757 674 881 711 peccata
899 671 970 711 qui-

204 724 264 754 bus
292 725 406 755 directe
435 727 580 765 peccatur
601 725 633 754 in
656 725 849 764 proximum,
875 734 972 764 quam

203 777 319 816 quibus
334 779 449 810 directe
462 780 608 818 peccatur
623 779 654 808 in
672 778 780 808 Deum.

249 834 278 862 ϋ.
295 831 341 861 Ad
356 832 433 862 illud
449 832 533 871 quod
543 832 701 870 obficitur,
716 831 797 871 quod
814 833 860 861 tot
871 832 972 861 modis

203 886 361 922 contingit
375 885 465 915 alicui
481 885 560 915 bene
576 886 686 922 facero,
700 887 775 924 quot
792 885 887 915 etiam
903 894 970 915 mo-

203 940 250 970 dis
274 939 429 977 contingit
457 939 552 977 male,
578 939 747 969 dicendum
771 938 866 977 quod,
899 938 973 977 quia

203 992 363 1032 corruptio
373 992 635 1031 concupiscentiae
651 992 682 1021 in
699 992 799 1027 nobis,
817 994 971 1030 quantum

203 1048 248 1075 est
263 1046 299 1075 de
317 1054 360 1082 se,
384 1045 422 1074 ad
448 1045 568 1074 malum
593 1045 740 1081 inclinat3
765 1044 833 1074 ideo
862 1053 973 1074 sumus

203 1098 344 1127 dil'ticiles
360 1098 399 1127 ad
420 1098 538 1127 bonum
560 1098 757 1134 faciendum,
781 1097 855 1136 qnia
882 1097 972 1135 proni

202 1161 313 1182 sumus
335 1152 372 1182 ad
400 1152 519 1182 malum
545 1152 802 1191 perpetrandum.
826 1152 904 1182 Hinc
927 1154 974 1181 est

202 1205 286 1245 quod
316 1205 407 1244 plura
433 1207 507 1235 sunt
534 1207 689 1244 praecepta
713 1205 862 1243 negativa
887 1204 970 1234 ordi-

202 1258 309 1288 nantia
341 1258 379 1288 ad
408 1258 591 1297 proximum
603 1282 610 1295 ‚
637 1267 733 1297 quam
765 1258 970 1294 affirmativa3

203 1311 294 1350 plura
307 1313 390 1346 sunt,
406 1311 438 1340 in
454 1311 571 1350 quihus
588 1311 772 1350 prohibetur
786 1320 825 1340 ne
838 1311 891 1340 [iat
904 1319 974 1340 ma-

201 1363 281 1401 lum,
293 1373 391 1403 quam
403 1364 434 1393 in
450 1364 565 1402 quibus
577 1365 759 1403 praecipitur
774 1365 827 1394 fiat
838 1364 969 1393 bonum.

243 1420 271 1447 7.
289 1417 335 1447 Ad
353 1417 429 1446 illud
445 1417 530 1456 quod
546 1417 703 1455 oincitur,
723 1417 806 1456 quod
820 1417 863 1446 ita
882 1416 974 1446 debet

203 1470 363 1510 prohiberi
380 1471 526 1510 superbia
541 1473 570 1500 et
592 1471 723 1508 invidia,
741 1471 822 1500 sicut
840 1470 974 1500 avaritia

203 1524 383 1561 etluxuria⁷
407 1523 574 1553 dicendum
597 1524 680 1562 quod
706 1524 758 1553 illa
780 1524 843 1553 duo
869 1523 971 1561 magis

202 1577 320 1607 habent
334 1577 493 1616 prohiberi
510 1577 665 1616 explicite⁷
683 1578 757 1616 quia
773 1579 899 1616 propter
915 1576 973 1605 im·

203 1630 389 1669 probitatem
415 1630 553 1659 libidinis
571 1630 662 1660 citius
676 1630 926 1669 progrediuntur
940 1629 973 1658 in

202 1684 308 1712 aetum
322 1682 486 1712 exterioris
501 1683 604 1721 operis
621 1694 626 1713 :
641 1683 850 1713 nihilominus
866 1685 973 1712 tamen

203 1737 232 1765 ct
247 1735 309 1764 alin
326 1737 450 1774 peccata
466 1735 610 1774 capitalia
633 1736 666 1765 in
692 1736 847 1765 mandatis
874 1735 972 1765 Deca-

202 1788 267 1826 logi
283 1788 401 1818 habeut
415 1788 585 1827 prohiberi.
604 1787 684 1818 Nam
702 1788 851 1827 superbia
867 1788 973 1827 prohi-

202 1841 294 1870 betur
305 1841 336 1870 iu
346 1830 528 1871 adoratione
545 1841 608 1877 Dei,
622 1843 652 1871 et
668 1841 699 1870 in
713 1841 973 1870 honorificatione

203 1893 357 1932 proximi3
374 1893 494 1923 invidia
508 1903 584 1923 vero
601 1898 631 1924 et
644 1894 704 1930 ira,
725 1894 757 1923 iu
771 1894 847 1931 suga
868 1893 971 1922 homi-

203 1946 275 1976 cidii
287 1957 293 1983 ;
306 1946 434 1984 accidia,
447 1947 480 1976 in
493 1947 737 1977 sanctificatione
746 1947 866 1977 sabbati
877 1956 884 1984 ;
901 1956 974 1976 ava-

204 1998 275 2028 ritia
290 2008 377 2036 vero,
393 1999 425 2029 in
442 2000 653 2038 prohibitione
672 2000 767 2037 furti;
788 2000 918 2029 luxuria
944 2002 973 2029 et

204 2051 281 2090 gula
297 2051 354 2080 sibi
365 2053 533 2091 conjuncta
544 2052 577 2082 in
594 2053 803 2091 prohibitione
815 2053 971 2090 moechiae,

203 2105 255 2134 vel
281 2105 376 2134 etiam
397 2105 558 2142 adulterii,
583 2106 638 2135 ubi
666 2106 852 2144 prohibetur
867 2106 973 2136 omnis

204 2160 330 2190 illicitus
359 2160 460 2190 coitus
477 2184 484 2197 ‚
514 2163 544 2190 et
572 2161 779 2191 immoderata
810 2161 972 2192 delectatio

204 2214 348 2244 carnalis.
361 2213 400 2244 Et
413 2214 437 2243 si
453 2214 630 2253 objiciatur,
642 2215 727 2254 quod
738 2215 781 2245 ita
795 2215 886 2245 debet
903 2224 973 2255 pro-

204 2265 306 2296 hiberi
322 2266 355 2296 in
370 2266 495 2305 speciali
521 2267 669 2306 superbia
686 2267 774 2303 vitae,
796 2268 876 2298 sicut
896 2277 973 2298 con-

204 2319 395 2359 cupiscentia
417 2321 519 2349 carnis
543 2321 573 2349 et
598 2320 778 2356 oculorum;
802 2321 971 2351 dicendum

205 2372 289 2411 quod
311 2381 374 2402 non
397 2374 443 2402 est
467 2372 579 2409 simile,
605 2373 775 2411 quoniam,
801 2373 881 2403 sicut
901 2375 971 2413 jam

204 2427 299 2464 patet,
324 2434 388 2455 non
409 2425 452 2455 ita
467 2425 559 2455 radix
578 2425 630 2455 illa
654 2428 699 2455 est
721 2427 925 2464 progressiva
939 2427 971 2457 in

205 2479 310 2507 actum
325 2478 526 2515 exteriorem,
539 2477 712 2508 secundum
729 2478 813 2516 quod
828 2479 909 2509 aliae.

239 2555 383 2586 ¹Damasc.,
393 2556 421 2579 cle
431 2556 723 2585 F1·‹l.o1·tl1od.,1ib.11.c.
737 2558 970 2588 xv1.--²('f.Alex.

209 2590 315 2620 Mensis,
329 2598 353 2621 p.
375 2593 416 2621 ΙΙΙ,
432 2599 456 2622 q.
474 2597 544 2621 xxm,
560 2592 655 2616 memb.
673 2594 696 2622 2,
719 2594 764 2616 art.
782 2594 793 2616 4
807 2600 814 2622 3
829 2595 856 2617 S.
871 2594 970 2623 'l‘b0m.‚

748 123 1058 156 SENTEN‘HARUM
1081 122 1153 154 LlB.
1177 122 1229 153 Ill.

1072 192 1102 220 8.
1126 189 1174 220 Ad
1194 189 1270 220 illud
1287 189 1373 229 quod
1388 188 1548 228 objicitur,
1569 188 1653 228 quod
1668 188 1712 219 ita
1727 198 1802 220 con-

1030 243 1127 282 tingit
1138 242 1343 273 homicidium
1355 243 1534 281 perpetrare
1545 241 1637 271 corde
1650 243 1680 271 et
1690 250 1800 281 opere,

1030 296 1110 326 sieut
1125 295 1316 325 adulterium
1331 297 1361 325 et
1375 296 1508 330 turtum,
1524 293 1694 324 dicendum
1716 295 1800 334 quod

1030 360 1095 381 non
1112 352 1157 380 est
1179 350 1281 380 simile
1299 349 1418 389 duplici
1439 358 1479 379 ex
1500 357 1596 379 causa
1612 358 1620 379 z
1637 351 1706 379 tum
1727 349 1802 388 quia

1030 403 1194 434 irascibilis
1210 412 1273 433 non
1292 405 1337 433 est
1352 403 1430 433 adeo
1454 404 1614 441 corrupta,
1631 402 1713 432 sicut
1727 411 1801 432 con-

1029 460 1231 500 cupiscibilis,
1249 470 1322 500 qua}
1343 463 1471 500 propter
1492 468 1583 490 suam
1608 459 1800 490 immodera-

1029 516 1093 544 tam
1114 514 1349 553 corruptionem
1369 513 1482 543 dicitur
1504 515 1670 553 corrupta,
1696 515 1728 543 ct
1749 513 1800 543 in-

1029 568 1118 605 fecta,
1135 570 1165 597 et
1180 567 1285 605 magis
1296 567 1333 597 ad
1347 567 1468 597 malum
1483 575 1599 606 prona3
1618 569 1686 597 tum
1701 566 1799 597 etiam

1029 622 1104 660 quia
1119 621 1165 651 ira
1179 624 1286 650 ortum
1302 620 1396 650 habet
1410 629 1449 650 ex
1470 619 1734 659 concupiscentia,
1749 627 1797 650 se-

1029 674 1170 704 cundum
1187 673 1273 712 quod
1294 673 1367 703 dicit
1389 672 1599 702 Damascenus
1613 675 1635 708 ¹,
1652 671 1738 711 quod
1754 671 1800 701 ira

1029 727 1075 754 est
1103 724 1224 755 vindex
1250 724 1332 754 laesae
1353 722 1628 762 concupiscentiae.
1653 722 1689 753 Et
1718 722 1800 760 ideo,

1031 786 1105 808 cum
1125 777 1311 817 prohibetur
1329 776 1592 815 concupiscentia,
1610 775 1643 805 in
1658 785 1716 806 sua
1735 776 1800 806 ori-

1029 832 1105 869 gine
1130 830 1364 871 quodammodo
1387 829 1572 869 prohibetur
1604 830 1635 859 et
1658 828 1707 859 ira
1732 839 1738 858 :
1770 830 1802 858 et.

1030 885 1099 914 ideo
1116 884 1159 914 sic
1182 893 1245 914 non
1267 883 1408 922 oportuit
1436 881 1594 921 geminari
1615 881 1801 911 mandatum

1029 937 1111 976 quod
1140 938 1265 977 respicit
1286 938 1391 967 actum
1411 935 1592 970 irascibilis,
1611 934 1678 964 sive
1703 934 1800 970 iram,

1029 990 1110 1020 sicut
1124 990 1310 1020 mandatum
1327 988 1413 1028 quod
1428 988 1554 1027 respicit
1569 991 1676 1018 actum
1691 996 1802 1018 concu-

1029 1042 1200 1082 piscentiae,
1226 1042 1292 1073 sive
1311 1042 1413 1081 ipsam
1436 1041 1721 1081 concupiscentiam
1744 1049 1752 1071 :
1771 1043 1804 1071 et.

1029 1104 1068 1125 ex
1095 1095 1154 1125 hoc
1182 1095 1293 1126 eodem
1322 1097 1424 1135 potest
1453 1094 1578 1132 haberi,
1609 1103 1710 1134 quare
1737 1103 1802 1124 non

1029 1149 1169 1188 oportuit
1182 1148 1335 1188 duplicari
1352 1148 1413 1178 alia
1429 1147 1591 1177 mandata.

1285 1262 1492 1300 QUAESTlo
1520 1262 1563 1292 11.

1081 1334 1126 1360 Αη
1140 1333 1269 1359 mandata
1286 1334 1410 1367 Decaloqi
1424 1335 1480 1360 sint
1495 1333 1558 1360 bene
1573 1333 1703 1360 ordinata
1717 1332 1739 1359 ².

1070 1414 1112 1444 De
1124 1414 1232 1444 ordine
1243 1414 1466 1444 mandatorum
1485 1413 1648 1453 Decalogi3
1669 1415 1700 1443 et
1714 1413 1801 1444 vide-

1029 1469 1081 1497 tur
1096 1467 1180 1506 quod
1205 1467 1352 1497 mandata
1372 1467 1520 1505 Decalogi
1547 1466 1629 1497 male
1650 1466 1800 1496 ordinen-

1029 1524 1092 1558 tur,
1108 1525 1134 1551 l.
1149 1521 1223 1561 quia
1236 1522 1326 1561 prius
1341 1524 1385 1551 est
1397 1521 1475 1551 illud
1486 1521 1570 1560 quod
1581 1523 1628 1551 est
1638 1521 1692 1552 via
1705 1520 1744 1551 ad
1754 1521 1802 1551 al-

1030 1577 1145 1612 torum,
1163 1584 1260 1614 quam
1276 1575 1354 1605 illud
1369 1574 1407 1604 ad
1419 1574 1503 1614 quod
1518 1574 1605 1604 ducit
1622 1585 1628 1605 :
1646 1574 1700 1604 sed
1714 1583 1801 1604 man-

1029 1628 1100 1658 data
1119 1628 1297 1659 ordinantia
1312 1628 1349 1658 ad
1366 1628 1560 1666 proximum,
1577 1629 1652 1657 sunt
1666 1627 1718 1658 via
1731 1636 1800 1658 res-

1029 1682 1121 1720 pectu
1137 1681 1358 1711 mandatorum
1380 1680 1595 1710 ordinantium
1616 1680 1656 1711 ad
1671 1680 1771 1711 Deum
1789 1689 1798 1711 ε

1029 1743 1108 1772 ergo
1124 1734 1219 1772 priori
1234 1734 1301 1763 loco
1315 1733 1465 1763 deberent
1477 1732 1630 1763 ordinari.

1069 1789 1098 1816 Ξ).
1107 1786 1197 1824 Item⁷
1207 1788 1326 1825 quanto
1338 1785 1455 1825 aliquid
1468 1785 1694 1824 universalius,
1712 1788 1799 1818 tanto

1028 1839 1115 1878 prius
1133 1850 1139 1869 z
1157 1839 1211 1869 sed
1226 1841 1383 1878 praecepta
1404 1838 1555 1877 negativa
1571 1841 1646 1868 sunt
1671 1839 1803 1870 univer-

1028 1893 1149 1923 salioris
1157 1892 1371 1931 obligationis,
1384 1901 1480 1931 quam
1491 1892 1684 1922 affirmativa
1700 1903 1707 1922 ι
1721 1901 1803 1931 ergo

1028 1946 1177 1984 negativa
1192 1946 1341 1975 deberent
1352 1945 1495 1984 praeponi
1509 1945 1708 1976 affirmativis
1723 1957 1730 1977 ι
1746 1955 1803 1977 cu-

1028 2000 1082 2038 jus
1103 1999 1296 2030 contrarium
1322 2000 1359 2029 fit
1378 2000 1412 2029 in
1433 1999 1570 2029 secunda
1588 1999 1707 2038 tabula,
1723 2000 1802 2039 quia

1029 2055 1222 2092 praeceptum
1239 2053 1276 2083 de
1294 2053 1480 2083 honorando
1496 2053 1698 2091 proximum,
1715 2053 1800 2092 quod

1028 2107 1074 2135 est
1088 2106 1328 2142 affirmativum,
1345 2105 1548 2144 praemittitur
1565 2105 1646 2135 aliis.

1069 2160 1097 2188 3.
1115 2157 1203 2195 Item,
1219 2158 1304 2197 prior
1327 2160 1372 2188 est
1387 2160 1476 2188 actus
1494 2158 1608 2196 cordis,
1624 2168 1721 2198 quam
1736 2160 1799 2190 oris

1027 2213 1057 2241 et
1070 2211 1173 2250 operis
1186 2222 1192 2240 :
1210 2220 1290 2249 ergo
1303 2211 1490 2241 mandatum
1506 2210 1594 2248 illud,
1606 2211 1639 2241 in
1650 2221 1714 2251 quo
1729 2221 1799 2252 pro-

1028 2265 1359 2297 hibeturdeordinatio
1374 2266 1455 2296 circa
1477 2268 1584 2297 actum
1609 2267 1724 2305 cordis,
1741 2267 1799 2298 de-

1027 2318 1079 2348 bet
1091 2319 1268 2357 praecedere
1280 2319 1367 2356 illud⁷
1380 2320 1413 2349 in
1427 2328 1490 2359 quo
1507 2320 1694 2359 prohibetur
1709 2320 1796 2351 deorr

1027 2371 1146 2401 dinatio
1170 2373 1253 2402 circa
1273 2375 1380 2403 actum
1402 2374 1505 2412 operis
1523 2385 1529 2405 :
1557 2375 1650 2413 quus
1669 2376 1794 2404 contra-

1026 2424 1113 2454 rium
1124 2425 1280 2464 reperitur
1296 2425 1330 2455 in
1343 2425 1454 2456 ordine
1471 2426 1705 2464 mandatorum,
1721 2427 1796 2466 quia

1026 2476 1079 2507 illa
1107 2478 1254 2508 mandata
1264 2502 1274 2515 ,
1304 2479 1336 2508 in
1364 2479 1481 2518 quibus
1509 2479 1696 2518 prohibetur
1725 2488 1798 2510 con-

1027 2559 1252 2590 i-11,q.‹·..:11=t.6;
1267 2562 1291 2584 ct
1303 2561 1333 2584 ΙΙΙ
1347 2561 1425 2590 Sent„
1440 2560 1497 2584 dist.
1521 2565 1618 2589 xxxvii,
1630 2567 1655 2591 q.
1674 2563 1758 2588 1.art.
1773 2563 1797 2592 2,

1029 2602 1053 2626 q.
1066 2600 1096 2618 111
1108 2602 1115 2624 i
1133 2595 1260 2625 ltin-hurd„
1273 2597 1304 2620 111
1319 2596 1398 2627 Sent.‚
1409 2596 1466 2620 dist.
1482 2600 1584 2624 xxxvii,
1597 2602 1621 2626 q.
1638 2601 1673 2619 ιν.

1818 1431 1853 1452 Ad
1862 1437 1912 1458 opp.
