2017 2948
53 617 156 638 Fundam.

594 166 690 198 DIST.
713 168 749 198 X.
775 168 890 199 PART.
914 169 935 200 I.
957 169 1048 200 ART.
1073 170 1096 200 1.
1120 169 1269 207 QUAEST.
1295 170 1331 201 ΙΙ,

172 233 329 264 tionabilis
347 236 378 264 01
397 233 501 273 magis
515 233 743 272 intelligibilis,
768 233 850 265 Deus
865 236 937 266 facit

172 287 255 326 quod
270 287 486 316 rationabilius
500 289 556 317 est.

212 342 240 369 4.
265 339 342 369 Item
365 339 465 370 multo
486 340 714 378 congruentius
730 343 776 371 est
799 342 937 381 separari

172 392 378 423 substantiam
391 392 430 422 ab
440 392 608 429 accidente,
624 402 721 432 quam
733 402 749 423 e
763 403 915 424 converso
929 405 935 424 :

172 446 226 476 sed
241 446 273 475 in
293 447 353 475 hoc
371 448 565 475 sacramento
583 448 748 485 separatur
763 446 905 477 accidens
920 457 939 477 a

172 499 346 529 substantm
362 498 393 528 in
409 498 569 537 speciebus
583 509 589 528 z
607 508 682 537 ergo
696 499 729 529 in
746 508 779 529 re
793 501 939 530 contenta

172 551 347 582 substantia
361 560 380 581 a
392 551 576 590 quantitate.

211 604 324 635 Contra
338 613 393 644 per
407 605 637 643 Augustinum,
655 605 693 636 de
709 605 819 636 Verbis
833 605 939 636 Evan-

1705 172 1762 201 457

995 245 1048 267 rea
1062 237 1159 276 possit
1168 236 1301 276 intelligi
1309 246 1375 268 esse
1388 238 1455 268 sine
1465 239 1640 277 quantitate
1650 239 1681 268 et
1693 237 1763 268 aliis

995 290 1225 328 accidentibus,
1253 300 1421 331 nunquam
1446 295 1549 322 tamen
1574 292 1763 331 intelligitur

995 344 1073 373 bene
1086 353 1163 374 esse.
1181 343 1212 374 Si
1225 353 1303 382 ergo
1318 353 1382 374 non
1396 345 1500 381 habet,
1518 347 1592 375 tunc
1609 345 1689 375 male
1703 346 1760 374 est.

996 395 1033 425 Et
1054 405 1182 433 rursus,
1206 397 1352 436 quamvis
1377 397 1552 427 substantia
1578 398 1674 436 possit
1693 397 1764 427 abs—

995 449 1077 478 trabi
1090 458 1107 478 a
1118 450 1302 488 quantItate‚
1318 452 1424 479 tamen
1438 450 1521 489 quod
1537 458 1650 488 corpus
1663 449 1761 486 vivat,

995 502 1025 529 et
1040 500 1079 529 sit
1094 500 1300 538 organicum,
1317 503 1347 531 et
1367 510 1430 531 non
1450 501 1490 530 sit
1510 503 1665 540 quantuni
1678 523 1687 537 ,
1704 500 1765 530 hoc

996 561 1052 582 nec
1067 562 1133 583 esse
1145 577 1152 589 ‚
1174 563 1231 583 nec
1246 554 1379 592 intelligi
1396 556 1495 593 potest
1513 564 1519 584 ε
1537 556 1567 584 01
1581 563 1621 583 ex
1637 553 1698 583 1100
1715 562 1763 583 se-

996 606 1103 645 quitur
1118 616 1231 646 corpus
1247 606 1361 637 Christi
1377 616 1434 636 000
1451 607 1529 636 bene
1543 607 1587 636 ibi
1605 615 1671 637 esse
1682 630 1691 644 ,
1709 615 1766 636 nec

171 656 247 696 aeliz*
253 667 264 686 :
275 656 393 688 «Totus
402 666 458 696 per
467 659 570 697 partes
580 658 789 688 manducatur
799 659 831 688 in
841 668 940 689 sacra-

172 711 288 746 mento,
300 712 331 740 et
346 713 451 740 manet
465 711 586 749 integer
601 714 686 741 totus
700 711 733 741 in
748 711 863 742 coelo.»
879 712 939 742 Sed

997 659 1121 696 vivere.
1142 660 1224 698 quod
1240 661 1327 690 nefas
1342 662 1388 690 est
1402 660 1515 690 dicere.
1534 659 1703 699 Propterea
1717 659 1763 689 di-
1781 657 1884 707 ffigfmi‘

996 713 1131 743 cendum
1150 714 1234 753 quod
1256 714 1289 743 in
1303 713 1393 743 altari
1417 722 1481 743 000
1496 715 1619 743 tautum
1635 715 1682 743 est
1696 722 1765 743 cor·
1782 718 1885 767 ξζρῐῑοει-

67 1837 144 1863 Opinio

53 1863 113 1883 falsa.

56 2474 151 2500 Improb-

172 765 256 793 totus
271 765 301 793 et
314 772 386 802 pars
401 763 508 793 dieunt
523 764 731 803 quantitatem
751 776 757 794 ;
773 774 862 804 ergo,
879 767 937 795 etc.

212 816 289 846 Item
300 840 309 854 ,
333 825 444 856 corpus
458 817 571 847 Christi
594 820 640 847 est
654 818 766 848 vivens
780 830 786 847 :
805 821 835 848 et
851 818 875 848 si
891 819 937 848 vi-

172 879 260 907 veuS,
277 870 467 908 organicum
492 882 497 900 ;
515 873 546 900 01
568 871 593 900 51
615 871 820 909 organicum,
838 881 938 911 quan-

171 925 257 953 tum:
271 931 350 961 ergo
363 923 432 952 siin
446 923 537 953 altari
548 933 611 954 non
624 924 816 954 abstrahitur
830 934 848 954 a
860 925 937 960 vita,

171 975 273 1014 igitur
287 984 344 1006 nee
359 985 378 1006 a
392 976 576 1015 quantitate.

212 1028 310 1066 Item,
334 1037 447 1068 corpus
469 1029 601 1067 Christi,
627 1030 692 1060 sive
713 1029 872 1067 Christus,
897 1029 939 1059 ibi

172 1081 257 1111 videt
271 1083 302 1111 et
315 1082 412 1118 audit,
423 1082 569 1120 quamvis
581 1091 644 1112 non
657 1082 816 1121 loquatur,
829 1091 886 1113 nec
899 1083 937 1121 (ai

172 1135 426 1174 deprehendatur
441 1145 447 1164 ε
470 1135 523 1165 sed
543 1145 655 1166 sensus
669 1136 840 1166 exteriores
858 1144 939 1175 prae-

172 1189 358 1226 supponunt
374 1188 581 1227 quantitatem
596 1199 602 1218 :
621 1197 698 1227 ergo
714 1190 760 1219 est
774 1188 816 1218 ihi
833 1197 941 1219 secun-

172 1240 248 1270 dum
263 1241 480 1279 quantitatem.

213 1293 310 1331 Item,
335 1294 359 1323 si
382 1303 446 1324 non
472 1297 518 1324 est
540 1295 583 1324 ibi
609 1295 787 1333 quantitas,
814 1295 942 1334 deponit

173 1346 402 1386 quantitatem:
425 1347 477 1377 sed
498 1347 648 1387 depositio
664 1348 831 1378 accidentis
849 1348 942 1378 abso-

173 1399 232 1429 luti
246 1399 365 1429 inducit
381 1401 676 1431 transmutationem
692 1401 866 1431 secundum
882 1401 942 1431 for-

174 1460 258 1482 mam
271 1463 276 1481 :
290 1440 367 1490 ergo
375 1461 488 1491 corpus
497 1452 609 1483 Christi
621 1453 833 1492 glorificatum
843 1456 942 1484 trans-

175 1506 326 1535 mutatur.

444 1575 667 1607 CONCLUSIO.

174 1659 206 1684 In
218 1660 381 1684 sacramento
396 1658 496 1684 altaris
509 1665 561 1684 non
571 1660 673 1684 tantam
685 1661 723 1684 est
735 1665 828 1692 corpus
842 1658 943 1685 Christi

208 1702 347 1729 secundum
362 1703 518 1736 veritatem,
537 1702 581 1729 sed
603 1704 683 1728 etiam
702 1703 845 1729 secundum
866 1710 942 1729 suam

209 1747 357 1773 naturalem
372 1748 557 1780 quantitatem.

213 1826 304 1866 Resp.
321 1826 359 1857 ad
374 1836 445 1865 arg.
470 1826 604 1863 Quidam
619 1827 788 1863 dixerunt,
811 1827 895 1867 quod
910 1828 942 1857 in

173 1882 369 1909 sacramento
383 1879 489 1909 altaris
504 1882 549 1909 est
565 1879 716 1917 Christus,
734 1889 800 1910 000
816 1882 941 1910 tantum

174 1934 209 1962 nt
232 1931 445 1971 significatus,
479 1932 532 1962 sed
556 1932 649 1962 etiam
674 1935 863 1963 contentus:
889 1934 941 1964 sed

173 1987 279 2015 tamen
291 1993 355 2015 non
369 1987 415 2015 est
427 1985 601 2015 secundum
615 1995 706 2016 suam
719 1986 940 2025 quantitatem,

173 2046 229 2068 nec
249 2038 344 2067 etiam
366 2038 543 2068 secuudum
565 2038 626 2068 alia
649 2039 839 2077 accidentia⁷
866 2040 943 2079 quia

172 2092 231 2122 ista
245 2091 323 2121 nihil
336 2091 453 2122 faciunt
468 2092 506 2122 ad
521 2092 619 2122 finem
632 2092 730 2131 hujus
742 2095 940 2130 sacramenti,

172 2145 225 2184 qni
240 2148 286 2175 est
301 2145 416 2176 cibare.
434 2145 471 2176 Et
484 2146 641 2176 rationem
656 2146 754 2185 hujus
767 2147 886 2177 habent
902 2157 942 2178 ex

172 2199 243 2235 hoc,
259 2198 343 2237 quod
357 2198 401 2228 ibi
417 2200 463 2229 est
477 2208 592 2239 corpus
608 2199 735 2237 Christi,
753 2201 829 2239 quia
842 2203 942 2231 traus-

173 2251 272 2281 fertur
290 2250 408 2290 aliquid
427 2252 460 2282 in
481 2252 585 2291 ipsum
601 2264 608 2282 ε
627 2253 679 2283 sed
700 2253 777 2283 illud
796 2255 843 2283 est
864 2263 942 2293 pure

173 2303 362 2340 substantia,
383 2306 413 2334 et
433 2313 497 2335 non
511 2306 664 2343 accidens,
687 2306 762 2345 quia
779 2307 841 2337 alia
860 2307 940 2337 acci-

172 2356 276 2387 dentia
294 2359 423 2386 manent
443 2365 450 2386 :
476 2357 544 2388 ideo
570 2359 886 2390 transsubstantiatur
909 2361 942 2390 in

173 2409 440 2446 substantiam‚ita
446 2410 530 2448 quod
536 2413 582 2440 est
588 2412 789 2442 abstractaab
797 2413 943 2443 omnibns

174 2462 396 2493 accidentibus.
414 2462 472 2492 Sed
491 2462 559 2492 hmo
574 2464 698 2503 positio,
716 2466 863 2504 quamvis
878 2476 942 2496 non

176 2515 216 2545 sit
230 2524 373 2551 erronea,
387 2515 468 2545 sicut
484 2516 647 2554 praedieta,
664 2519 711 2547 est
726 2520 831 2549 tamen
843 2520 943 2550 errori

176 2567 372 2607 propinqua;
390 2568 460 2598 ideo
475 2568 550 2608 quia
569 2570 624 2600 etsi
642 2571 817 2601 substantia
831 2581 941 2612 corpo-

207 2629 243 2660 (a)
257 2630 298 2655 Al.
318 2637 359 2655 ne.

997 766 1081 805 poris
1102 766 1214 797 Christi
1235 767 1365 802 veritas,
1390 767 1453 796 imo
1477 766 1571 796 etiam
1592 766 1763 805 quantitas.

997 818 1034 848 Et
1046 819 1083 848 ad
1099 820 1342 858 intelligentiam
1358 820 1553 858 objectorum
1567 842 1574 856 ‚
1592 819 1766 849 notandum

997 872 1081 911 quod
1100 873 1156 902 etsi
1182 873 1215 902 in
1242 873 1301 902 hoc
1322 874 1518 902 sacramento
1542 872 1610 902 fieri
1635 872 1768 902 debeant

999 924 1166 962 miracula,
1184 934 1248 955 000
1263 928 1369 955 tamen
1385 926 1499 955 debent
1514 925 1598 962 fieri,
1616 925 1677 955 nisi
1694 934 1767 964 quae

997 980 1179 1015 congruant
1188 979 1394 1008 sacramento.
1409 977 1647 1008 Sacramentum
1659 980 1767 1008 autem

997 1031 1072 1060 illud
1089 1033 1136 1061 est
1151 1031 1338 1070 mysterium
1354 1031 1425 1061 fidei
1439 1041 1445 1060 t
1463 1032 1494 1060 et
1509 1030 1578 1060 ideo
1592 1032 1639 1061 est
1654 1039 1767 1061 verum

997 1086 1027 1113 et
1040 1084 1209 1114 occultum.
1230 1084 1310 1120 Quia
1326 1093 1451 1120 verum,
1466 1084 1535 1113 ideo
1548 1092 1621 1113 cum
1635 1083 1749 1113 dicitur
1759 1067 1799 1112 :—w

998 1137 1061 1168 Hoc
1082 1141 1128 1168 esc
1143 1145 1255 1176 corpas
1270 1145 1371 1167 meum
1381 1146 1393 1174 ,·
1415 1145 1528 1175 corpus
1546 1136 1635 1175 panis
1661 1136 1770 1165 transit

997 1191 1029 1220 in
1045 1200 1158 1230 corpus
1174 1191 1301 1226 Christi,
1319 1193 1348 1220 et
1363 1190 1431 1227 hie,
1457 1191 1487 1219 01
1510 1189 1704 1228 ubicumque
1719 1188 1769 1219 di-

997 1245 1097 1273 catur.
1117 1243 1155 1273 Et
1170 1252 1210 1273 ex
1224 1243 1282 1273 1100
1297 1243 1401 1273 oritur
1421 1242 1537 1282 duplex
1552 1241 1744 1272 miraculum
1759 1252 1766 1271 ι

998 1296 1138 1335 primum
1161 1298 1222 1333 est,
1247 1296 1321 1335 quia
1351 1296 1438 1335 panis
1461 1295 1572 1325 transit
1595 1295 1628 1325 in
1655 1303 1770 1334 corpus

999 1349 1110 1380 Christi
1124 1350 1286 1388 integrum
1299 1352 1328 1379 01
1344 1349 1529 1388 perfectum3
1541 1351 1571 1378 et
1585 1348 1681 1386 aliud,
1695 1348 1770 1388 quia

998 1411 1113 1441 corpus
1135 1401 1248 1432 Christi
1268 1402 1432 1440 integrum
1455 1403 1501 1431 est
1523 1401 1715 1440 ubicumque
1734 1401 1770 1431 fit

998 1456 1068 1485 haec
1082 1456 1391 1485 transsubstantiatio
1404 1479 1411 1493 ³
1430 1455 1473 1485 ita
1487 1457 1589 1485 totum
1606 1457 1636 1485 et
1652 1455 1769 1494 perfec-

999 1512 1066 1539 tum
1083 1509 1113 1538 in
1131 1518 1227 1547 parvo
1248 1509 1330 1546 loco,
1351 1511 1382 1539 et
1398 1517 1500 1539 00001
1517 1508 1549 1538 10
1564 1508 1709 1548 pluribus
1724 1508 1769 1538 lo·

999 1562 1052 1591 cis.
1069 1561 1148 1598 Quia
1160 1571 1234 1592 vero
1247 1562 1418 1599 occultum,
1432 1561 1502 1592 ideo
1515 1562 1630 1592 debent
1642 1570 1770 1592 manere

999 1615 1131 1654 species,
1148 1617 1178 1645 et
1192 1615 1299 1645 omnia
1313 1615 1473 1645 sensibilia
1484 1639 1491 1651 ,
1509 1615 1576 1654 ipso
1590 1624 1654 1645 non
1669 1623 1769 1654 appa-

999 1671 1096 1699 rente.
1123 1668 1161 1698 Et
1186 1678 1225 1699 ex
1248 1669 1308 1699 1100
1336 1671 1382 1699 est
1405 1668 1523 1707 duplex
1551 1668 1767 1698 miraculum:

998 1731 1099 1751 unum
1113 1746 1120 1759 ‚
1137 1723 1214 1761 quia
1227 1722 1397 1752 accidentia
1420 1724 1494 1751 5001
1516 1722 1582 1751 sine
1606 1722 1746 1760 subjecto
1761 1732 1768 1756 ;

998 1774 1134 1804 alterum
1156 1783 1232 1805 vero
1255 1775 1338 1814 quod
1359 1777 1405 1805 est
1426 1774 1469 1804 ibi
1496 1783 1609 1813 corpus
1634 1773 1768 1804 clarissi-

999 1836 1087 1857 mum
1104 1851 1111 1863 ,
1137 1830 1168 1858 01
1182 1830 1228 1858 est
1248 1837 1405 1867 praesens,
1426 1830 1456 1857 et
1479 1836 1542 1857 non
1564 1827 1699 1857 videtur.
1723 1826 1770 1856 Ex

998 1880 1171 1920 hispatent
1186 1881 1317 1920 objecta.

1041 1938 1051 1965 1
1071 1938 1101 1965 01
1115 1937 1143 1965 ⁶2.
1162 1935 1307 1965 Primum
1322 1935 1406 1965 00101
1421 1934 1504 1974 quod
1521 1934 1596 1964 dicit
1611 1934 1769 1972 Augusti-

999 1997 1076 2026 nus,
1095 1988 1177 2027 quod
1199 1987 1314 2017 veritas
1331 1987 1448 2026 ubique
1459 2012 1466 2024 ‚
1483 1990 1556 2024 etc„
1576 1996 1640 2017 non
1655 1986 1769 2018 distin·-

998 2041 1069 2079 guit
1085 2041 1249 2071 veritatem
1270 2043 1378 2071 contra
1393 2041 1619 2080 quantitatem,
1636 2049 1708 2080 quae
1723 2042 1770 2071 est

998 2094 1035 2125 de
1055 2094 1186 2125 veritate
1208 2094 1367 2133 corporis;
1393 2094 1445 2124 sed
1469 2096 1577 2124 contra
1598 2093 1767 2133 apparitio-

998 2157 1071 2178 nem
1092 2148 1290 2184 sensibilem,
1317 2147 1393 2186 quia
1414 2149 1537 2177 tantum
1557 2147 1588 2177 in
1612 2156 1676 2177 uno
1701 2147 1768 2177 1000

998 2203 1137 2241 apparet.
1155 2201 1241 2231 Patet
1252 2201 1345 2230 etiam
1361 2209 1506 2239 sequens,
1521 2200 1596 2239 quia
1610 2201 1768 2239 quantitas

999 2255 1070 2285 saeit
1091 2254 1131 2285 ad
1154 2254 1339 2284 sacramenti
1363 2253 1528 2284 veritatem
1550 2256 1580 2283 et
1604 2253 1767 2292 perfeetio-

999 2316 1070 2337 nem
1082 2331 1090 2345 ,
1106 2309 1141 2337 ut
1156 2316 1268 2346 corpus
1284 2309 1465 2337 contentum
1482 2307 1536 2342 sit,
1562 2306 1682 2336 habens
1697 2315 1764 2336 om-

999 2369 1071 2390 nem
1087 2360 1319 2399 perfectionem.

1038 2416 1066 2443 3.
1084 2413 1131 2443 Ad
1147 2413 1231 2443 alind
1242 2437 1249 2450 ,
1267 2413 1434 2444 dicendum
1449 2413 1534 2452 quod
1549 2412 1696 2443 divinitas
1713 2420 1768 2442 no-

998 2468 1071 2495 strae
1096 2466 1270 2496 infirmitati
1285 2476 1318 2496 se
1333 2468 1567 2505 contemperat,
1583 2465 1704 2496 salvata
1718 2465 1768 2495 in-

999 2519 1146 2557 tegritate
1160 2520 1358 2549 sacramenti.
1371 2519 1407 2549 Et
1422 2521 1574 2558 praeterea
1588 2519 1632 2549 sie
1645 2528 1679 2549 se
1693 2528 1766 2550 con-

999 2574 1172 2611 temperat,
1200 2575 1233 2602 ut
1252 2572 1444 2603 intellectum
1464 2572 1612 2610 excedat,
1636 2574 1667 2603 et
1690 2572 1768 2604 fides

1000 2626 1103 2656 locum
1118 2628 1149 2656 et
1163 2626 1313 2656 meritum
1330 2625 1454 2656 habeat.
