2017 2948
854 177 1040 208 DISTINCT.
1063 176 1098 208 V.
1713 182 1771 212 355

187 242 303 286 datur3
320 243 414 276 nullo
430 244 526 276 modo
542 244 647 277 malus
663 248 727 285 est,
745 244 802 288 qui
819 245 916 276 etiam
932 255 988 288 per
1005 244 1127 277 malum
1143 244 1252 283 datur,
1269 246 1347 289 quia
1361 246 1447 279 idem
1463 247 1642 291 baptismus
1655 249 1732 282 datu
1742 260 1767 281 r.

189 300 228 333 Et
242 300 313 333 ideo
329 312 385 344 per
400 301 564 334 ministros
579 301 722 345 dispares
737 301 794 334 Dei
811 313 932 334 munus
948 306 994 334 est
1012 302 1137 346 {equale
1151 328 1159 342 ‚
1177 302 1253 346 quia
1268 313 1334 335 non
1349 303 1482 336 illorum
1496 330 1504 342 ,
1519 305 1573 337 sed
1589 306 1658 349 ejus
1673 310 1733 338 est.
1752 319 1768 336 »

188 358 277 390 Idem
293 359 301 374 ¹
320 371 326 390 :
348 358 461 391 «Cum
475 358 617 402 baptizat
638 359 765 400 malus,
784 359 866 391 illud
892 359 979 403 quod
1003 359 1116 392 datum
1132 363 1194 401 est,
1212 371 1317 392 unum
1341 364 1388 392 est
1405 373 1411 392 2
1430 372 1487 393 nec
1512 362 1618 405 impar
1642 368 1775 408 propter

190 415 329 459 impares
350 416 534 457 ministros,
561 416 614 449 sed
637 428 695 460 par
717 420 748 449 et
771 417 896 461 aequale
920 421 1050 461 propter
1074 416 1134 449 hoc
1149 419 1158 434 ‘²
1177 429 1182 449 :
1201 417 1264 450 Hic
1289 423 1336 450 est
1360 418 1415 462 qui
1438 419 1596 462 baptizat.
1616 432 1631 450 ))
1650 420 1729 453 Item
1744 422 1770 452 ³:

192 486 207 503 ‹<
228 472 293 515 Ego
307 472 377 505 dico
388 499 396 514 ,
415 477 447 505 et
461 484 520 505 nos
534 473 673 506 dicimus
689 485 821 515 omnes,
838 474 916 517 quia
935 476 1040 517 justos
1055 478 1180 518 oportet
1199 486 1265 507 esse
1282 486 1338 519 per
1351 487 1433 519 quos
1449 476 1634 520 baptizatur
1651 489 1657 509 :
1672 478 1777 521 justos

191 533 316 573 oportet
330 540 396 562 esse
412 530 493 562 tanti
512 530 633 574 judicis
658 531 834 563 ministros.
862 531 933 564 Sint
958 531 1101 563 ministri
1115 532 1216 575 justi,
1233 532 1259 564 si
1277 532 1402 565 volunt.
1423 533 1458 566 Si
1480 538 1589 566 autem
1612 534 1779 567 noluerint

191 598 257 619 esse
276 587 356 631 justi
381 587 439 631 qui
466 588 578 620 sedent
605 588 639 620 111
669 588 821 621 cathedra
849 588 972 631 Moysi,
989 600 1141 621 securum
1170 601 1220 622 me
1246 590 1322 622 facit
1347 590 1499 633 magister
1524 603 1637 633 meus,
1661 592 1781 625 scilicet

192 643 358 686 Christus,
386 645 425 677 de
449 657 514 689 quo
534 646 677 689 Spiritus
700 650 829 679 sanctus
853 646 929 678 dicit
959 658 965 678 :
985 646 1048 678 Hic:
1075 653 1121 678 est
1143 647 1198 690 qui
1221 647 1379 691 baptizat.
1396 648 1476 681 Item
1490 650 1521 680 a:
1544 649 1663 688 «Quos
1677 649 1782 693 bapti-

194 702 278 734 zavit
291 701 309 734 J
315 699 410 743 udas,
428 703 576 735 Christus
598 704 788 748 baptizavit.
813 704 848 736 Si
870 715 952 747 quos
974 715 1050 746 ergo
1075 703 1252 747 baptizavit
1267 705 1413 738 ebriosus
1429 706 1611 748 homicida,
1631 707 1780 740 adulter:

192 759 219 790 si
241 759 360 792 Christi
384 764 452 793 erat
472 761 673 805 baptismus,
692 761 840 794 Christus
864 761 1051 805 baptizavit.
1077 761 1150 793 Non
1176 762 1273 794 timeo
1299 762 1503 804 adulterum,
1524 775 1582 796 nec
1597 764 1782 806 ebriosum,

193 827 250 848 nec
266 816 480 850 homicidam:
495 818 573 861 quia
588 819 772 851 columbam
785 819 933 860 attendo,
949 829 1115 862 perquam
1129 818 1209 850 1111111
1225 819 1346 852 dicitur
1359 832 1365 852 :
1380 822 1443 854 Hic
1458 827 1504 853 est
1519 822 1575 865 qui
1590 821 1750 866 baptizat.
1765 836 1780 854 »

192 873 272 906 Item
289 875 298 890 ⁵
321 886 326 906 z
342 887 358 905 «
375 875 546 907 Homicida
565 875 653 907 dedit
676 876 878 919 baptismum
893 875 1013 908 Christi
1032 888 1038 907 :
1060 876 1149 919 quod
1164 881 1402 909 sacramentum
1419 882 1481 910 tam
1496 883 1643 911 sanctum
1664 884 1729 918 est,
1751 885 1788 912 ut

194 942 252 963 nec
267 932 429 965 homicida
443 933 646 966 ministrante
664 934 842 977 polluatur.
864 947 879 963 »
895 934 977 965 Item
993 932 1021 965 g:
1043 946 1057 963 «
1072 933 1106 965 Si
1123 933 1157 965 111
1173 933 1287 966 haeresi
1309 945 1530 978 quacumque,
1549 936 1600 968 vel
1616 937 1788 970 schismate

194 989 369 1033 quisquam
392 990 425 1022 in
452 991 584 1023 uomiuc
609 991 733 1031 Pati-is,
757 995 787 1023 et
810 990 886 1022 Filii
916 995 947 1022 et
971 990 1113 1034 Spiritus
1142 991 1242 1023 sancti
1269 991 1422 1035 baptismi
1443 998 1681 1026 sacramentum
1702 1006 1790 1027 acce-

195 1047 298 1090 perit,
325 1047 490 1090 integrum
514 1053 753 1081 sacramentum
781 1048 922 1091 accepit;
945 1048 997 1080 sed
1015 1048 1172 1088 salutem,
1196 1060 1270 1092 quae
1296 1049 1400 1082 virtus
1423 1054 1469 1082 est
1488 1052 1701 1093 sacramenti,
1724 1063 1790 1085 non

196 1104 344 1146 habebit,
362 1105 388 1137 si
413 1109 504 1137 extra
519 1105 691 1138 Ecclesiam
717 1105 908 1138 catholicam
932 1105 1039 1149 ipsum
1065 1110 1305 1138 sacramentum
1334 1106 1499 1140 habuerit.
1526 1108 1627 1141 Debet
1651 1120 1728 1152 ergo
1750 1109 1789 1143 ad

195 1162 369 1195 Ecclesiam
386 1163 511 1204 redire,
530 1174 594 1195 non
616 1167 653 1195 ut
676 1167 914 1195 sacramentum
932 1163 1084 1206 baptismi
1106 1163 1225 1195 iterum
1241 1164 1393 1208 accipiat,
1411 1165 1499 1208 quod
1521 1177 1617 1199 nemo
1641 1166 1736 1200 debet
1755 1167 1790 1201 in

195 1219 306 1264 aliquo
333 1224 494 1264 repetere;
517 1221 571 1253 sed
595 1225 631 1253 ut
655 1221 689 1253 111
715 1221 866 1253 societate
894 1220 1052 1253 catholica
1079 1220 1179 1252 vitam
1208 1221 1353 1264 accipiat.
1379 1221 1565 1266 Baptismus
1591 1224 1679 1256 enim
1701 1228 1792 1258 extra

196 1277 372 1310 Ecclesiam
398 1278 512 1322 nequit
541 1278 702 1322 prodesse.
733 1279 782 1310 Ibi
811 1278 899 1310 enim
923 1278 1042 1321 cuique
1071 1277 1219 1321 prodesse
1248 1283 1351 1322 potest
1380 1280 1560 1324 baptismus
1573 1307 1581 1322 ,
1601 1281 1658 1314 ubi
1687 1286 1791 1326 potest

198 1334 347 1378 prodesse
370 1335 593 1379 eleemosyna,
619 1336 739 1368 scilicet
761 1336 796 1368 in
811 1336 963 1368 Ecclesia.
988 1335 1099 1367 »Item
1125 1335 1265 1368 isidorus
1280 1341 1289 1357 ⁷
1309 1349 1315 1368 :
1335 1350 1351 1368 «
1368 1337 1536 1371 Romanus
1552 1339 1703 1372 Pontifex
1725 1351 1791 1373 11011

199 1391 364 1434 hominem
376 1392 502 1436 judicat
518 1393 576 1436 qui
593 1393 756 1436 baptizat,
774 1393 828 1425 sed
845 1393 1003 1437 Spiritum
1021 1392 1079 1424 Dei
1098 1393 1346 1426 subministrare
1369 1396 1507 1438 gratiam
1532 1396 1701 1440 baptismi,
1719 1397 1793 1430 licet

200 1460 345 1492 paganus
360 1449 468 1494 sitqui
483 1450 637 1494 baptizat.
653 1463 668 1481 »
686 1451 724 1482 In
740 1450 790 1482 his
804 1450 969 1494 perspicue
985 1450 1088 1482 cernis
1103 1450 1301 1494 baptismum
1317 1463 1432 1485 verum
1443 1453 1538 1486 bonis
1551 1457 1582 1486 et
1597 1454 1691 1487 malis
1708 1454 1791 1495 dari,

200 1510 259 1539 eta
270 1507 364 1540 bonis
378 1511 409 1540 et
424 1519 443 1540 a
458 1507 550 1539 malis
564 1520 570 1548 3
588 1512 618 1540 et
633 1508 740 1552 ipsum
759 1512 894 1540 tamence
906 1520 969 1551 que
982 1511 1128 1541 sanctum
1143 1519 1222 1548 csse,
1238 1513 1269 1540 et
1284 1521 1406 1543 munus
1416 1511 1486 1554 ejus
1497 1512 1622 1556 aequale
1636 1512 1670 1545 111
1685 1512 1791 1553 honis,

200 1564 266 1598 sive
283 1576 301 1597 a
315 1565 407 1597 bonis
421 1565 489 1597 sive
503 1576 521 1597 a
545 1565 639 1597 malis
654 1565 871 1609 baptizentur.

242 1622 337 1655 Ratio
346 1622 507 1654 dictorum
519 1634 525 1654 :
537 1622 622 1661 Quia
631 1623 810 1655 ministeriu
818 1634 847 1655 m
862 1627 990 1656 tantum
998 1624 1131 1667 habent,
1143 1637 1208 1658 non
1219 1630 1408 1670 potestatem
1417 1626 1571 1670 baptismi
1584 1640 1590 1659 :
1603 1632 1791 1672 potestatem
1811 1653 1839 1673 he
1847 1656 1914 1679 wles-

200 1680 287 1713 enim
304 1680 365 1712 sibi
377 1680 522 1713 retinuit.
541 1680 635 1719 Quod
652 1681 743 1713 novit
758 1681 913 1723 joannes,
930 1693 1004 1714 cum
1021 1683 1107 1715 vidit
1125 1684 1311 1716 columbam
1327 1684 1573 1717 descendentem
1589 1697 1687 1729 super
1702 1686 1794 1719 Chri—
1809 1686 1815 1734 ξ

200 1742 299 1770 stum.
319 1737 412 1771 Unde
431 1738 638 1781 Augustinus
653 1736 663 1752 ⁸
680 1750 687 1770 :
706 1752 722 1769 1(
739 1738 824 1777 Quid
844 1743 979 1771 noverat
997 1739 1139 1773 Joannes
1158 1741 1326 1784 Baptista?
1343 1741 1532 1775 Dominum.
1552 1743 1636 1782 Quid
1655 1754 1720 1776 non
1735 1755 1794 1777 no·
1823 1742 1893 1761 ’ΜΝ

201 1800 291 1828 verat
301 1798 315 1828 ⁸?
328 1799 516 1840 potestatem
531 1795 684 1828 dominici
700 1796 851 1839 baptismi
864 1796 898 1828 in
911 1797 1042 1829 nullum
1059 1797 1226 1831 hominem
1239 1811 1256 1831 a
1269 1799 1408 1831 Domino
1423 1800 1650 1841 transituram3
1665 1801 1719 1834 sed
1736 1801 1794 1833 mi-

203 1853 372 1885 nisterium
392 1853 487 1897 plane
503 1853 730 1893 transiturum,
749 1857 936 1896 potestatem
953 1866 971 1886 a
987 1854 1127 1888 Domino
1142 1856 1176 1888 in
1192 1856 1355 1889 neminem
1371 1856 1640 1899 transferendam,
1656 1858 1711 1890 sed
1735 1858 1794 1890 1111-

203 1910 373 1942 nisterium
400 1911 433 1942 in
453 1910 555 1943 bonos
576 1915 606 1942 et
623 1911 733 1943 malos.
752 1910 823 1942 Non
839 1911 1010 1944 exhorreat
1033 1913 1186 1946 columba
1201 1913 1419 1946 ministerium
1436 1914 1597 1946 malorum
1616 1927 1623 1955 ;
1646 1915 1794 1959 respiciat

204 1972 393 2012 potestatem
410 1968 552 2001 Domini.
570 1968 655 2007 Quid
673 1968 746 2001 facit
761 1968 806 2000 ibi
827 1969 974 2001 minister
992 1970 1098 2002 malus
1113 1996 1121 2011 ,
1140 1970 1196 2003 ubi
1211 1970 1316 2003 bouus
1336 1974 1382 2003 est
1396 1971 1573 2004 dominus?
1590 1976 1600 1992 ⁹
1614 1974 1726 2016 Neque
1739 1973 1795 2018 qui

200 2025 355 2070 plantat,
374 2037 475 2070 neque
496 2026 552 2069 qm*
575 2026 664 2070 riqat
689 2033 733 2058 est
759 2026 887 2070 aliquid
895 2052 902 2065 ,
928 2026 984 2059 sed
1004 2028 1059 2071 qui
1082 2028 1322 2061 incrementum
1345 2028 1405 2061 dat
1428 2030 1558 2062 Deusffl.
1577 2029 1613 2062 Si
1634 2031 1796 2075 superbus

204 2084 303 2116 fuerit
321 2084 484 2123 minister,
503 2095 576 2115 cum
592 2084 722 2116 diabolo
737 2088 963 2128 computatur,
980 2085 1034 2117 sed
1058 2097 1125 2119 11011
1145 2086 1386 2119 contaminatur
1404 2087 1528 2120 donum
1544 2087 1664 2120 Christi
1681 2100 1688 2120 :
1708 2089 1795 2133 quod

205 2152 262 2184 per
285 2141 380 2173 illum
402 2141 476 2173 ssuit
500 2152 621 2185 purum
642 2145 700 2173 est.
727 2142 789 2174 Per
814 2142 981 2186 lapideum
1003 2143 1148 2176 canalem
1172 2144 1287 2176 transit
1308 2156 1395 2188 aqua
1418 2143 1458 2177 ad
1474 2145 1622 2178 areolas:
1640 2145 1674 2178 in
1692 2146 1796 2179 canali

206 2197 333 2241 lapideo
349 2198 395 2230 1111
410 2202 597 2241 generatur,
610 2199 663 2231 sed
680 2198 794 2231 hortus
809 2199 934 2232 fructus
948 2200 1107 2244 plurimos
1125 2201 1231 2234 affert.
1244 2201 1263 2217 ¹¹
1280 2201 1408 2234 Habent
1419 2213 1496 2244 ergo
1512 2213 1577 2234 non
1594 2203 1689 2236 modo
1705 2203 1794 2244 boni,

207 2255 373 2287 sedetiam
397 2256 474 2288 mali
496 2256 715 2288 ministerium
739 2256 946 2300 baptizandi,
964 2257 1018 2290 sed
1041 2262 1157 2291 neuter
1181 2262 1369 2302 potestatem
1389 2259 1553 2303 baptismi.
1579 2260 1796 2293 Ministerium

208 2313 294 2345 enim
310 2313 398 2345 dedit
413 2313 561 2346 Christus
576 2314 694 2355 servis,
711 2314 765 2347 sed
782 2318 971 2359 potestatem
987 2315 1047 2347 sibi
1067 2315 1202 2348 retinuit
1214 2317 1246 2357 ¹²,
1264 2327 1363 2360 quam
1379 2316 1405 2348 si
1422 2316 1536 2358 vellet,
1554 2321 1678 2360 poterat
1696 2318 1798 2350 servis

208 2370 284 2403 dare
299 2397 306 2411 ,
324 2375 360 2403 ut
374 2381 486 2403 servus
501 2370 592 2403 daret
612 2371 809 2415 baptismum
834 2384 930 2405 suum
953 2377 1107 2417 tanquam
1130 2373 1199 2406 vice
1214 2385 1283 2406 sua.
1312 2373 1350 2405 Et
1368 2377 1556 2417 potestatem
1571 2386 1663 2406 suam
1680 2375 1797 2407 consti-

209 2431 299 2461 tuere
316 2431 440 2472 poterat
454 2428 488 2460 in
511 2428 622 2472 aliquo
636 2454 644 2469 ,
661 2429 712 2461 vel
732 2429 766 2461 in
782 2429 948 2474 aliquibus
963 2430 1086 2471 servis,
1107 2435 1142 2463 ut
1164 2435 1253 2463 tanta
1276 2431 1325 2463 vis
1352 2435 1432 2463 esset
1455 2431 1489 2463 in
1514 2432 1675 2475 baptismo
1689 2433 1796 2474 servi,

242 2510 247 2523 ¹
263 2510 337 2538 Auen,
353 2509 379 2531 z'n
393 2509 463 2531 Jmm.
480 2509 584 2539 Eramy„
601 2510 672 2532 tract.
689 2515 722 2538 w,
737 2516 761 2533 11.
779 2511 834 2533 8.-
849 2512 857 2526 2
870 2511 950 2541 loun„
965 2517 982 2541 x,
998 2512 1065 2534 :13.—
1085 2510 1094 2525 ³
1109 2511 1182 2540 Aug„
1199 2511 1224 2533 in
1239 2511 1308 2534 Jonn.
1331 2511 1433 2540 Ενσηφ,
1449 2512 1520 2534 tract.
1537 2516 1559 2539 ν,
1575 2518 1599 2534 11.
1618 2513 1685 2535 1!;.-
1702 2512 1711 2528 ἢ
1724 2512 1798 2544 llud„

210 2551 236 2567 11.
251 2545 288 2572 ts,
305 2547 329 2566 «¹,
342 2544 457 2572 liabetur,
471 2543 500 2566 dr.»
516 2544 641 2570 Consecr..
656 2544 713 2568 dist.
727 2551 762 2572 iv,
776 2552 799 2569 c.
815 2546 966 2576 Baptisnms.
980 2560 1005 2562 —
1022 2547 1032 2561 ⁵
1043 2546 1117 2574 mid„
1132 2553 1157 2569 11.
1175 2548 1209 2569 19,
1221 2559 1251 2563 -
1264 2546 1273 2562 6
1286 2546 1367 2576 Ful-g„
1382 2545 1411 2568 <le
1423 2546 1466 2576 fid.
1483 2545 1515 2568 ml
1530 2546 1607 2574 seltz,
1623 2554 1644 2570 c.
1662 2553 1701 2578 111,
1717 2555 1742 2572 n.
1759 2550 1800 2573 43.

210 2592 241 2597 -
254 2579 265 2596 ¹¹
280 2579 349 2607 lsid.²
363 2581 388 2602 et
402 2578 518 2609 habetur,
534 2578 563 2601 tle
579 2579 702 2608 consecr„
717 2580 774 2603 dist.
790 2585 824 2610 iv,
843 2587 864 2603 c.
884 2581 1003 2604 Romanus
1021 2581 1178 2610 Pontifex.—
1195 2580 1205 2596 Β
1216 2582 1290 2611 Aug„
1306 2581 1330 2604 in
1345 2581 1415 2603 doun.
1432 2580 1538 2610 Euanq„
1553 2583 1625 2606 tract.
1641 2588 1666 2611 v,
1682 2589 1708 2606 n.
1723 2585 1759 2613 Η,
1775 2585 1801 2607 et

211 2613 326 2643 habetur,
339 2613 369 2637 de
379 2614 503 2644 Consecr„
519 2614 576 2638 dist.
591 2620 625 2644 iv,
638 2621 660 2637 c.
671 2616 814 2645 Baptismus
825 2615 893 2639 talis.
906 2629 935 2634 —
950 2615 1044 2646 ⁹ll11'‹l.‚
1060 2622 1084 2639 n.
1103 2617 1177 2639 15.-
1192 2616 1228 2639 ¹⁰1
1242 2616 1308 2643 Com,
1326 2621 1360 2644 νι,
1376 2616 1399 2638 7.
1410 2627 1440 2632 —
1456 2615 1474 2632 ¹¹
1489 2616 1562 2645 Aug..
1575 2617 1600 2639 in
1611 2617 1679 2640 =loun.
1695 2618 1799 2649 Eumnq„

212 2648 332 2679 nequitur,
346 2655 370 2672 n.
386 2650 409 2673 8.
419 2662 449 2667 -—
466 2650 484 2666 ¹²
498 2649 574 2680 Ihm„
589 2656 615 2673 n.
629 2649 651 2672 7.

1819 1687 1851 1704 ate
1864 1685 1915 1711 liap-

1819 1716 1863 1735 :sun
1874 1732 1878 1739 ,

1827 1773 1888 1792 (erio.

1896 1718 1916 1735 ct
