2017 2948
148 416 180 436 Ad
200 423 249 443 opp.

270 186 308 215 50

269 253 321 282 tur
341 250 423 289 quod
440 248 650 279 necessarium
665 248 703 278 sit
720 249 801 287 ipsas
817 248 949 278 virtutes
965 256 1034 277 car-

268 303 387 335 dinales
402 302 610 333 essentialiter
624 304 654 332 et
668 300 838 332 formaliter
857 308 924 330 esse
946 299 1034 329 ‹lifre-

266 358 380 387 rentes.

307 409 364 439 Sed
382 410 507 439 contra:
526 411 554 444 1,
572 416 626 447 per
641 406 870 445 Augustinum,
888 404 927 434 de
943 405 1036 435 mori-

266 461 321 493 bus
338 461 483 492 Ecclesz'oe
497 471 503 491 ;
525 472 538 489 α
554 460 631 490 Illud
648 459 731 499 quod
746 457 973 497 qiiznlripartita
989 456 1034 485 ‹Ii-

264 514 345 545 citur
355 514 471 550 virtus,
488 522 527 543 ex
543 513 640 552 ipsius
655 511 772 542 amoris
786 510 874 540 vario
895 508 1033 548 quodam

264 566 388 604 affectu,
402 568 557 606 quantum
572 565 726 603 intelligo,
738 563 881 594 dicitur.»
902 562 961 592 Sed
977 561 1035 592 hoc

263 628 327 650 non
343 619 416 649 dicit
430 619 643 649 dlversitateni
659 616 833 647 secundum
847 614 1030 651 essentiam,

263 672 317 704 sed
332 673 434 703 solum
450 671 623 702 secundum
641 669 824 699 relatiffliem
852 678 858 697 ε
882 675 959 706 ergo
983 667 1032 697 vi-

262 725 354 758 detur
377 724 461 764 quod
477 724 611 755 virtutes
637 720 810 751 cardinales
831 719 1032 750 solummodo

262 778 436 809 secundum
443 775 709 815 comparationem
720 773 854 803 habeant
863 772 1030 811 distingui,

261 840 326 862 non
340 829 515 860 secundum
532 827 742 857 substantiam
757 826 952 856 absolutam.

301 885 330 913 2.
349 883 425 913 Item
441 881 662 920 Augustinus,
680 880 712 910 in
726 879 808 909 libro
830 878 868 910 de
890 879 1029 917 Quanti-

261 939 324 969 tace
345 936 462 967 anima?
483 937 488 952 ⁴
517 945 523 964 :
555 946 568 962 a
591 932 700 963 Virtus
719 934 764 962 est
778 931 942 971 aequalitas
957 931 1030 962 vitae

259 989 399 1029 undique
415 987 528 1018 rationi
548 986 755 1017 consentiens.
774 997 788 1013 »
816 984 875 1015 Sed
898 984 1029 1024 aequali—

259 1045 306 1074 tas
320 1042 394 1072 vitae
409 1040 548 1080 undique
563 1048 627 1070 nen
648 1041 749 1079 potest
769 1047 837 1068 esse
852 1037 1027 1068 secundum

258 1104 357 1127 unam
373 1093 638 1133 comparationem
650 1116 658 1130 ,
674 1091 728 1122 sed
744 1090 919 1121 secundum
940 1098 1028 1120 coni-

257 1148 452 1189 parationem
477 1146 515 1176 ad
541 1153 669 1176 omnem
689 1146 795 1175 actum
819 1145 849 1174 et
872 1143 911 1173 ad
932 1151 1027 1172 omne

257 1202 415 1240 objectum
431 1210 438 1231 z
456 1208 534 1238 ergo
549 1199 575 1228 si
590 1198 659 1228 haec
673 1200 719 1228 est
737 1196 883 1227 diffinitio
900 1195 1027 1226 virtutis

256 1256 339 1286 recte
354 1253 534 1292 assignata,
553 1251 679 1283 videtur
693 1249 777 1290 quod
793 1248 942 1288 quaelihet
960 1248 1025 1278 vir-

256 1311 309 1341 tus
329 1309 367 1340 ad
382 1317 508 1339 omnem
524 1309 631 1338 actum
645 1308 676 1336 et
691 1305 730 1335 ad
753 1314 847 1335 omne
867 1304 1026 1342 objectum

255 1362 370 1394 habeat
379 1361 519 1392 animam
532 1359 680 1390 ordinare
695 1370 701 1389 z
717 1358 771 1388 sed
785 1358 843 1387 hoc
857 1365 921 1386 non
932 1358 1023 1392 esset,

256 1416 282 1446 si
297 1415 431 1447 virtutes
446 1413 719 1451 distinguerentur
741 1419 796 1450 per
813 1411 901 1440 actus
922 1411 952 1439 et
967 1408 1024 1438 ol)-

253 1470 353 1509 jecta:
371 1477 449 1506 ergo
464 1467 589 1497 videtur
603 1465 686 1505 quod
698 1464 830 1495 virtutes
850 1462 1025 1493 cardinales

256 1530 321 1552 non
337 1521 475 1551 habeant
490 1519 631 1559 aliquam
655 1516 853 1548 essentialem
876 1515 1026 1545 differen-

256 1573 344 1605 tiam.

297 1628 325 1656 3.
344 1625 421 1655 Item
430 1623 528 1654 nullae
539 1624 649 1654 formae
661 1623 699 1652 ab
710 1622 747 1660 (a)
771 1620 907 1651 invicem
920 1619 1026 1659 dispa-

256 1679 333 1709 ratae
342 1677 512 1708 etdiversae
519 1676 635 1715 seipsas
642 1674 847 1706 denominant
858 1684 865 1704 2
877 1672 1025 1712 quamvis

257 1731 342 1763 enim
357 1739 431 1761 vere
445 1729 566 1759 dicatur
576 1728 661 1767 quod
676 1727 836 1758 musicum
849 1725 888 1756 sit
902 1725 1023 1762 album,

256 1785 364 1814 tamen
382 1782 469 1813 nullo
488 1781 581 1812 modo
601 1779 781 1810 conceditur
798 1778 882 1817 quod
903 1778 1025 1808 musica

257 1836 297 1867 sit
316 1836 387 1866 alba
404 1846 411 1866 ;
429 1835 481 1866 sed
498 1835 630 1865 virtutes
649 1832 831 1868 cardinales,
849 1831 1025 1862 secundum

257 1889 341 1929 quod
356 1888 426 1919 vult
444 1887 622 1919 Bernardus
637 1888 667 1917 et
680 1885 893 1924 Augustinus,
908 1884 1025 1923 seipsas

257 1944 474 1980 denominant,
496 1943 570 1982 quia
590 1941 737 1972 fortitudo
759 1942 805 1971 est
827 1940 977 1979 prudenS,
995 1941 1025 1969 et

257 1996 425 2036 prudentia
436 1996 522 2026 fortis
540 2006 546 2024 :
564 2004 642 2033 ergo
657 1994 782 2024 videtur
794 1993 879 2032 quod
890 2001 955 2022 non
970 1993 1025 2022 ha-

257 2049 351 2079 beant
365 2047 564 2079 essentialem
574 2046 795 2077 differentiam.

297 2103 328 2132 4.
346 2100 422 2131 Item
434 2099 567 2139 ,justitian
584 2098 760 2129 secundum
775 2097 861 2136 quod
875 2097 948 2127 dIcit
962 2097 1026 2128 An-

259 2154 375 2185 selmus
390 2154 411 2191 ²,
429 2155 476 2183 est
496 2151 650 2182 rectitudo
669 2150 842 2181 voluntatis
858 2159 864 2178 :
881 2150 934 2179 sed
956 2158 1026 2179 om-

259 2206 308 2237 nis
319 2205 484 2237 cardinalis
499 2205 599 2235 virtus
610 2207 655 2234 est
668 2203 821 2234 rectitudo
836 2202 1023 2234 voluntatis:

259 2267 339 2298 ergo
362 2258 465 2289 omnis
483 2256 649 2288 cardInalis
664 2255 766 2285 virtus
779 2257 825 2285 est
845 2254 974 2294 iustitia.
993 2255 1026 2286 Si

259 2320 339 2351 ergo
353 2311 475 2350 justitia
490 2309 634 2340 nominat
652 2317 751 2338 unam
772 2308 908 2346 speciem
924 2307 1027 2337 virtu-

259 2364 311 2402 tis,
328 2363 454 2394 videtur
465 2362 549 2402 quod
562 2360 736 2392 cardinales
745 2360 879 2390 virtutes
894 2368 957 2389 non
971 2359 1026 2390 ha-

258 2416 354 2448 beant
379 2415 577 2447 essentialem
607 2413 833 2449 differentiam,
867 2411 934 2442 sive
967 2412 1027 2443 for-

259 2470 387 2500 malem.

300 2523 330 2553 5.
357 2522 435 2553 Item
454 2521 581 2553 cuilibet
604 2519 716 2551 virtuti
730 2518 893 2549 essentiale
913 2520 959 2549 est
978 2519 1026 2550 in-

260 2574 378 2613 spicere
391 2574 544 2613 medium3
558 2573 687 2604 cuilibet
695 2572 789 2602 etiam
802 2571 965 2602 essentiale
980 2573 1026 2601 est

294 2635 301 2650 ¹
312 2635 387 2664 Aug„
400 2634 429 2657 de
442 2634 531 2663 Quam.
541 2634 641 2662 ciniruae,
652 2640 674 2656 c.
689 2638 742 2661 XVI,
756 2638 781 2655 n.
794 2632 833 2654 27.
843 2643 870 2648 -
881 2631 891 2648 ¹
902 2631 1024 2660 Ansclni.y

823 179 1132 212 SENTENTIARUM
1155 179 1230 212 LIB.
1257 179 1308 210 III.

1092 246 1232 277 medium
1259 255 1395 283 servare;
1422 246 1590 285 cujuslibet
1613 246 1707 276 etiam
1731 248 1778 277 est
1800 255 1859 285 ag-

1092 297 1181 335 gredi
1197 297 1338 335 disfieile;
1355 297 1523 336 cujuslibet
1533 298 1627 328 etiam
1637 300 1682 328 est
1696 298 1856 329 ordinare:

1090 349 1115 379 si
1130 359 1209 389 ergo
1222 350 1365 381 medium
1381 350 1534 389 inspicere
1549 353 1595 380 est
1608 350 1706 389 ipsius
1719 350 1860 389 pruden-

1090 402 1159 439 tiae;
1176 403 1315 434 medium
1325 412 1462 440 servare,
1475 403 1709 442 temperantiae;
1723 402 1858 442 aggredi

1090 454 1224 492 difficile,
1247 455 1458 492 fortitudinis;
1475 455 1632 493 ordInarc,
1656 455 1754 494 ipsius
1765 455 1859 494 justi-

1090 508 1156 545 tiae;
1168 508 1295 539 videtur
1303 509 1386 548 quod
1397 508 1546 547 quaelibet
1557 508 1688 538 istarum
1702 507 1858 538 virtutum

1090 559 1185 590 intret
1202 561 1369 591 essentiam
1384 561 1512 591 alterIus
1526 569 1534 590 z
1551 569 1616 590 non
1635 568 1715 599 ergo
1737 560 1858 591 forma-

1088 611 1158 643 liter
1172 613 1427 652 distinguuntur.

1367 706 1594 738 CONCLUSIO.

1092 775 1210 801 Virtutes
1243 774 1404 808 cardinales,
1431 776 1562 808 quantum
1584 774 1620 800 ad
1648 775 1773 808 sormam,
1804 782 1858 808 qua

1121 818 1283 845 ordinantur
1309 818 1345 844 ad
1364 819 1491 853 speciales
1514 821 1598 850 actus,
1624 820 1686 845 sunt
1708 818 1859 851 formaliter

1122 861 1295 896 differentem
1318 870 1370 889 non
1393 865 1482 889 tamen
1505 864 1535 889 ut
1558 863 1686 896 flratuitoe
1704 864 1729 889 et
1748 863 1857 889 merito-

1120 912 1179 931 rcae.

1125 985 1214 1025 Resp.
1242 985 1281 1016 ad
1304 994 1374 1024 arg.
1405 985 1578 1017 Dicendum
1595 985 1680 1024 quod
1702 987 1747 1015 est
1768 985 1858 1025 loqui

1084 1038 1121 1068 de
1141 1038 1313 1068 virtutibus
1329 1038 1542 1068 cardinalibus
1556 1039 1713 1077 quantum
1733 1038 1771 1069 ad
1792 1037 1858 1069 for-

1083 1100 1169 1122 mam
1191 1100 1247 1130 per
1268 1100 1365 1130 quam
1379 1094 1453 1121 sunt
1469 1091 1629 1130 gratuitae,
1646 1093 1676 1121 et
1695 1092 1854 1130 quantum

1082 1144 1121 1174 ad
1132 1144 1266 1174 formam
1275 1152 1435 1183 perquam
1444 1146 1517 1174 sunt
1526 1143 1708 1181 meritoriae‚
1717 1145 1747 1174 et
1756 1153 1854 1183 quan-

1083 1199 1151 1227 tum
1159 1196 1198 1227 ad
1207 1198 1341 1227 formam
1350 1206 1406 1236 per
1413 1206 1508 1236 quam
1517 1197 1635 1228 suntad
1643 1197 1791 1237 speciales
1799 1206 1852 1228 ac-

1082 1251 1175 1280 tuum
1199 1249 1390 1280 differentias
1404 1250 1567 1280 ordinatae.
1582 1249 1613 1281 Si
1630 1250 1801 1290 loquamur
1815 1249 1854 1280 de

1081 1303 1182 1332 forma
1205 1312 1260 1342 per
1285 1312 1382 1342 qnam
1402 1306 1476 1333 sunt
1497 1303 1658 1342 gratuitae,
1681 1304 1725 1334 sic
1746 1303 1779 1333 in
1800 1302 1854 1333 illa

1082 1355 1187 1394 potius
1206 1355 1374 1392 uniuntur,
1391 1365 1487 1395 quam
1508 1356 1760 1395 distinguantur,
1778 1356 1854 1396 quia

1081 1407 1134 1438 illa
1148 1409 1249 1438 forma
1265 1410 1310 1438 est
1327 1409 1430 1447 gratia
1445 1411 1574 1448 gratum
1585 1409 1712 1447 faciens,
1726 1418 1799 1448 quae
1811 1409 1852 1438 li-

1081 1463 1129 1491 cet
1148 1461 1187 1491 sit
1210 1470 1285 1497 una,
1306 1464 1411 1492 tamen
1432 1464 1557 1501 gratam
1581 1461 1681 1493 reddit
1701 1461 1763 1492 Deo
1788 1461 1853 1492 ani-

1082 1523 1167 1544 mam
1191 1523 1264 1544 cum
1279 1515 1436 1545 universis
1451 1514 1596 1553 potentiis
1611 1516 1692 1554 eJus,
1709 1516 1740 1545 et
1761 1514 1849 1544 habi-

1081 1566 1165 1596 tibus
1178 1566 1337 1604 virtuosis,
1352 1566 1432 1597 sicut
1449 1566 1484 1596 in
1498 1566 1636 1597 secundo
1650 1566 1730 1597 libro
1744 1568 1852 1598 osten-

1080 1628 1152 1649 sum
1176 1619 1250 1656 suit,
1274 1619 1470 1650 distinctione
1497 1629 1599 1650 xxvn.
1626 1618 1795 1658 Similiter,
1826 1620 1851 1650 si

1080 1672 1249 1711 loquamur
1273 1672 1310 1702 de
1340 1672 1415 1711 ipsis
1445 1672 1616 1703 virtutibus
1640 1672 1852 1703 cardinalibus

1081 1726 1237 1764 quantum
1258 1724 1297 1755 ad
1316 1725 1451 1755 formam
1467 1734 1522 1764 per
1536 1734 1633 1765 quam
1656 1727 1730 1756 sunt
1752 1725 1852 1756 meri-

1081 1778 1182 1815 toriae,
1198 1779 1229 1808 et
1243 1777 1361 1808 hahent
1375 1777 1529 1808 rationem
1541 1777 1684 1808 merendi
1700 1778 1849 1817 perfecte,

1081 1829 1126 1859 sic
1146 1828 1249 1867 magis
1265 1830 1495 1859 connectuntur
1515 1830 1545 1858 et
1563 1828 1732 1866 uniuntur,
1754 1837 1852 1868 quam

1081 1881 1330 1920 distinguantur,
1351 1882 1425 1920 quia
1442 1880 1494 1911 illa
1510 1881 1612 1911 forma
1634 1883 1680 1911 est
1702 1880 1850 1918 charitas,

1081 1943 1137 1974 per
1163 1943 1259 1973 quam
1284 1934 1414 1964 virtutes
1439 1935 1572 1970 caeterae,
1596 1935 1747 1972 tanquam
1769 1942 1851 1973 pon-

1082 1988 1155 2018 dere
1176 1987 1281 2024 unico,
1299 1987 1336 2017 ad
1354 1995 1457 2017 unum
1476 1987 1574 2016 finem
1595 1986 1746 2017 ultimum
1765 1986 1854 2017 incli-

1082 2042 1210 2078 nantur,
1232 2040 1322 2079 quasi
1343 2039 1381 2070 ad
1399 2039 1504 2070 locum
1528 2039 1694 2078 proprium
1712 2050 1718 2069 ε
1735 2041 1766 2069 et
1792 2039 1852 2070 hoe

1083 2093 1164 2123 infra
1179 2096 1188 2111 ³
1203 2093 1316 2123 melius
1329 2093 1511 2123 ostendetur
1523 2093 1555 2122 In
1571 2094 1705 2122 tractatu
1724 2092 1761 2122 de
1776 2100 1851 2122 con-

1083 2146 1219 2176 nexione
1233 2145 1401 2175 virtutum.
1417 2145 1450 2175 Si
1461 2153 1536 2176 vero
1548 2144 1718 2183 loquamur
1727 2144 1765 2175 de
1776 2144 1852 2185 ipsis

1083 2198 1252 2229 virtutibus
1263 2197 1437 2228 secundum
1451 2198 1585 2227 sormam
1601 2206 1656 2236 per
1671 2206 1767 2236 quam
1778 2199 1852 2228 sunt

1082 2251 1122 2281 ad
1144 2250 1292 2290 speciales
1316 2252 1445 2280 actuum
1470 2249 1664 2280 differentias
1685 2249 1850 2288 ordinatas,

1082 2303 1126 2334 sic
1144 2303 1212 2333 dIco
1234 2302 1318 2341 quod
1333 2302 1466 2333 virtutes
1486 2302 1658 2333 cardinales
1677 2303 1850 2333 essentiali-

1083 2358 1130 2387 ter
1155 2357 1186 2386 et
1208 2355 1380 2385 formaliter
1397 2354 1652 2393 distinguuntur.
1677 2354 1716 2385 Et
1738 2364 1850 2386 earum

1083 2408 1246 2439 diversitas
1260 2407 1418 2445 colligitur
1433 2416 1473 2437 ex
1487 2407 1629 2446 quinque
1644 2407 1850 2446 comparatio-

1082 2461 1189 2497 nibus,
1217 2460 1299 2490 sicut
1326 2460 1359 2489 in
1383 2459 1558 2498 objiciendo
1585 2462 1748 2490 ostensum
1777 2459 1849 2496 fust,

1082 2513 1227 2546 videlicet
1255 2522 1295 2543 ex
1323 2512 1502 2543 diversitate
1532 2511 1744 2552 potentiarum
1770 2520 1851 2551 quas

1082 2594 1111 2617 ‹Ie
1124 2593 1209 2623 Ferit„
1222 2599 1243 2615 c.
1254 2597 1315 2621 xum
1327 2591 1355 2614 de
1367 2592 1437 2616 Cone.
1455 2592 1536 2621 Vir-y„
1549 2598 1570 2614 c.
1585 2596 1607 2614 ν.
1620 2590 1668 2608 -3
1683 2590 1744 2614 Dist.
1758 2596 1849 2621 xxxvi,

1083 2633 1129 2655 art.
1147 2632 1168 2660 1,
1184 2637 1208 2660 q.
1224 2635 1240 2659 i,
1256 2631 1311 2653 net
1325 2635 1365 2654 111.
1376 2642 1406 2647 —
1421 2629 1456 2660 (a)
1469 2628 1532 2652 Caet.
1545 2627 1605 2651 edit.
1616 2628 1657 2652 ad.
