2017 2948
235 127 294 156 694

236 191 355 228 simile,
377 190 452 229 quia
473 189 518 220 ibi
537 191 584 219 est
604 189 651 219 vis
667 189 698 220 in
714 190 819 220 verbis
840 200 858 220 a
874 189 1006 220 Domino

237 243 376 279 statutis;
394 243 445 273 hic
459 244 565 273 autem
581 243 756 282 requiritur
769 245 803 273 ut
818 242 962 273 consulat
976 244 1006 273 et

232 296 353 336 judicet
375 296 551 326 secundum
566 296 805 333 conscientiam,
826 305 898 335 qnae
913 297 961 326 est
974 296 1006 325 in

237 350 315 389 ipso.
337 349 426 386 Quod
445 349 610 388 quaerstur,
630 352 739 379 utrum
761 351 876 388 peccet,
897 349 1005 379 ‹licen-

236 402 312 433 dum
327 402 413 441 quod
428 411 538 432 carens
549 402 735 432 discretione
748 402 923 432 necessaria
937 410 1007 441 pec-

236 457 286 485 eat
300 455 378 494 ipse,
393 455 493 494 etqui
507 464 581 486 enm
595 454 746 490 sus-tinen
763 454 801 485 de
811 454 872 484 alio
886 456 924 493 (a)
941 463 1006 485 non

236 507 341 538 credo.

555 564 622 585 nun.
647 564 690 585 ιν.

267 623 318 645 Nec
332 622 371 645 est
379 627 493 649 necesse,
509 622 535 644 ut
548 621 615 651 quod
631 621 756 645 sacerdoti
772 621 850 644 semel
865 621 975 645 confessi

420 663 523 685 sumus,
536 656 627 680 iterum
642 657 818 682 conliteamur.

276 718 323 749 Ex
338 719 397 748 hac
410 719 515 749 littera
530 718 656 749 videtur
675 718 760 758 quod
777 721 917 758 peccata,
934 728 1006 758 quae

235 772 331 801 semel
343 772 440 802 homo
450 772 609 802 confessus
622 773 680 807 est,
690 780 755 801 non
769 771 880 801 debeat
890 771 1006 802 iterum

234 825 388 862 confiteri,
406 825 472 855 sive
487 834 552 855 non
566 825 605 855 sit
621 833 757 855 necesse.
774 824 811 855 Et
826 825 903 855 illud
918 825 1004 856 vide-

236 880 287 908 tur
308 887 364 917 per
378 878 551 915 rationem,
573 877 657 916 quod
676 877 709 907 in
728 878 839 908 eodem
855 879 921 908 foro
942 888 1006 909 non

235 931 326 962 debet
340 931 410 970 quis
426 930 473 960 bis
490 930 598 969 puniri
613 941 619 961 :
636 930 661 960 si
677 939 756 969 ergo
774 930 846 969 quis
861 940 918 970 pro
933 940 1006 970 pec-

235 986 302 1015 cato
336 984 504 1014 commisso
534 982 629 1014 semel
663 983 792 1022 punitus
824 986 886 1020 est,
918 984 1005 1014 vide-

234 1041 297 1075 tur,
314 1039 372 1068 etc.
392 1037 469 1067 Item
485 1039 607 1067 certum
622 1038 667 1066 est
682 1036 766 1075 quod
781 1038 907 1075 peccata
926 1046 1006 1067 nuu-

234 1099 329 1129 quum
345 1090 477 1120 redeunt
492 1090 668 1120 secundum
683 1088 849 1119 veritatem
862 1100 868 1120 :
887 1099 964 1128 ergo
979 1090 1005 1119 si

233 1142 329 1174 semel
347 1142 511 1173 absolutus
533 1144 596 1179 est,
619 1151 789 1181 nunquam
810 1142 929 1180 ligatur
946 1142 1006 1172 ite-

232 1204 305 1226 rum
323 1203 331 1224 :
349 1204 426 1234 ergo
441 1204 607 1234 nunquam
624 1196 749 1225 tenetur
764 1194 880 1225 iterum
895 1195 1005 1225 eadem

232 1248 386 1279 confiteri.
409 1247 522 1278 Contra
542 1258 549 1278 ι
573 1247 712 1278 Ponatur
735 1248 820 1288 quod
843 1248 916 1287 quis
935 1249 1005 1279 ficte

232 1302 435 1338 confiteatur3
453 1303 598 1331 constans
613 1303 662 1339 ‘est
682 1301 766 1340 quod
783 1301 855 1331 talis
874 1311 937 1331 non
953 1311 1002 1332 re-

233 1356 334 1394 portat
349 1354 567 1391 commodum,
585 1354 649 1384 imo
663 1354 817 1384 damnum
831 1354 868 1384 de
883 1355 1004 1384 conses-

232 1407 336 1438 sione:
353 1408 378 1437 si
391 1416 469 1446 ergo
484 1407 563 1437 nihil
578 1410 720 1437 remanet
735 1407 767 1437 in
782 1416 819 1437 eo
834 1407 872 1437 de
886 1408 1005 1438 conses—

232 1458 331 1496 sione,
344 1458 420 1498 quia
431 1458 645 1488 characterem
662 1466 725 1487 non
741 1457 906 1497 imprimit,
924 1466 1003 1496 ergo

232 1513 357 1542 tenetur
373 1511 488 1541 iterum
502 1511 656 1541 confiteri.
673 1510 751 1541 Item
767 1513 904 1550 ponatur
918 1511 1004 1551 quod

232 1564 346 1604 aliquis
360 1566 591 1594 rememoretur
605 1564 722 1603 peccati
743 1564 900 1602 mortalis,
917 1565 1003 1604 quod

232 1617 347 1648 oblitus
362 1616 420 1646 fuit
435 1616 592 1653 confiteri3
612 1618 756 1646 constans
772 1619 818 1646 est
839 1617 923 1656 quod
938 1627 1003 1649 non

233 1672 279 1701 est
294 1670 453 1700 confessus
468 1669 591 1708 integre
609 1678 666 1708 pro
685 1671 770 1699 statu
788 1669 821 1698 in
839 1678 904 1709 quo
918 1679 1004 1701 nunc

231 1725 292 1761 est;
309 1723 362 1753 sed
377 1723 529 1753 consessio
544 1732 617 1762 quae
632 1731 697 1752 non
707 1724 754 1753 est
768 1723 906 1762 integra,
922 1724 1004 1755 sicut

232 1777 312 1807 infra
336 1776 505 1814 videbitur,
531 1786 588 1816 pro
615 1776 704 1807 nulla
732 1777 908 1816 reputanda
930 1780 1000 1809 est:

231 1839 309 1869 ergo
332 1831 456 1860 tenetur
480 1830 595 1860 iterum
617 1831 719 1859 totum
743 1830 900 1868 confiteri,
922 1840 958 1861 ac
977 1832 1003 1862 si

231 1891 397 1923 nunquam
426 1882 535 1913 fuisset
562 1883 733 1913 consessuS.
760 1882 839 1913 Item
867 1886 1004 1923 ponatur

231 1937 317 1978 quod
342 1936 456 1976 aliquis
478 1935 652 1966 recidivet:
680 1937 826 1966 constans
851 1937 897 1966 est
918 1937 1003 1976 quod

231 1992 395 2030 peccatum
410 1997 547 2028 sequens
561 1997 601 2019 ex
616 1988 868 2027 praecedentibus
887 1998 1003 2028 aggra-

232 2045 340 2081 vatur,
370 2044 438 2072 tum
467 2044 594 2081 propter
622 2041 883 2080 ingratitudinem
894 2066 902 2079 ,
937 2045 1003 2074 tum

232 2098 360 2136 propter
388 2094 647 2125 consuetudinem
661 2104 668 2124 ε
700 2103 779 2133 crgo
810 2103 876 2124 non
903 2097 1004 2134 potest

232 2148 305 2179 sciri
321 2147 478 2187 quantitas
495 2147 623 2186 peccati,
635 2156 692 2177 nec
706 2147 840 2186 qualitas
854 2148 1002 2179 confiten-

234 2201 283 2237 tis,
300 2200 360 2230 nisi
376 2200 493 2230 sciatur
507 2201 629 2230 totum:
645 2209 734 2238 ergo,
751 2202 808 2230 ete.

273 2253 363 2293 Resp.
381 2253 550 2284 Dicendum
565 2252 649 2292 quod
661 2253 686 2282 si
696 2253 849 2283 confessio
859 2252 1002 2291 legitime

233 2306 313 2337 facta
328 2308 384 2342 est,
400 2307 431 2336 et
444 2315 492 2343 ea,
506 2314 578 2345 quae
588 2305 626 2336 ad
640 2305 740 2344 ipsam
755 2306 924 2344 pertinent,
941 2315 1003 2336 ser-

234 2360 306 2389 vata
325 2360 409 2396 sunt,
425 2367 489 2389 non
504 2360 626 2398 oportet
639 2358 755 2388 iterum
772 2359 913 2389 confiteri
930 2368 1002 2398 quae

234 2410 310 2440 alias
319 2420 430 2441 sumus
441 2411 584 2442 confessi.
596 2411 655 2442 Sed
666 2411 742 2451 quia
751 2412 906 2450 contingit
917 2412 1002 2451 quod

233 2464 395 2500 confessio,
412 2464 461 2493 vel
481 2463 606 2503 quaudo
622 2464 724 2503 primo
739 2464 818 2494 sacta
832 2468 895 2502 est,
912 2465 1001 2496 irrita

231 2515 306 2553 fuit,
329 2516 380 2546 vel
402 2516 605 2556 postmodum
624 2517 776 2555 irritatur,
793 2517 862 2549 ideo
880 2520 1002 2557 oportet

264 2578 296 2607 (ιι)
310 2578 371 2602 Cat.
386 2577 446 2602 edit.
460 2578 515 2602 alia.

799 121 1104 154 SEN'1¹1·3N'1‘1ARUM
1128 122 1198 152 LlB.
1225 122 1273 154 lv,

1060 188 1228 228 ailquando
1242 189 1360 220 iterari.
1372 190 1453 221 Sunt
1468 193 1576 221 autem
1592 192 1728 230 quatuor
1742 199 1832 220 casus
1850 190 1956 217 *⁴⁴th-

1061 250 1247 272 communes
1257 244 1287 272 et
1298 242 1414 280 usitati⁷
1427 243 1458 273 111
1468 243 1585 282 quibus
1595 243 1737 273 doctores
1748 242 1832 273 dixe·

1062 296 1137 324 runt
1160 294 1388 325 confessionem
1407 305 1472 326 esse
1495 296 1681 326 iterandam.
1707 295 1833 326 Primus
1870 301 1952 321 Primu-

1848 337 1908 351 casus

1062 350 1107 378 est
1123 350 1251 387 propter
1270 350 1490 379 enormitatem
1510 349 1653 387 sceleris,
1673 350 1712 380 ob
1735 358 1832 389 quam

1061 403 1183 440 oportet
1207 404 1400 440 peccatorem
1421 402 1458 431 :ld
1481 403 1677 441 superiorem
1701 402 1830 439 remitti,

1062 453 1115 492 qui
1139 454 1366 485 confessionem
1389 455 1511 485 remissi
1537 455 1646 486 audire
1669 454 1778 492 debet,
1803 457 1833 486 et

1062 506 1242 545 absolvere,
1258 507 1319 537 nisi
1337 507 1425 537 malit
1439 507 1527 538 alteri
1545 508 1752 539 committere.
1773 508 1833 539 Se·
1848 517 1959 538 Secundus
2007 523 2015 550 -ο-

1874 554 1917 568 Sus-

1062 559 1183 590 cundus
1204 562 1251 590 est
1272 562 1399 599 propter
1418 560 1635 599 ignorantiam
1651 561 1831 598 sacerdotis,

1063 615 1169 652 utpote
1192 613 1317 652 quando
1338 613 1482 643 sacerdos
1504 614 1636 652 ignarus
1655 616 1720 644 est:
1746 623 1834 654 quae—

1062 666 1178 696 rendus
1192 666 1278 696 enim
1293 668 1339 696 est
1358 668 1434 696 tunc
1449 666 1607 704 sacerdos,
1628 666 1682 706 qui
1707 666 1783 697 sciat
1796 666 1834 697 li-

1062 728 1139 758 gare
1154 722 1184 749 et
1198 719 1329 757 solvere,
1347 721 1376 749 et
1391 719 1417 749 ei
1432 719 1546 749 iterum
1557 721 1602 750 est
1617 719 1832 751 confitendum

1062 772 1112 802 vel
1130 781 1169 802 ex
1183 772 1308 802 licentia
1320 772 1488 802 sacerdotis
1502 772 1647 811 propriis,
1665 772 1713 803 vel
1728 775 1833 804 aucto-

1061 824 1152 854 ritate
1177 824 1358 864 superioris.
1383 823 1507 854 Tertius
1529 833 1618 855 casus
1638 827 1685 855 est
1706 827 1834 865 propter
1861 834 1945 854 ‘remu-

1861 871 1916 885 fisus.

1063 877 1214 907 malitiam
1230 877 1377 915 fictionis,
1395 880 1429 907 ut
1443 877 1468 907 si
1484 877 1617 908 scienter
1630 877 1754 917 aliquod
1767 887 1834 918 pec·
1848 872 1858 884 ‘³

1062 932 1167 960 catum
1184 930 1215 960 in
1237 930 1329 961 eorde
1348 930 1492 968 retinuit,
1510 930 1561 960 vel
1581 931 1604 959 si
1620 931 1748 962 accessit
1759 940 1833 962 cum

1062 983 1226 1014 voluntate
1240 983 1400 1023 peccandi.
1411 982 1548 1020 Quartus
1563 986 1610 1014 est
1622 987 1749 1023 propter
1763 993 1833 1015 con·
1855 996 1945 1018 Quare„

1849 1032 1917 1047 casus·

1061 1038 1217 1075 temptum
1238 1036 1473 1073 satisfactionis,
1488 1038 1523 1066 nt
1541 1036 1668 1075 quando
1685 1037 1831 1077 negIIgit‚

1061 1091 1091 1120 et
1106 1089 1275 1119 coutemnit
1293 1089 1393 1119 facere
1409 1089 1625 1128 poenitentiam
1639 1089 1697 1119 sibi
1714 1090 1833 1129 injunc-

1060 1144 1135 1171 tam.
1158 1141 1195 1171 Et
1214 1141 1431 1179 intelligantur
1451 1141 1500 1171 isti
1520 1142 1582 1172 duo
1604 1142 1709 1172 ultimi
1729 1152 1830 1180 casus,

1061 1195 1188 1234 quando
1204 1197 1306 1225 mutat
1322 1195 1526 1225 sacerdotem.
1543 1195 1575 1225 Si
1590 1196 1674 1226 enim
1687 1196 1725 1227 ad
1740 1206 1831 1228 eum-

1061 1248 1132 1278 dem
1162 1248 1342 1285 revertitur⁷
1368 1250 1443 1278 tunc
1471 1247 1733 1286 distinguendum
1761 1252 1830 1281 est:

1060 1301 1137 1340 quia
1155 1302 1209 1330 aut
1228 1302 1370 1330 recenter
1385 1301 1546 1331 confessus
1564 1303 1625 1339 est,
1646 1303 1702 1332 aut
1712 1302 1781 1341 ‚iam
1796 1303 1834 1334 de

1061 1353 1217 1384 memoria
1231 1355 1305 1383 sunt
1317 1353 1423 1392 elapsa
1437 1353 1476 1383 ab
1492 1353 1559 1393 ipso
1571 1353 1730 1385 sacerdote
1745 1364 1835 1396 prop-

1059 1409 1107 1438 ter
1126 1408 1367 1438 diuturnitatem
1391 1408 1552 1447 temporis.
1578 1408 1613 1439 In
1633 1409 1736 1448 primo
1758 1418 1832 1442 casu

1060 1470 1123 1492 non
1143 1463 1269 1491 tenetur
1284 1461 1414 1499 iterare,
1439 1461 1471 1491 in
1491 1461 1627 1502 secundo
1646 1464 1782 1494 tenetur.
1799 1463 1832 1494 ln

1060 1514 1109 1544 his
1127 1515 1252 1545 casibus
1275 1514 1488 1545 communiter
1512 1515 1701 1546 concordant
1724 1525 1834 1547 omnes

1059 1568 1288 1598 consessionem
1309 1567 1486 1598 iterandam
1511 1576 1589 1598 esse.
1612 1568 1694 1598 Sunt
1716 1571 1746 1599 et
1769 1568 1834 1600 duo

1059 1620 1110 1650 alii
1128 1629 1233 1657 casuS,
1252 1621 1285 1650 iu
1297 1621 1414 1659 quibus
1428 1621 1572 1651 doctores
1587 1621 1645 1651 sibi
1659 1621 1833 1653 adversan-

1060 1675 1122 1703 tur.
1139 1673 1247 1712 Aliqui
1261 1673 1348 1703 anim
1361 1672 1482 1711 dicunt,
1497 1673 1582 1712 quod
1597 1676 1722 1704 tenetur
1736 1674 1832 1706 homo
1853 1684 1892 1704 An·
1910 1684 1951 1704 auu

1059 1724 1174 1755 iterare
1197 1726 1426 1756 confessionem
1451 1728 1580 1765 propter
1602 1727 1719 1765 peccati
1743 1727 1830 1758 obliti
1846 1721 1950 1772 ffiffisss.

1059 1778 1326 1816 recordationem,
1356 1780 1387 1808 et
1409 1780 1535 1818 propter
1558 1779 1829 1819 recidivationem,

1060 1831 1214 1870 quoniam
1228 1831 1318 1862 aliter
1333 1831 1485 1861 confessio
1503 1831 1628 1870 integra
1642 1840 1706 1862 non
1722 1834 1785 1863 est:
1803 1835 1833 1864 et

1060 1884 1288 1914 confessionem
1302 1886 1426 1923 oportet
1437 1884 1553 1915 habere
1564 1884 1779 1923 integritatem
1794 1887 1833 1918 ad

1059 1935 1130 1973 hoc,
1148 1938 1182 1967 ut
1200 1936 1313 1966 habeat
1328 1936 1508 1974 utilitatem,
1530 1937 1611 1967 sicut
1622 1937 1737 1968 melius
1752 1940 1833 1978 pate-

1060 1988 1105 2018 bit
1124 1989 1215 2020 infra.
1233 1989 1295 2019 Alii
1317 1989 1440 2028 dieunt,
1456 1991 1539 2030 quod
1555 1991 1672 2021 sufficit
1685 1991 1718 2021 in
1733 2000 1830 2031 gene·
1847 2000 1950 2026 ommni.

1060 2043 1117 2072 rali
1135 2043 1237 2074 dicere
1257 2052 1288 2073 se
1307 2043 1385 2073 alias
1400 2053 1558 2083 peccasse,
1575 2046 1605 2075 et
1619 2045 1680 2075 hoc
1694 2045 1733 2076 de
1749 2054 1831 2076 novo

1060 2098 1223 2134 peccatum
1245 2096 1453 2134 commisisse,
1480 2097 1530 2127 vel
1551 2097 1750 2128 recordatum
1765 2107 1832 2129 esse

1060 2149 1091 2178 in
1107 2148 1246 2188 speciali,
1265 2149 1417 2188 quoniam
1442 2149 1528 2189 prior
1549 2150 1703 2180 confessio
1718 2150 1829 2189 valuit,

1060 2204 1089 2232 et
1106 2202 1190 2232 bona
1208 2202 1278 2232 fuit.
1296 2202 1356 2232 Alii
1376 2202 1483 2232 dicunt
1501 2202 1586 2241 quod
1606 2204 1730 2241 peccata
1747 2205 1830 2244 ejus·
1845 2214 1948 2241 Opiuius.

1059 2255 1131 2285 dem
1148 2254 1274 2293 generis
1289 2256 1414 2285 tenetur
1428 2255 1543 2285 referre
1565 2255 1599 2285 in
1617 2256 1760 2295 speciali,
1777 2257 1832 2287 sed

1059 2307 1120 2337 alia
1135 2308 1167 2337 in
1189 2308 1348 2346 generali:
1368 2310 1399 2338 et
1414 2308 1457 2338 sic
1474 2308 1548 2338 satis
1562 2310 1609 2338 est
1622 2310 1828 2341 consuetudo.

1059 2361 1119 2391 Sed
1135 2361 1211 2400 quid
1230 2371 1324 2401 super
1346 2361 1395 2392 his
1416 2361 1455 2392 sit
1474 2362 1695 2401 sentiendum,
1717 2363 1830 2394 melius
1844 2373 1947 2407 netem.-

1059 2414 1176 2454 patebit
1201 2414 1281 2444 infra
1301 2418 1325 2451 ¹;
1351 2415 1389 2445 ad
1414 2424 1552 2454 praesens
1571 2418 1677 2446 autem
1706 2418 1829 2447 tantum
1844 2406 1919 2456 „323⁰

1059 2466 1172 2497 dixisse
1184 2467 1328 2498 sufficiat.
1344 2466 1431 2504 Quod
1448 2467 1473 2497 si
1490 2467 1592 2507 igitur
1607 2469 1684 2499 velis
1698 2469 1827 2509 praecise

1059 2519 1148 2557 scire,
1162 2520 1236 2559 quid
1253 2521 1292 2551 sit
1306 2521 1516 2552 necessarium
1533 2521 1564 2551 in
1580 2521 1743 2553 iteratione
1756 2530 1827 2552 con·

1091 2582 1095 2594 ¹
1111 2580 1172 2605 Dist.
1188 2588 1240 2608 xxi.

1848 554 1871 567 ΕΑ
