2017 2948
62 344 158 371 Improb.

68 862 164 888 Explica-

99 894 129 914 tio

57 925 152 946 rationis.

53 2144 148 2173 Expun-

53 2182 89 2200 tio.

584 159 675 189 nIST.
699 160 749 190 Xl.
777 161 888 191 PART.
915 161 950 191 II.
977 160 1063 190 ART.
1090 161 1126 190 ll.
1151 160 1298 195 QUAEST.
1323 161 1359 191 ll.

179 225 250 255 licet
271 234 345 255 vere
368 225 408 255 sit
427 225 600 265 singulare.
625 225 664 256 Et
689 227 862 257 secundum
878 228 950 266 opi—

181 278 308 308 nionem
322 278 471 315 istorum,
489 278 515 308 si
528 281 725 309 reservatum
740 280 865 316 fuisset,
882 288 949 309 non

181 334 261 361 esset
278 334 435 361 mortuum
450 331 483 361 in
499 331 624 370 pyxide.
640 332 700 362 Sed
711 332 786 371 quia
801 332 870 362 haec
881 332 948 371 opi-

182 385 234 414 nio
245 384 339 414 simul
349 384 587 414 contradictoria
604 385 691 423 ponit
705 385 767 415 dici
782 385 819 414 de
836 385 947 415 eodem

182 438 355 467 secundum
373 437 455 476 quod
469 437 568 474 idem,
585 440 614 467 et
630 438 688 467 hoc
704 447 767 468 non
781 440 824 467 est
842 447 947 467 neces-

182 491 300 520 sarium
318 499 433 529 ponere
446 491 477 519 in
494 490 553 520 hoc
569 493 782 528 sacramentm
801 491 870 520 ideo
886 490 946 519 mi-

96 561 101 573 ,
119 555 166 575 502.
181 552 242 573 nus
260 545 307 573 est
329 542 534 573 rationabilis.
552 542 721 582 Propterea
742 545 786 573 est
803 543 864 573 alia
879 543 945 582 opi-

180 596 233 626 nio
248 595 407 634 Magistri,
429 597 459 625 et
479 595 650 626 Innocentii
664 620 672 633 ,
690 598 720 626 et
741 596 924 635 sequacium
937 620 944 633 ,

180 648 264 688 quod
279 647 364 678 dedit
377 648 438 678 tale
457 657 570 687 corpus
583 648 761 688 discipulis,
778 649 871 688 quale
888 648 947 678 ha-

179 702 256 732 buit.
282 701 433 738 Quamvis
457 702 541 732 enim
571 711 684 741 corpus
711 701 823 732 Christi
850 702 946 731 simul

178 755 293 784 virtute
309 755 497 784 sacramenti
513 754 553 784 sit
568 754 600 784 in
615 754 758 794 pluribus
771 754 858 790 locis,
875 763 945 784 eas-

177 805 249 836 dem
275 808 381 837 tamen
406 807 500 837 habet
523 808 683 838 absolutas
717 808 944 847 proprietates,

178 862 329 899 tanquam
346 870 446 891 unum
461 871 606 892 numero.
624 862 661 892 Et
676 864 802 902 propter
814 862 891 899 1100,
907 861 946 891 ad

179 913 421 952 intelligentiam
445 914 641 953 objectorum
667 915 699 945 in
729 915 943 952 eontrarium,

177 966 345 997 dicendum
361 968 444 1006 quod
466 968 582 1007 duplex
602 970 648 998 est
662 969 855 1008 proprietas,
873 976 945 1007 quae

176 1019 323 1050 convenit
337 1021 459 1059 corpori
475 1020 589 1051 Christi
602 1031 607 1051 :
621 1021 767 1060 quaedam
783 1020 942 1057 absoluta;

175 1072 321 1112 qnaedam
344 1072 441 1103 relata
455 1073 494 1103 ad
513 1073 629 1104 10011111.
647 1073 825 1112 Proprietas
849 1074 942 1103 abso-

175 1125 240 1154 luta
253 1133 324 1163 qnae
340 1125 487 1155 convenit
501 1126 622 1165 corpori
639 1126 766 1164 Christi,
782 1128 816 1156 nt
831 1126 862 1156 in
879 1135 944 1156 11110

174 1178 242 1208 1000
259 1180 319 1215 est,
336 1187 408 1208 cum
424 1179 463 1208 sit
481 1188 542 1208 una
553 1202 562 1216 ,
577 1179 724 1208 convenit
741 1181 845 1209 tamen
861 1182 896 1209 ut
911 1179 944 1209 in

173 1234 333 1264 omnibus.
358 1233 415 1264 Sed
439 1234 612 1273 proprietas
636 1233 734 1264 relata
756 1234 794 1263 ad
818 1233 940 1270 10011111,

172 1295 246 1317 011111
272 1287 311 1316 sit
340 1286 373 1315 111
404 1286 537 1316 diversis
567 1286 642 1315 locis
659 1309 668 1323 ,
692 1286 749 1315 etsi
778 1286 944 1316 conveniat

172 1339 201 1369 ei
217 1339 249 1368 in
266 1347 329 1369 uno
345 1338 429 1376 1000,
446 1348 510 1368 11011
526 1341 630 1368 tamen
650 1341 788 1378 oportet,
811 1340 894 1378 quod
911 1339 942 1369 in

172 1391 331 1433 omnibus
350 1390 437 1421 Unde
454 1400 517 1421 11011
533 1393 667 1430 oportet,
689 1391 772 1430 quod
787 1391 811 1420 si
828 1400 943 1431 corpus

172 1444 283 1474 Christi
294 1445 333 1474 sit
344 1444 375 1473 in
388 1444 494 1474 multis
507 1445 590 1479 locis,
603 1444 688 1483 quod
703 1444 729 1473 si
747 1447 894 1474 movetur
909 1445 943 1475 in

171 1506 245 1535 uno,
255 1500 423 1527 moveatur
432 1498 463 1526 111
472 1497 580 1527 altero.
590 1497 810 1527 Similitvrnon
820 1500 942 1536 oportet

170 1550 252 1590 quod
272 1550 297 1579 51
313 1550 427 1589 aliquis
443 1550 576 1589 percutit
598 1550 701 1589 ipsum
719 1551 751 1580 in
774 1560 838 1580 11110
853 1551 940 1589 loco,

171 1602 254 1642 quod
278 1603 310 1632 in
334 1603 395 1633 alio
416 1602 559 1632 similiter
584 1603 752 1641 percutiat,
774 1603 849 1641 qnia
873 1603 942 1633 talis

170 1656 308 1694 operatio
329 1656 454 1694 respicit
468 1655 671 1695 praesentiam
687 1655 820 1685 localem
836 1664 943 1694 agen-

169 1708 220 1738 tis.
238 1708 282 1738 lta
296 1708 438 1738 similiter
452 1717 517 1738 non
533 1710 670 1747 oportet,
688 1708 773 1747 quod
791 1709 817 1737 si
833 1709 939 1739 videa-

170 1763 222 1791 tur
236 1761 269 1790 in
285 1769 349 1791 uno
363 1760 448 1798 loco,
465 1760 548 1799 quod
566 1761 598 1790 in
614 1760 675 1791 alio
691 1760 852 1797 videatur,
867 1761 943 1800 quia

170 1813 230 1844 hoc
245 1813 372 1852 respicit
386 1813 587 1852 praesentiam
606 1812 750 1842 visibilis.
769 1812 942 1843 Conceden-

172 1866 248 1897 dum
263 1875 342 1905 ergo
364 1867 448 1906 quod
464 1865 606 1897 Christus
623 1875 736 1905 (eorpus
751 1866 897 1906 passibile
911 1868 942 1896 et

173 1919 303 1949 mortale
316 1919 450 1949 babebat
466 1919 524 1949 sub
539 1921 734 1949 sacramento
747 1930 754 1956 ;
771 1919 823 1949 sed
834 1921 940 1949 tamen

171 1980 235 2002 non
248 1974 368 2011 poterat
384 1972 426 2001 ibi
439 1972 497 2002 sibi
513 1972 615 2011 passio
630 1972 752 2010 inferri,
770 1974 940 2012 quantum-

172 2034 307 2064 cumque
330 2025 426 2056 homo
445 2028 622 2065 percuteret
639 2035 646 2055 :
663 2026 748 2056 unde
771 2026 940 2056 dicendum

172 2078 256 2118 quod
273 2078 331 2109 snb
350 2079 511 2118 speciebus
528 2078 588 2108 illis
605 2081 671 2109 erat
691 2079 848 2118 passibilis
861 2103 870 2116 ,
887 2079 939 2109 sed

173 2133 240 2161 erat
269 2131 310 2160 ibi
336 2131 579 2171 impassibiliter.
606 2131 694 2162 Unde
722 2132 878 2171 loquendo
903 2132 941 2163 de

173 2184 318 2224 passione
341 2185 446 2223 illata,
473 2185 498 2215 si
515 2187 678 2225 quaeratur
704 2187 813 2215 utrum
838 2188 942 2225 posset

172 2237 215 2267 ibi
237 2237 321 2277 pati,
345 2238 404 2268 ista
428 2239 656 2277 distinguenda
678 2243 724 2269 est
746 2248 753 2268 :
778 2241 832 2269 aut
855 2239 940 2269 enim

172 2291 248 2327 hoc,
272 2291 356 2330 quod
378 2293 424 2321 est
439 2291 502 2329 ibi,
519 2292 706 2322 determinat
729 2295 835 2322 actum
852 2316 860 2328 ,
886 2294 941 2323 aut

172 2343 430 2382 compositionem
447 2344 635 2375 intellectam
649 2346 732 2375 circa
748 2346 938 2385 subjectum.

172 2395 205 2427 Si
221 2396 408 2427 determinat
423 2399 527 2427 actum
538 2421 546 2435 ,
564 2397 640 2428 salsa
659 2400 722 2435 est,
739 2398 815 2437 quia
830 2407 941 2428 sensus

172 2451 233 2486 est,
250 2449 333 2488 quod
349 2449 408 2480 sub
423 2452 618 2480 sacramento
641 2452 763 2489 poterat
782 2450 811 2481 ei
835 2450 939 2490 passio

172 2501 281 2532 inferri
294 2511 301 2532 ε
314 2504 343 2532 01
353 2502 413 2532 1100
425 2505 472 2533 est
486 2502 598 2533 falsum
609 2526 616 2539 ‚
633 2503 709 2542 quia
721 2503 802 2533 sicut.
816 2503 859 2533 ibi
875 2512 939 2533 non

171 2556 293 2594 poterat
307 2555 430 2593 sentiri,
448 2556 489 2586 ita
503 2564 561 2586 nec
575 2558 698 2595 poterat
716 2556 744 2586 ei
767 2556 868 2595 passio
886 2556 939 2586 in-

171 2606 256 2638 ferri.
283 2608 315 2639 Si
338 2610 444 2639 autem
470 2609 657 2640 determinat
680 2609 940 2649 compositionem

1716 163 1773 193 503

1006 227 1194 256 intellectam
1217 226 1299 256 circa
1320 227 1498 265 subiectum
1509 251 1518 265 ,
1535 228 1579 257 sic
1594 228 1709 258 locutio
1724 231 1774 260 est

1004 288 1080 310 vera
1098 304 1105 317 ,
1129 283 1159 309 et
1180 281 1227 309 est
1250 288 1360 309 sensus
1381 289 1388 309 τ
1413 279 1558 310 Existens
1583 281 1627 311 ibi
1650 283 1771 320 poterat

1003 332 1084 372 pati,
1100 331 1173 371 quia
1189 332 1214 361 si
1229 331 1332 371 passio
1348 332 1379 361 in
1395 332 1457 362 alio
1471 333 1538 363 loco
1558 333 1587 363 ei
1602 334 1772 364 inferretur

1005 386 1060 423 (a),
1078 385 1172 415 etiam
1189 385 1232 414 ibi
1248 385 1425 424 passionem
1441 386 1569 416 sentiret
1584 388 1614 416 et
1630 396 1770 417 morere-

1003 441 1066 467 tur.
1082 437 1169 468 Unde
1184 438 1209 467 si
1226 438 1333 468 fuisset
1347 440 1544 468 reservatum
1558 447 1671 478 corpus
1681 439 1769 478 illud,

1003 490 1163 521 habuisset
1180 492 1291 531 plagas
1310 491 1368 521 sub
1391 493 1601 528 sacramento,
1618 491 1770 522 510111οΧ-

1003 546 1065 581 tra,
1083 545 1135 574 sed
1153 546 1257 574 tamen
1274 553 1339 574 non
1352 546 1433 574 esset
1448 544 1492 573 illi
1506 543 1550 573 ibi
1565 543 1650 574 illata
1668 545 1771 583 passio

1003 597 1060 627 sub
1075 597 1128 626 tali
1148 597 1241 627 modo
1257 596 1421 627 existendi.
1442 596 1572 635 Propter
1586 596 1646 627 1100
1663 597 1772 627 dicunt

1003 650 1166 688 magistri,
1191 650 1275 689 quod
1301 650 1343 679 ibi
1363 650 1500 680 existens
1524 651 1590 679 erat
1614 649 1771 688 passibilis

1003 702 1146 742 passione
1165 702 1251 732 illata
1270 702 1329 731 sibi
1344 701 1433 739 alibi,
1451 704 1557 732 tamen
1574 704 1640 732 erat
1654 702 1699 731 ibi
1714 702 1773 732 im-

1002 755 1202 795 passibiliter.
1220 754 1256 785 Et
1276 755 1302 784 si
1327 755 1371 784 510
1390 755 1540 793 magister
1562 754 1658 793 Hugo
1680 755 1773 786 intel-

1001 808 1087 845 lexit,
1100 807 1194 837 habet
1204 807 1380 838 veritatem.
1393 806 1451 838 Sed
1463 810 1539 837 tunc
1550 807 1603 837 illa
1613 807 1770 847 adaptatio

1002 861 1039 891 de
1053 861 1179 891 dotibus
1195 869 1258 890 non
1280 860 1364 890 valet
1380 871 1386 890 :
1409 861 1435 890 si
1457 860 1543 890 enim
1558 860 1645 890 dotes
1660 860 1770 891 dicunt

1001 914 1168 953 qualitates
1183 913 1303 952 aliquas
1316 937 1322 949 ,
1340 921 1404 943 non
1419 913 1511 943 video
1525 912 1685 950 quomodo
1700 921 1768 943 cor-

1001 976 1060 1006 pus
1088 976 1151 996 non
1177 966 1216 996 sit
1243 965 1409 995 alteratum
1433 965 1544 995 saltem
1568 965 1606 995 ad
1629 967 1767 1004 tempus.

1001 1019 1126 1050 Constat
1147 1021 1251 1049 autem
1277 1019 1381 1058 quod,
1409 1017 1535 1057 quando
1558 1017 1642 1048 dedit
1665 1027 1770 1048 sacra-

1001 1074 1158 1107 mentum,
1174 1080 1284 1110 corpus
1299 1072 1368 1110 ejus
1382 1072 1454 1101 actu
1466 1073 1496 1100 et
1511 1070 1620 1100 habitu
1635 1070 1772 1101 habebat

999 1125 1223 1164 proprietatem
1239 1124 1451 1164 passibilitatis
1469 1135 1475 1154 z
1493 1132 1571 1162 ergo
1586 1132 1650 1154 non
1670 1123 1768 1154 habe-

999 1178 1052 1207 hat
1070 1178 1243 1217 oppositam
1261 1189 1267 1208 z
1287 1178 1417 1208 modum
1439 1179 1546 1207 tamen
1567 1176 1720 1207 existendi
1736 1177 1770 1206 in

999 1229 1060 1259 alio
1080 1231 1178 1260 alium
1199 1229 1351 1267 habebat,
1371 1229 1425 1269 qni
1443 1229 1557 1259 modus
1578 1227 1769 1260 sublimabat

999 1283 1102 1322 ipsum
1124 1292 1219 1322 supra
1239 1283 1355 1313 habere
1379 1282 1554 1322 passionem
1566 1305 1573 1317 ‚
1589 1290 1624 1312 ac
1637 1291 1694 1321 per
1708 1281 1768 1312 1100

998 1344 1094 1376 supra
1106 1336 1349 1376 ¹passibilitatem
1371 1335 1545 1372 sentiendi,
1561 1337 1597 1365 ut
1618 1337 1684 1365 erat
1700 1335 1745 1365 ibi
1756 1358 1766 1373 ,

998 1390 1049 1419 vel
1065 1389 1280 1428 contingendi.
1299 1388 1385 1419 Unde
1401 1388 1547 1428 quamvis
1570 1389 1651 1418 esset
1669 1388 1767 1427 passi-

998 1443 1075 1479 bile,
1092 1445 1198 1473 tamen
1222 1451 1386 1482 nunquam
1412 1443 1532 1481 poterat
1551 1441 1595 1471 ibi
1619 1441 1740 1480 palpari
1758 1451 1765 1471 :

998 1496 1142 1526 similiter
1155 1505 1213 1526 nec
1228 1495 1330 1535 passio
1343 1495 1385 1525 ibi
1402 1494 1521 1525 inferri.

1039 1553 1050 1579 1
1065 1573 1073 1587 ,
1091 1551 1119 1579 02.
1137 1548 1183 1579 Ex
1203 1548 1263 1578 hoc
1286 1549 1392 1588 patent
1412 1547 1548 1586 obiecta,
1566 1547 1641 1586 quia
1662 1546 1769 1578 Glossa

998 1603 1071 1633 dicit
1093 1602 1177 1642 quod
1201 1602 1285 1632 dedit
1310 1600 1488 1631 immortale
1502 1602 1532 1630 et
1556 1599 1766 1639 impassibile,

998 1656 1073 1696 quia
1098 1656 1141 1685 ibi
1168 1655 1272 1695 passio
1293 1655 1321 1684 ei
1343 1662 1407 1684 non
1430 1655 1552 1693 poterat
1575 1652 1699 1690 inferri,
1717 1652 1768 1683 vel

999 1716 1104 1745 mors;
1122 1710 1243 1747 poterat
1258 1710 1363 1737 tamen
1378 1706 1463 1736 alibi.
1481 1705 1532 1737 Sic
1548 1706 1633 1745 patet
1654 1704 1768 1735 simili-

998 1763 1044 1791 ter
1057 1769 1207 1800 sequens,
1223 1768 1322 1800 quare
1337 1759 1379 1789 ibi
1395 1768 1457 1789 uon
1473 1759 1595 1798 poterat
1609 1757 1767 1795 converti,

998 1814 1074 1853 quia
1088 1822 1153 1843 non
1168 1815 1234 1843 erat
1249 1813 1293 1842 ibi
1309 1812 1466 1852 passibile.

1039 1869 1067 1897 3.
1093 1865 1245 1897 Similiter
1267 1867 1351 1905 patet
1380 1865 1510 1895 tertium
1527 1888 1536 1902 ,
1566 1863 1641 1904 quia
1663 1863 1768 1904 passio

998 1922 1120 1960 poterat
1138 1920 1166 1949 ei
1190 1919 1315 1955 inferri,
1338 1918 1389 1949 sed
1409 1927 1471 1948 non
1496 1917 1670 1948 secundum
1693 1925 1767 1947 om-

998 1982 1071 2003 nem
1093 1974 1227 2009 statum,
1250 1973 1362 2011 utputa
1385 1971 1560 2001 secundum
1580 1971 1692 2008 illum,
1717 1978 1766 2000 se·-

998 2026 1138 2056 cundnm
1152 2034 1248 2065 quem
1263 2026 1329 2054 erat
1343 2023 1525 2055 insensibile
1542 2023 1592 2063 (b).

1038 2082 1070 2116 4,
1095 2081 1130 2116 5,
1159 2079 1188 2108 6.
1214 2077 1261 2108 Ad
1282 2076 1358 2107 illud
1379 2076 1464 2117 quod
1488 2077 1644 2117 quaeritur
1658 2101 1666 2115 ,
1687 2078 1713 2108 si
1734 2078 1767 2109 in

998 2132 1103 2162 triduo
1124 2131 1232 2161 fuisset
1255 2132 1468 2167 reservatum,
1485 2129 1653 2161 dicendum
1680 2131 1765 2171 quod

998 2187 1144 2216 mortuus
1164 2185 1244 2214 esset
1266 2183 1325 2213 sub
1346 2183 1530 2223 speciebus;
1551 2185 1582 2214 et
1602 2183 1764 2221 similiter,

997 2239 1022 2268 si
1038 2238 1152 2277 aliquis
1167 2236 1364 2274 confecisset,
1381 2245 1444 2267 non
1459 2238 1540 2267 esset
1554 2236 1597 2267 ibi
1619 2237 1680 2267 nisi
1695 2245 1767 2267 cor-

998 2300 1057 2331 pus
1082 2292 1255 2320 mortuum.
1282 2289 1369 2326 Quod
1395 2289 1556 2329 objicitur,
1584 2289 1668 2329 quod
1690 2290 1766 2320 tunc

998 2344 1215 2384 imperfectum
1231 2345 1327 2381 esset,
1346 2344 1417 2380 etc.,
1435 2342 1602 2373 dicendum
1617 2342 1702 2381 quod
1719 2351 1766 2371 sa-

998 2398 1197 2428 cramentum
1227 2398 1307 2427 esset
1337 2396 1511 2435 perfectum
1539 2395 1578 2425 ab
1606 2395 1743 2425 efficacia
1755 2418 1763 2432 ‚

997 2450 1072 2490 quia
1089 2458 1203 2489 eorpus
1217 2451 1283 2480 erat
1302 2449 1429 2479 unitum
1445 2447 1601 2479 divinitati
1616 2458 1623 2485 ;
1640 2449 1671 2478 et
1685 2449 1766 2478 esset

996 2504 1168 2543 perfectum
1179 2512 1197 2533 a
1206 2502 1382 2541 signantia3
1395 2501 1448 2532 sed
1463 2503 1569 2531 tamen
1581 2510 1646 2532 non
1661 2509 1679 2531 a
1692 2509 1766 2532 con-

997 2583 1061 2641 h'lffl)
1081 2582 1141 2607 Coet.
1161 2582 1220 2606 edit.
1237 2582 1366 2606 inseratur.
1385 2593 1413 2598 —-
1437 2580 1467 2611 (b)
1491 2581 1550 2605 Coee.
1570 2579 1768 2605 edit.iudefensi-

1015 2624 1056 2641 10.
