2017 2948
141 1466 245 1487 Fundam.

163 2556 240 2582 Opinio

169 2586 229 2606 falsa.

253 120 310 148 522

251 184 377 224 quaudo
400 185 592 216 manducant
611 193 738 217 carnem
761 185 893 223 Christi,
921 194 1018 216 unus-

252 238 385 278 quisque
412 238 522 278 accipit
545 241 666 278 partem
692 249 784 269 suam
802 250 807 270 ε
839 251 852 267 »
881 239 964 279 quod
992 239 1018 268 si

253 300 366 322 verum
381 294 427 321 est
444 300 451 321 :
469 300 548 330 ergo
562 291 723 321 dividitur.

294 347 322 375 2.
347 344 424 374 Item
439 345 614 375 ostenditur
633 354 673 374 ex
693 344 885 374 consessione
907 343 1020 374 Beren-

254 397 350 436 garii,
374 406 445 436 quae
467 400 625 436 acceptata
649 397 706 426 suit
726 405 744 426 a
765 396 889 427 Nicolao
916 396 1017 436 Papa:

253 451 415 481 confessus
441 453 487 481 cst
513 450 597 480 euim
625 459 739 489 corpus
763 449 875 480 Christi
906 459 1019 481 verum

254 503 423 534 sacerdotis
447 503 594 533 manibus
620 503 799 540 attrectari,
830 504 860 533 et
887 503 1018 541 frangi:

254 568 332 598 ergo
347 559 372 588 si
385 558 443 588 ista
459 557 611 587 confessio
626 559 660 587 ut
673 557 775 587 fidelis
790 558 947 596 acceptata
964 559 1022 594 est,

254 614 348 652 patet,
365 614 421 642 etc.

294 668 322 694 3.
348 664 424 694 ltem
451 663 572 694 ratione
607 663 733 694 videtur
749 687 756 701 ,
795 663 871 703 quia
907 672 1023 703 corpus

255 717 368 748 Christi
383 726 496 748 verum
513 716 722 746 manducatur
739 727 745 746 :
763 716 816 746 sed
831 716 915 755 quod
931 725 1023 746 man-

256 771 405 807 ducatur,
423 770 584 807 atteritur;
605 771 635 800 et
655 769 739 808 quod
759 769 919 806 atteritur,
941 769 1024 799 fran-

255 824 344 863 gitur
359 834 365 854 z
383 832 471 862 ergo,
489 825 546 853 etc.

297 879 326 907 4.
346 876 422 907 Item
441 877 502 907 hoc
521 878 754 907 sacramentum
774 878 820 906 est
843 875 1025 906 memoriale

258 929 411 969 passionis
422 953 430 967 ,
449 931 478 959 et
494 929 537 959 ita
557 928 755 966 memoriale,
772 928 856 967 quod
872 938 936 959 non
955 931 1025 959 tan-

258 985 326 1012 tum
341 985 388 1012 est
401 982 547 1021 siguum,
571 982 623 1012 sed
647 982 741 1012 etiam
758 982 895 1012 veritas:
920 982 973 1011 sed
994 982 1026 1011 in

258 1036 400 1075 passione
415 1044 489 1066 vere
509 1036 568 1065 suit
585 1044 698 1075 corpus
715 1034 828 1065 Christi
848 1036 980 1066 fractum
996 1038 1027 1066 et

258 1089 413 1118 divisum:
428 1097 507 1126 ergo
524 1088 556 1117 in
572 1088 632 1118 hoc
647 1090 844 1118 sacramento
858 1097 933 1118 vere
945 1088 1027 1119 fran-

258 1141 356 1179 gitur.

300 1196 325 1224 5.
352 1194 385 1224 Si
407 1194 490 1224 dicas
507 1193 590 1232 quod
612 1195 657 1223 est
677 1193 934 1232 incorruptibile,
958 1193 1028 1223 ideo

258 1257 322 1278 nou
338 1249 439 1287 potest
454 1246 568 1285 frangi,
583 1246 643 1276 hoc
657 1246 737 1275 nihil
752 1248 808 1283 est,
824 1246 900 1285 quia
915 1255 1028 1285 corpus

259 1300 374 1331 Christi
390 1300 473 1339 quod
489 1301 600 1330 natum
616 1301 662 1329 est
675 1308 742 1329 esse
756 1299 789 1328 in
804 1308 869 1329 uuo
886 1299 965 1336 loco,
983 1301 1029 1330 est

261 1354 293 1384 in
312 1353 457 1393 pluribus
476 1362 531 1392 per
552 1351 764 1382 miraculum:
788 1361 868 1390 ergo
885 1352 1029 1382 similiter

261 1417 317 1447 per
331 1407 520 1437 miraculum
536 1408 637 1446 potest
650 1405 888 1444 incorruptibile
912 1405 1027 1443 frangi.

301 1459 360 1491 Sed
375 1462 502 1490 contra:
522 1459 641 1499 Corpus
663 1459 839 1489 animatum
854 1458 936 1497 quod
952 1458 1030 1488 divi-

261 1513 356 1550 ditur,
368 1512 600 1552 corrumpitur:
614 1521 691 1550 ergo
704 1520 776 1541 cum
787 1520 901 1550 corpus
916 1510 1029 1542 Christi

260 1566 300 1596 sit
314 1566 505 1603 animatum,
525 1565 550 1595 si
564 1565 725 1603 frangitur
740 1566 769 1594 et
783 1564 948 1601 dividitur,
965 1572 1030 1593 cor-

260 1619 420 1658 rumpitur
430 1629 437 1655 3
462 1620 492 1648 et
519 1618 545 1648 si
567 1617 798 1657 corrumpitur,
832 1625 897 1647 non
924 1619 1031 1646 manet

260 1681 374 1703 verum
389 1673 643 1702 sacramentum:
662 1679 752 1708 ergo,
770 1673 828 1700 etc.

301 1725 378 1755 Item
394 1725 420 1754 si
438 1726 538 1763 potest
555 1723 682 1761 frangi,
699 1725 730 1752 et
751 1722 909 1753 masticari
926 1733 932 1753 :
952 1732 1030 1762 ergo

259 1782 290 1810 et
305 1779 415 1810 eadem
436 1778 557 1808 ratione
578 1780 608 1807 et
631 1777 757 1815 digeri:
773 1785 851 1815 ergo
871 1779 901 1806 et
921 1776 1030 1807 eadem

259 1832 380 1863 ratione
394 1831 468 1862 etin
483 1839 640 1861 secessum
655 1829 766 1867 emitti,
784 1829 868 1868 quod
883 1830 970 1859 nefas
985 1831 1032 1859 est

261 1886 375 1916 dicere.

302 1939 380 1969 Item
400 1938 438 1968 de
459 1946 596 1975 manna,
619 1936 704 1976 quod
727 1936 786 1966 suit
808 1937 914 1974 figura
935 1936 1032 1975 huJ'us

263 1991 466 2028 sacramenti,
484 1999 541 2020 nec
562 1990 618 2029 qui
633 1989 705 2029 plus
721 1988 902 2027 colligebat,
922 1989 1033 2019 habuit

264 2044 335 2083 plus
345 2068 354 2082 ,
367 2053 425 2074 nec
439 2043 494 2083 qui
508 2043 629 2080 minus,
644 2042 757 2072 habuit
771 2042 894 2072 minus:
913 2042 938 2071 si
954 2050 1032 2080 ergo

265 2097 325 2127 fuit
346 2106 421 2127 vera
439 2097 558 2135 figura,
575 2104 701 2126 necesse
722 2097 768 2125 est
787 2103 901 2134 corpus
920 2094 1033 2124 Christi

266 2152 390 2180 tantum
405 2158 470 2179 esse
486 2149 519 2178 in
533 2158 631 2188 parva
647 2151 734 2188 parte
749 2148 860 2178 hostiae
875 2149 1033 2187 quantum

266 2204 298 2233 in
320 2205 473 2242 utraque,
488 2201 539 2232 vel
558 2201 591 2231 in
613 2210 731 2240 magna
749 2203 856 2240 parte:
874 2209 951 2239 ergo
970 2209 1034 2230 non

267 2255 429 2286 dividitur.

537 2322 762 2355 CONCLUSIO.

269 2409 368 2443 Corpus
389 2407 489 2435 Christi
508 2413 598 2432 verum
619 2406 648 2431 in
667 2404 839 2430 Eucharistia
859 2411 910 2430 non
930 2404 1036 2437 frangyi-

303 2455 364 2482 tur‚·
380 2452 498 2486 quinimo
508 2452 537 2476 in
552 2451 722 2484 quotcumque
735 2447 771 2482 (α)
792 2449 880 2482 partes
895 2447 1036 2474 dividatur

304 2497 407 2530 hostia,
423 2497 450 2522 ιή
465 2494 583 2529 qualibet
599 2495 637 2520 est
652 2494 794 2526 inteqrum.

310 2575 403 2615 Resp.
419 2575 458 2606 ad
470 2583 542 2614 arg.
554 2572 688 2611 Quidam
703 2571 861 2609 dixerunt,
877 2579 957 2610 quos
971 2572 1039 2602 tan-

810 117 1118 150 SEN'l'EN'l'lARUM
1139 118 1212 149 LlB.
1235 118 1285 150 lV.

1074 185 1122 224 git
1137 185 1285 225 Magister
1303 186 1337 216 in
1350 186 1471 223 littera,
1488 186 1573 226 quod
1595 194 1709 226 corpus
1729 186 1841 218 Christi

1074 247 1187 269 verum
1210 238 1372 277 frangitur
1395 240 1428 269 in
1450 241 1662 275 sacramento,
1683 241 1714 269 et
1735 241 1841 270 tamen

1075 300 1138 321 non
1167 292 1405 330 corrumpitur:
1440 294 1471 321 et
1492 291 1551 321 hoc
1574 291 1701 330 quidem
1727 292 1763 321 fit
1787 300 1842 331 per

1075 347 1226 377 virtutem
1249 354 1345 385 supra
1367 348 1534 382 naturam,
1556 345 1636 375 sicut
1658 345 1775 375 sactum
1797 347 1843 375 est

1075 401 1159 441 quod
1177 410 1291 440 corpus
1306 400 1418 430 Christi
1438 400 1584 439 passibile
1599 400 1708 430 datum
1724 402 1771 430 est
1784 399 1845 430 dis-

1077 453 1198 493 cipulis,
1211 456 1243 483 et
1257 455 1363 483 tamcu
1377 462 1439 483 non
1457 455 1503 483 est
1517 453 1557 483 ab
1572 452 1757 483 corumdem
1771 452 1845 483 den-

1076 507 1162 537 tibus
1183 514 1322 545 passum.
1344 506 1382 536 Et
1401 506 1433 536 in
1455 506 1659 536 assertionem
1674 514 1741 536 suae
1762 506 1847 546 posi-

1078 559 1170 589 tionis
1183 559 1299 589 habere
1311 559 1482 589 voluerunt
1493 559 1721 589 contessionem
1735 558 1846 590 Beren-

1078 612 1171 651 garii.
1190 612 1248 642 Sed
1265 612 1335 642 haec
1348 606 1463 651 positio
1476 620 1542 642 non
1554 614 1656 652 potest
1669 614 1762 650 stare,
1774 612 1849 652 quia
1863 619 1958 645 Improh.

1078 665 1104 695 si
1120 668 1166 695 cst
1190 665 1443 705 incorruptibile,
1463 674 1528 695 non
1550 664 1721 695 dividitur:
1749 664 1803 696 sed
1822 665 1848 695 si

1078 719 1258 757 frangitur,
1275 718 1447 748 dividitur:
1472 726 1551 756 ergo
1565 717 1660 748 simul
1675 717 1847 755 dividitur,

1079 774 1110 802 et
1124 780 1188 802 non
1203 771 1354 802 dividitur
1367 781 1372 801 :
1386 773 1462 800 tunc
1475 779 1552 810 ergo
1567 770 1648 800 Deus
1659 770 1773 801 faceret
1786 769 1849 800 duo

1080 824 1318 856 contradictorie
1347 823 1489 863 opposita
1522 823 1618 854 simul
1645 832 1712 854 esse
1740 831 1816 854 vera
1840 833 1846 853 :

1080 879 1163 919 quod
1187 886 1354 918 nunquam
1377 877 1478 907 faciet.
1504 876 1636 917 Propter
1663 876 1723 907 hoc
1744 875 1848 907 dicen-

1080 932 1156 962 dum
1174 930 1259 970 quod
1278 938 1392 969 corpus
1413 929 1527 959 Christi
1545 938 1658 960 verum
1684 937 1748 959 non
1764 928 1849 958 fran-

1082 983 1189 1021 gitur,
1206 983 1270 1012 imo
1291 982 1325 1012 in
1344 983 1560 1021 quotcumque
1580 983 1685 1021 partes
1700 980 1851 1012 dividitur

1081 1036 1193 1073 hostia,
1210 1038 1255 1065 est
1270 1037 1384 1072 totum,
1402 1036 1432 1065 et
1448 1035 1621 1073 integrum,

1122 1092 1135 1119 1
1153 1090 1183 1119 et
1197 1090 1226 1118 9..
1245 1088 1333 1125 Quod
1350 1096 1428 1126 ergo
1443 1087 1592 1126 objicitur
1606 1087 1644 1118 de
1659 1086 1852 1117 confessione

1082 1140 1287 1180 Bercngarii,
1304 1143 1334 1170 et
1357 1140 1454 1170 verbo
1477 1140 1667 1180 Augustini,
1685 1139 1852 1170 dicendum

1082 1195 1167 1236 quod
1192 1196 1365 1233 utrumque
1387 1193 1504 1224 dictum
1522 1196 1568 1223 θεῖ
1589 1193 1710 1223 ratione
1734 1193 1853 1232 specie-

1083 1257 1155 1278 rum
1183 1247 1378 1278 exteriorum
1391 1270 1398 1284 ,
1415 1246 1498 1276 circa
1514 1255 1595 1285 quas
1616 1246 1764 1276 convenit
1787 1254 1854 1275 esse

1083 1300 1296 1337 attritionem,
1317 1299 1518 1336 fractionem,
1540 1300 1570 1328 et
1591 1297 1851 1328 masticationem.

1083 1353 1145 1384 Nec
1162 1353 1277 1383 modus
1292 1352 1349 1382 iste
1369 1351 1518 1391 loquendi
1540 1353 1585 1381 est
1601 1349 1766 1380 tenendus.
1793 1349 1855 1380 Re-

1083 1405 1166 1443 cepit
1194 1407 1301 1434 tamen
1326 1403 1463 1434 Ecclesia
1485 1401 1712 1432 confessionem
1738 1399 1856 1431 Beren-

1084 1456 1178 1495 garii,
1195 1458 1225 1486 et
1240 1456 1423 1495 publicavit,
1441 1456 1589 1495 quamvis
1604 1455 1710 1484 minus
1724 1462 1852 1493 expres-

1084 1518 1166 1546 sam3
1184 1509 1221 1539 ad
1240 1508 1420 1539 elidendum
1436 1517 1532 1538 suum
1554 1517 1705 1545 errorem,
1723 1507 1778 1547 qui
1793 1515 1857 1537 non

1085 1561 1273 1591 concedebat
1294 1570 1407 1600 corpus
1429 1560 1542 1591 Christi
1566 1561 1608 1590 ibi
1630 1569 1697 1590 esse
1722 1567 1854 1596 verum,

1085 1615 1146 1644 nisi
1163 1614 1243 1644 sicut
1258 1614 1291 1644 in
1313 1614 1416 1652 signo.
1436 1612 1523 1644 Unde
1540 1615 1670 1653 propter
1688 1613 1749 1643 hoc
1769 1621 1855 1643 reee-

1085 1668 1130 1707 pit
1144 1667 1193 1706 (b),
1217 1669 1253 1697 ut
1275 1666 1506 1705 intelligeretur
1527 1666 1572 1696 ibi
1596 1674 1671 1696 vere
1690 1674 1770 1702 esse,
1792 1673 1857 1695 non

1086 1730 1160 1751 vere
1175 1720 1285 1750 dividi.

1128 1776 1157 1804 3.
1181 1773 1226 1804 Ad
1245 1772 1323 1803 illud
1342 1771 1427 1811 quod
1450 1771 1614 1810 objicitur,
1637 1771 1722 1810 quod
1743 1778 1858 1810 corpus

1088 1826 1203 1857 Christi
1218 1834 1331 1856 verum
1348 1824 1575 1862 manducatur,
1590 1824 1759 1854 dicendum
1774 1823 1858 1862 quod

1087 1881 1121 1910 in
1147 1879 1389 1910 manducatione
1410 1879 1471 1908 tria
1491 1880 1587 1908 sunt:
1606 1877 1801 1915 masticatio,
1824 1877 1858 1906 in

1089 1935 1233 1964 ventrem
1248 1931 1406 1971 traJectio,
1429 1933 1460 1961 et
1481 1930 1712 1970 incorporatio:
1737 1932 1768 1960 et
1790 1931 1859 1961 haec

1088 1987 1149 2017 tria
1170 1985 1360 2025 respondent
1374 1984 1490 2022 tribus,
1509 1992 1582 2023 quae
1600 1986 1674 2014 sunt
1698 1984 1731 2013 in
1751 1992 1860 2014 sacra-

1089 2042 1207 2070 mento.
1240 2038 1411 2068 Masticatio
1440 2045 1580 2077 namque
1608 2039 1655 2066 est
1681 2036 1859 2076 specierum

1089 2095 1233 2129 tantum;
1253 2090 1465 2129 incorporatio
1484 2091 1531 2120 est
1553 2091 1711 2129 quantum
1733 2089 1772 2120 ad
1788 2097 1859 2119 cor-

1090 2155 1150 2186 pus
1165 2145 1279 2176 Christi
1297 2144 1488 2184 mysticum;
1508 2143 1541 2172 ln
1555 2144 1700 2173 ventrem
1715 2141 1858 2181 traJectio

1090 2202 1136 2229 θεῖ
1150 2207 1215 2228 non
1225 2197 1328 2227 solum
1343 2197 1530 2235 specierum,
1543 2194 1597 2225 sed
1611 2195 1706 2225 etiam
1720 2195 1860 2234 corporis

1091 2251 1204 2282 Christi
1220 2250 1308 2287 veri,
1324 2248 1407 2289 quod
1422 2248 1467 2278 ibi
1482 2250 1548 2286 est,
1565 2247 1708 2287 quandiu
1722 2249 1769 2278 est
1784 2255 1859 2286 spe-

1091 2304 1152 2334 cies
1167 2304 1275 2343 panis:
1294 2311 1358 2333 non
1380 2310 1460 2340 ergo
1483 2300 1598 2331 dicitur
1617 2309 1732 2340 corpus
1745 2299 1860 2330 Christi

1092 2366 1205 2387 verum
1230 2365 1303 2386 vere
1328 2353 1512 2385 manducari
1536 2353 1756 2393 corporaliter,
1783 2351 1859 2391 quia

1092 2409 1295 2450 corporaliter
1326 2409 1510 2438 masticatur
1534 2417 1540 2436 :
1571 2406 1651 2436 sicut
1680 2405 1764 2436 enim
1794 2412 1858 2434 non

1092 2464 1262 2502 frangitur,
1280 2462 1323 2492 sic
1339 2470 1396 2491 nec
1412 2460 1607 2490 masticatur.

1133 2518 1162 2546 4.
1186 2515 1234 2546 Ad
1254 2514 1330 2544 illud
1351 2513 1436 2553 quod
1457 2512 1615 2552 objicitur,
1631 2510 1716 2551 quod
1731 2511 1776 2540 est
1790 2509 1859 2548 sig-

1126 2578 1159 2608 (α)
1176 2577 1244 2601 Edet.
1263 2576 1319 2600 Ven.
1335 2578 1404 2606 quot.
1419 2588 1445 2592 ν-
1460 2574 1492 2604 (b)
1504 2573 1602 2604 recipit.
