2017 2948
606 176 704 208 DIST.
727 176 874 207 XXXVII.
896 174 985 206 ART.
1009 173 1045 203 tl.
1071 172 1206 209 QUAEST
1229 172 1283 203 ΙΙΙ.

148 258 239 280 11111111
255 247 419 287 dupliciter
435 246 566 285 possunt
579 243 731 281 distingui
749 242 923 273 111111νο151-

149 301 255 339 ficari,
271 299 416 331 videlicet
429 297 608 328 diversitate
626 296 761 331 formali,
778 299 808 325 et
824 297 921 325 mate-

152 354 244 391 riali;
271 354 345 383 hinc
367 354 412 382 est
433 350 517 390 quod
534 349 638 380 adhuc
661 349 802 379 doctores
826 347 922 377 nostri

150 408 279 439 suerunt
290 404 503 436 diversificati.
518 402 752 433 Considerando
764 402 848 431 enim
860 401 924 430 dis-

150 460 336 489 tinctionem
353 456 566 493 materialem,
588 457 724 494 quatuor
741 457 815 484 sunt
830 463 923 483 man-

150 512 327 551 data„quae
342 510 488 541 ordinant
503 508 665 538 hominem
680 507 717 537 ad
735 507 844 537 Deum.
864 507 924 536 Ma-

151 564 394 595 terialiterenim
404 561 561 601 loquendo
572 561 604 589 in
616 560 686 595 1100,
698 559 782 598 quod
792 559 922 588 dicitur:

152 617 223 648 Non
243 615 393 647 adorabis
409 614 486 645 Deos
502 612 642 651 alienos,
663 614 693 642 et
710 623 715 642 :
738 613 808 643 Νοη
828 612 924 650 Ῑὶιοῖεε

153 669 213 700 tibi
226 668 369 707 sculptile
381 692 389 704 ,
411 667 474 697 duo
489 665 638 696 mandata
660 665 880 703 intelliguntur
895 666 926 693 et

152 721 359 752 includuntur
374 731 380 750 :
398 722 427 750 et
442 719 527 749 hunc
542 718 673 748 modum
687 717 902 755 distinguendi
915 741 922 754 ,

152 774 183 803 et
197 771 380 810 assignandi
395 772 499 800 servat
512 769 670 807 Origenes.
689 768 720 798 Si
735 777 811 798 vero
826 767 926 797 consi-

152 825 281 855 deretur
307 823 465 854 distinctio
501 822 723 852 mandatorum
751 821 924 851 secundnm

153 879 308 910 rationem
323 877 487 908 formalem
501 901 508 913 ,
529 877 571 906 sic
586 876 734 905 mandata
748 875 926 905 ordinantia

153 931 194 962 ad
208 932 307 962 Deum
328 940 392 961 non
412 932 486 960 sunt
507 929 569 959 nisi
588 929 646 958 tria
660 952 667 966 ‚
688 928 790 958 tribus
810 937 925 967 appro-

154 984 263 1024 priatis
284 984 382 1014 trium
402 991 609 1023 personarum
631 981 923 1020 correspondentia,

155 1037 328 1067 secundum
347 1036 432 1075 qnod
448 1038 567 1065 tactum
587 1036 634 1064 est
651 1043 757 1073 snpra.
781 1034 926 1063 Mandata

153 1092 261 1120 autem
271 1089 448 1120 ordinantia
460 1088 499 1118 ad
513 1088 695 1127 proximum
708 1089 782 1117 sunt
793 1090 923 1126 septem,

152 1142 196 1171 ita
215 1142 297 1181 quod
319 1141 417 1179 illud,
439 1140 524 1180 quod
543 1143 590 1170 est
611 1140 649 1170 de
673 1139 926 1178 concupiscentia

151 1194 261 1224 uxoris
275 1194 397 1231 alienae,
413 1193 624 1231 distinguitur
640 1193 679 1222 ab
694 1192 746 1222 illo
759 1216 766 1228 ,
783 1192 867 1231 quod
879 1195 925 1221 est

151 1247 190 1277 de
214 1247 466 1286 concupiscentia
490 1255 616 1283 rerum,
642 1246 816 1276 secundum
840 1246 925 1285 quod

151 1299 212 1329 alia
227 1301 257 1329 et
271 1299 333 1329 alia
349 1301 396 1329 est
410 1298 664 1337 concupiscentia
678 1297 851 1327 secundum
866 1298 925 1327 101·-

153 1361 238 1381 mam
253 1353 284 1381 et
298 1351 444 1388 speciem.
467 1350 505 1380 Et
526 1350 586 1380 hoc
608 1350 700 1380 modo
716 1351 925 1380 consideravit

153 1405 375 1443 Augustinus3
403 1404 447 1434 ait
473 1404 558 1433 enim
585 1403 629 1433 sic
642 1404 650 1419 ¹
678 1412 770 1442 super
796 1404 897 1435 Eoeocl.
917 1415 922 1432 :

157 1457 427 1488 «convenientius
449 1457 534 1486 enim
556 1456 637 1486 mihi
660 1456 808 1486 videntur
828 1457 925 1496 accipi

149 1510 204 1540 illa
218 1510 279 1540 tria
289 1533 298 1547 ,
319 1512 349 1539 et
370 1510 428 1539 ista
443 1512 562 1548 septem
578 1518 585 1539 :
608 1509 683 1548 quia
697 1512 727 1539 ct
741 1509 925 1539 Trinitatem

147 1563 296 1594 videntur
312 1562 364 1592 illa
378 1587 385 1600 ‚
403 1571 475 1602 quae
490 1562 529 1592 ad
545 1561 643 1591 Deum
660 1562 833 1601 pertinent,
853 1562 926 1592 insi-

147 1625 258 1646 nuare.
283 1615 320 1645 Et
340 1615 424 1655 quod
439 1615 560 1645 dictum
578 1617 624 1645 est
640 1626 646 1645 ε
672 1615 742 1646 Non
757 1619 850 1647 erunt
865 1616 926 1647 cibi·

149 1668 201 1699 dii
221 1668 323 1699 aliem·
341 1671 453 1707 prceler
471 1676 530 1704 me,
554 1668 613 1697 hoc
632 1668 737 1706 ipsum
760 1669 926 1707 perfectius

149 1721 335 1761 explicatur,
351 1730 423 1751 cum
438 1721 647 1760 prohibentur
659 1721 716 1751 coli
730 1722 894 1760 figmenta.
908 1733 920 1749 »

151 1773 202 1804 Sic
216 1774 327 1813 igitur,
344 1774 537 1813 respiciendo
548 1774 587 1804 ad
598 1784 727 1804 sensum
744 1775 923 1813 litteralem,

151 1826 231 1856 hene
244 1827 386 1857 distinxit
397 1827 570 1866 Josephus;
587 1828 781 1865 respiciendo
795 1838 869 1857 vero
888 1829 925 1857 ad

154 1878 346 1909 intellectum
359 1879 567 1918 spiritualem,
580 1882 609 1909 et
620 1880 852 1910 distinctionem
864 1890 927 1910 ma-

154 1931 295 1961 terialem
310 1955 317 1968 ,
346 1932 426 1962 bene
455 1932 597 1962 distinxit
627 1933 797 1971 Origenes3
827 1934 926 1972 respi-

154 1984 265 2014 ciendo
287 1986 394 2014 autem
409 1985 447 2015 ad
464 1994 590 2015 sensum
607 1986 802 2025 spiritualem
816 1989 846 2016 et
861 1987 926 2016 dis—

153 2037 334 2066 tinctionem
359 2037 545 2074 formalem,
568 2039 647 2068 bene
667 2039 834 2077 distinguit
858 2040 926 2069 Au-

155 2090 312 2128 gustinus,
324 2092 354 2120 et
364 2090 570 2121 excellentius
581 2100 676 2130 quain
686 2092 848 2129 Origenes.
866 2092 927 2123 Nec

153 2146 199 2174 est
212 2144 255 2174 ibi
268 2145 375 2184 aliqua
389 2146 602 2183 contradictio,
620 2147 695 2185 quia
706 2147 849 2177 diversus
864 2157 927 2178 mo-

155 2198 213 2227 dus
228 2197 445 2236 distinguendi
459 2199 678 2238 spiritualiter,
695 2202 725 2230 et
740 2201 925 2238 litteraliter,

154 2259 219 2280 non
244 2253 442 2289 repugnant;
475 2252 619 2282 similiter
646 2252 789 2283 diversus
815 2255 927 2284 modus

155 2302 370 2341 distinguendi
385 2303 598 2340 materialiter,
616 2307 646 2335 et
661 2306 844 2342 formaliter,
863 2317 924 2337 non

155 2357 347 2394 repugnant.
373 2354 410 2385 Et
435 2356 611 2386 secundum
634 2357 714 2395 hoc,
739 2359 875 2389 rationes
898 2362 927 2390 et

155 2407 355 2438 auctoritates
376 2408 545 2446 probantes
567 2419 830 2450 unumquemque
850 2412 927 2442 bene

155 2460 351 2498 distinguere
366 2460 542 2491 secundum
558 2471 649 2492 suam
664 2463 836 2502 rationem,
852 2465 928 2495 satis

155 2515 286 2552 possunt
299 2513 439 2544 concedi.

187 2565 445 2597 1.Verumtamen
451 2566 490 2596 ad
498 2566 573 2598 illud
584 2567 668 2607 quod
676 2568 835 2608 objicitur,
843 2572 927 2610 quod

189 2628 196 2643 ¹
212 2629 286 2658 Aug„
298 2628 387 2656 Ouoest.
404 2629 429 2651 ιἰι
442 2628 531 2657 Emi„
549 2635 574 2658 q.
590 2635 659 2652 Lxxt.

1689 174 1746 202 175

977 240 1112 270 debeant
1133 238 1227 269 scribi
1244 239 1277 269 in
1292 238 1409 269 tabulis
1425 239 1653 276 exterioribus,
1669 239 1749 268 sicut

979 292 1161 322 scribuntur
1175 291 1209 320 in
1223 291 1339 321 tabulis
1354 291 1565 328 interioribus,
1582 291 1749 321 dicendum
1773 296 1795 332 ω’

979 344 1061 383 quod
1073 344 1130 373 etsi
1140 344 1251 373 debeat
1261 353 1327 373 esse
1338 344 1511 373 similitudo
1522 344 1620 382 ipsius
1635 344 1751 382 figurae

979 398 1016 427 ad
1032 397 1206 433 veritatem,
1222 399 1251 426 et
1262 397 1348 435 signi
1360 397 1492 427 visibilis
1507 397 1545 426 ad
1560 396 1751 426 intellectum

979 450 1181 487 invisibilem,
1197 459 1260 479 non
1274 452 1379 479 tamen
1391 449 1482 479 dehet
1492 457 1559 479 esse
1569 448 1751 478 omnimoda

979 502 1170 538 similitudo;
1199 502 1264 532 imo
1286 502 1329 531 sic
1351 503 1396 532 est
1415 501 1587 531 similitudo
1608 501 1641 530 in
1666 509 1749 536 uno⁷

979 556 1063 594 quod
1083 556 1122 585 sit
1141 555 1363 585 dissimilitudo
1378 554 1411 584 in
1426 554 1540 592 altero,
1561 555 1597 583 ut
1617 562 1672 592 per
1692 553 1750 582 hoc

980 610 1145 648 appareat,
1171 608 1256 647 quod
1281 608 1311 637 id
1335 610 1381 637 est
1401 608 1531 645 umbra,
1556 609 1586 637 et
1607 606 1684 636 illud
1706 608 1753 636 est

980 661 1106 691 veritas.
1124 661 1194 691 Ideo
1209 670 1273 691 non
1286 661 1427 700 oportuit
1441 661 1525 700 quod
1537 660 1667 690 omnino
1682 659 1753 689 scri*

980 713 1130 744 berentur
1146 714 1297 751 exterius,
1317 714 1491 744 secundum
1507 713 1591 753 quod
1608 713 1750 743 scribun—

981 769 1033 796 tur
1049 767 1201 804 interius;
1223 767 1305 804 imo,
1327 767 1402 806 quia
1422 767 1536 806 populo
1554 766 1671 796 carnali
1686 768 1751 795 tra-

981 819 1135 849 debantur
1150 820 1326 850 secundum
1340 820 1507 849 litteralem
1522 828 1665 855 sensnm,
1684 819 1753 848 ideo

980 872 1225 910 distinguuntur
1240 882 1295 912 per
1312 873 1496 911 quinarium
1512 875 1541 902 et
1554 872 1750 911 quinarium.

981 925 1061 961 Quia
1072 934 1148 955 vero
1161 925 1336 955 secundum
1350 925 1548 964 spiritualem
1560 925 1753 955 intellectum

980 977 1042 1007 duo
1060 980 1217 1017 praecepta
1232 978 1392 1008 charitatis
1405 978 1668 1015 insinuabantur,
1686 977 1756 1007 ideo

980 1032 1199 1061 scribebantur
1219 1031 1251 1061 in
1276 1032 1390 1070 duplici
1414 1032 1520 1062 tabula
1534 1043 1540 1061 ε
1568 1031 1652 1061 unde
1671 1040 1755 1070 quo-

980 1084 1053 1114 dam
1068 1084 1162 1114 modo
1175 1087 1221 1114 est
1236 1084 1278 1113 ibi
1292 1084 1507 1115 similitudinis
1521 1084 1752 1121 convenientia,

981 1137 1119 1176 quodam
1136 1137 1230 1167 modo
1245 1137 1465 1176 discrepantia.

1021 1190 1067 1220 Ad
1084 1189 1161 1219 illud
1175 1199 1251 1219 vero
1267 1190 1349 1228 quod
1366 1190 1513 1229 objicitur
1528 1190 1566 1220 ad
1583 1190 1753 1219 contirma-
1771 1204 1833 1217 Μ.»

982 1243 1098 1272 tionem
1110 1243 1182 1272 dieti
1195 1242 1338 1281 Origenis
1350 1243 1387 1272 de
1402 1243 1586 1273 auctoritate
1604 1243 1754 1278 Quoesct'o-
1783 1236 1788 1277 .¹

980 1303 1057 1325 num
1078 1296 1192 1326 veteris
1209 1299 1238 1326 et
1253 1296 1330 1326 novi
1348 1296 1536 1328 Testcmzentc·
1548 1320 1557 1334 ,
1572 1295 1753 1336 responderi

981 1351 1092 1388 potest,
1108 1349 1193 1388 quod
1208 1348 1412 1388 Augustinus
1425 1350 1594 1389 aliquando
1610 1350 1754 1389 loquitur

980 1401 1155 1431 secundum
1177 1402 1361 1441 opinionem
1382 1403 1560 1442 propriam,
1585 1402 1754 1442 aliquando

981 1454 1155 1484 secundum
1172 1454 1355 1493 opinionem
1368 1455 1502 1485 alienam
1515 1465 1523 1493 3
1540 1458 1570 1485 et
1584 1455 1628 1485 ibi
1643 1456 1753 1485 distin-

981 1506 1099 1545 guebat
1110 1508 1150 1543 (α)
1168 1507 1317 1536 mandata
1331 1508 1505 1538 secundum
1521 1508 1656 1538 alienam
1667 1531 1674 1543 ,
1691 1517 1754 1538 11011

981 1560 1155 1589 secundum
1179 1569 1281 1589 suam.
1306 1560 1475 1600 Aliquibus
1496 1563 1603 1591 autem
1628 1561 1754 1591 videtur

981 1613 1064 1651 quod
1078 1613 1128 1643 ille
1140 1613 1218 1643 liber
1230 1622 1294 1643 non
1305 1614 1343 1643 sit
1354 1614 1538 1653 Augustini,
1554 1624 1611 1654 pro
1624 1623 1660 1645 eo
1671 1614 1754 1653 quod

982 1665 1072 1704 plura
1087 1665 1130 1695 ibi
1145 1666 1304 1703 dicuntur,
1322 1676 1395 1706 quae
1409 1668 1512 1697 verbis
1529 1668 1610 1697 beati
1628 1668 1756 1706 Augus-

982 1719 1039 1748 tini
1055 1729 1235 1759 repugnare
1252 1720 1399 1750 vitientur
1415 1732 1421 1751 ι
1439 1721 1523 1760 quod
1541 1721 1655 1751 melius
1670 1723 1754 1761 patet

982 1772 1155 1810 diligenter
1169 1772 1342 1812 speculanti
1358 1773 1476 1803 librum
1492 1774 1592 1804 illum.

1022 1825 1069 1854 Ad
1085 1825 1162 1854 illud
1178 1825 1262 1863 quod
1282 1825 1394 1855 ultimo
1415 1826 1573 1864 objicitur,
1595 1826 1679 1865 quod
1698 1825 1751 1856 de-

983 1878 1092 1908 berent
1118 1878 1209 1907 scribi
1236 1878 1268 1907 in
1294 1878 1394 1908 tribus
1419 1879 1553 1916 tabulis,
1585 1879 1752 1909 dicendum

983 1931 1067 1970 quod
1089 1931 1169 1960 sicut
1190 1931 1222 1960 in
1244 1931 1391 1960 mandato
1413 1931 1449 1960 ‹le
1467 1931 1631 1961 dilectione
1655 1932 1707 1961 Dei
1726 1935 1755 1962 et

983 1985 1120 2023 proximi
1143 1984 1299 2014 clauditur
1323 1984 1507 2015 mandatnm
1530 1985 1568 2015 de
1589 1985 1753 2016 dilectione

983 2038 1053 2074 sui;
1074 2039 1117 2067 510
1138 2038 1171 2067 111
1193 2037 1358 2076 praeceptis
1372 2061 1379 2074 ‚
1400 2047 1455 2076 per
1473 2032 1545 2077 qua}
1567 2038 1753 2078 intelligitur

982 2090 1079 2120 homo
1101 2090 1239 2120 ordinari
1259 2091 1296 2120 ad
1320 2091 1419 2120 Deum
1441 2093 1470 2121 et
1490 2092 1527 2121 ad
1547 2092 1728 2131 proximum
1744 2117 1751 2130 ,

983 2143 1140 2173 clauditur
1157 2144 1312 2174 ordinatio
1329 2145 1378 2174 sui
1393 2145 1431 2174 ad
1450 2145 1588 2184 seipsum
1604 2157 1610 2176 ς
1632 2148 1660 2176 et
1684 2147 1752 2177 ideo

983 2205 1048 2226 non
1068 2197 1207 2235 oportuit
1227 2197 1349 2227 tabulas
1368 2198 1538 2237 triplicari,
1560 2199 1638 2229 sieut
1659 2200 1751 2229 ctiam

984 2258 1047 2279 non
1072 2250 1232 2289 opportuit
1252 2251 1402 2290 triplicari
1421 2252 1568 2282 mandata
1582 2252 1751 2282 charitatis.

983 2303 1054 2332 Alia
1074 2304 1167 2333 etiam
1191 2306 1237 2333 est
1256 2304 1352 2341 ratio,
1377 2305 1451 2343 quia
1475 2306 1622 2335 mandata
1642 2306 1753 2336 ‹listin-

984 2359 1129 2395 guuntur
1142 2357 1317 2387 secundum
1332 2359 1478 2396 regulam
1490 2359 1622 2397 justitia}
1638 2370 1643 2389 :
1658 2360 1752 2398 ,iusti-

984 2410 1027 2439 tia
1047 2412 1152 2439 autem
1171 2410 1210 2440 ad
1230 2411 1363 2441 alterum
1387 2412 1531 2442 ordinat:
1555 2414 1586 2442 et
1604 2413 1672 2443 ideo
1692 2423 1755 2443 non

984 2462 1123 2501 oportuit
1134 2463 1257 2492 tertiam
1271 2463 1411 2493 tabulam
1426 2464 1628 2503 intervenire,
1645 2474 1755 2496 secun-

985 2515 1061 2545 dnm
1080 2525 1178 2555 quam
1201 2516 1415 2546 insinuaretur
1437 2518 1593 2548 ordinatio
1616 2518 1756 2550 hominis

985 2571 1145 2609 propriam
1163 2579 1339 2609 personam.

1018 2634 1051 2662 (a)
1069 2632 1135 2655 lidi!⁴
1157 2632 1213 2655 Vm.
1231 2631 1429 2661 distinguebant.

1770 1289 1872 1317 111-01111111,

1772 1846 1786 1865 R
1798 1852 1834 1870 ¹³1¹>
1847 1846 1872 1865 ml

1784 1877 1821 1895 ull.
1835 1877 1859 1895 :nt

1775 1909 1866 1933 uppustt.
