2017 2948
74 1753 151 1779 Exposi
156 1763 162 1766 -

69 1785 96 1804 tiu
110 1783 172 1803 u-ium

70 1815 172 1835 rationum

187 126 244 154 ΗΟ

457 252 681 285 CONCLUSIO.

186 338 365 366 Eucharz‘stioe
378 341 533 375 spiritualis
553 342 725 369 manducatio
745 344 781 367 cst
802 343 954 374 recogyitatz'o

221 382 285 416 cibi,
300 383 331 409 id
344 385 390 415 est,
407 386 497 411 caruis
511 384 616 412 Christi
629 393 679 420 pro
696 386 769 411 nobis
785 387 912 420 expositae
928 387 955 412 in

220 428 337 461 pretium
349 428 386 455 ad
396 429 589 462 redimendum,
605 432 628 456 et
644 431 671 456 in
687 430 772 456 cibum
787 430 823 457 ad
835 432 953 463 reficien-

221 470 292 503 dum,
308 474 332 499 et
346 473 526 508 incorporatio
539 481 589 507 per
604 481 728 500 amorem.

228 561 317 602 Resp.
335 563 374 594 ad
388 572 458 602 arg.
475 562 645 594 Diccndum
658 564 741 603 quod
756 564 956 595 manducatio

185 615 287 655 primo
304 617 334 645 et
349 616 474 655 proprie
498 616 529 646 in
551 616 766 656 corporalibus
783 617 954 654 invenitur,

186 670 216 698 et
231 668 270 698 ab
283 667 345 698 illis
356 668 396 698 ad
409 669 584 708 spiritualia
595 671 641 700 est
654 669 803 700 translata
819 681 826 701 ε
841 672 871 700 et
887 670 956 701 ideo

185 720 210 750 si
228 720 268 759 (α)
292 720 427 752 velimus
441 722 580 762 accipere
600 724 718 753 rectam
738 722 954 754 manducatio-

186 779 258 802 nem
274 771 487 811 spiritualem,
503 781 630 804 necesse
644 773 799 804 habemus
822 774 861 804 ad
882 783 955 814 pro-

186 824 287 864 priam
303 826 517 866 acceptionem
533 827 678 858 vocabuli
693 836 749 858 nos
773 828 955 859 transferre.

186 876 364 909 Notandum
380 888 458 918 ergo
477 879 562 920 quod
583 880 655 911 licet
678 880 846 920 multiplex
869 883 957 912 actus

186 929 225 959 sit
252 930 284 960 in
310 931 551 964 manducatione
578 934 732 973 corporali
758 942 903 964 annexus
927 937 958 965 et

187 991 397 1024 consequens,
414 985 472 1016 iste
486 988 592 1017 tamen
608 986 725 1026 duplex
745 989 810 1025 est,
832 988 886 1027 qui
912 990 956 1018 est

186 1035 225 1067 de
240 1036 420 1077 integritate
431 1064 438 1077 ,
462 1040 636 1071 masticatio
651 1040 766 1071 scilicet,
777 1065 784 1078 ,
807 1044 837 1072 et
853 1041 954 1072 incor—

189 1089 327 1128 poratio,
353 1093 388 1122 ut
412 1094 497 1132 patet
525 1093 698 1133 aspicienti.
726 1094 757 1124 Si
780 1104 857 1133 ergo
878 1095 958 1125 ratio

188 1143 439 1176 manducationis
454 1155 596 1186 congrue
612 1149 800 1179 transfertur
815 1150 852 1179 ad
868 1149 958 1188 spiri-

188 1195 300 1234 tualia,
323 1201 445 1238 oportet
465 1199 534 1230 haec
555 1200 618 1231 duo
640 1201 673 1230 in
696 1210 733 1232 ea
756 1202 885 1241 reperiri
905 1213 910 1233 :
927 1205 957 1232 et

186 1250 359 1281 secundum
375 1260 422 1289 ea,
438 1252 470 1283 in
485 1253 600 1292 quilius
611 1254 680 1285 haec
694 1254 756 1285 duo
772 1255 955 1289 consistunt,

189 1304 388 1336 manducatio
406 1307 577 1345 spiritualis
601 1309 782 1339 attenditur.
801 1308 956 1349 Spiritusn-

187 1356 224 1386 lis
238 1365 316 1396 ergo
333 1359 506 1390 masticatio
522 1362 567 1390 est
587 1361 773 1399 recogitatio
790 1362 862 1399 cibi,
880 1363 959 1392 scili-

187 1411 234 1439 cet
249 1411 352 1441 carnis
368 1411 480 1442 Christi
495 1422 552 1452 pro
568 1414 658 1444 nobis
673 1415 825 1453 expositae
841 1415 871 1445 iu
887 1425 959 1455 pre-

188 1462 269 1493 tium
285 1463 324 1494 ad
338 1464 575 1504 redimendum,
599 1468 629 1497 et
648 1467 680 1496 in
703 1467 808 1498 cibum
832 1469 871 1498 ad
887 1470 959 1498 1·in-

187 1516 346 1548 ciendum.
364 1517 577 1558 incorporatio
591 1529 669 1550 vero
682 1521 865 1559 attenditur,
881 1522 956 1552 dum

189 1569 380 1608 recogitans,
399 1571 559 1602 ‹hai-itatis
578 1582 685 1603 amore
702 1574 729 1603 ei
741 1598 751 1611 ,
768 1574 851 1614 quod
869 1576 960 1614 cogi-

188 1623 283 1660 tatur,
295 1623 458 1662 Jungitm,
476 1627 506 1655 et
525 1626 568 1656 sic
580 1626 811 1666 incorporatur,
829 1631 858 1658 et
882 1629 959 1659 dum

188 1674 418 1714 incorporatur,
429 1678 578 1717 reficitur,
590 1681 620 1709 et
637 1680 739 1718 magis
754 1681 957 1712 assimilatur.

233 1730 279 1761 Ad
293 1731 354 1762 hoc
368 1740 447 1770 ergo
464 1732 549 1772 quod
565 1733 635 1772 quis
648 1733 853 1772 spiritualiter
868 1743 958 1765 man-

188 1785 292 1822 ducet,
305 1785 479 1824 requiritur
493 1786 680 1824 recogitatio
695 1787 779 1825 fidei,
794 1790 825 1819 et
837 1788 960 1819 affectio

188 1838 360 1869 charitatis.
378 1838 412 1869 In
427 1839 530 1878 primo
545 1839 631 1870 enim
647 1843 693 1871 est
708 1842 904 1880 ,masticatiffi
927 1843 960 1873 in

189 1892 326 1923 secundo
340 1892 551 1932 incorporatio
568 1903 575 1923 ε
592 1895 622 1923 et
638 1902 677 1924 ex
692 1893 742 1924 his
766 1894 892 1926 duobus
909 1896 958 1926 in-

188 1946 333 1984 tegratur
367 1945 539 1985 spiritualis
569 1947 781 1979 manducatio.
818 1947 960 1980 Concedo

189 2007 267 2037 ergo
281 1998 366 2038 quod
385 2007 448 2029 non
471 1999 587 2030 sufficit
601 2000 842 2041 qualiscumque
864 2002 957 2040 fides,

188 2051 241 2082 sed
254 2052 430 2082 necessario
443 2052 519 2083 fides
529 2062 664 2092 operans
675 2063 730 2093 per
740 2053 938 2085 dilectionem
952 2066 957 2085 :

188 2108 218 2135 et
240 2105 278 2136 de
299 2105 358 2136 hac
374 2108 505 2136 currunt
528 2109 592 2137 tres
608 2106 744 2138 rationes
768 2107 807 2137 ad
823 2108 958 2146 primam

188 2160 320 2197 partem.

231 2215 258 2242 1.
274 2211 322 2242 Ad
343 2211 419 2243 illud
435 2221 514 2251 ergo
529 2213 611 2252 quod
628 2213 731 2253 primo
754 2214 903 2253 objicitur
927 2215 958 2245 in

188 2264 369 2305 oppositum
383 2265 421 2296 de
440 2265 502 2296 fide
516 2265 659 2304 informi,
682 2266 849 2296 dicendum
874 2267 958 2306 quod

190 2327 303 2348 verum
317 2320 364 2348 est
377 2318 462 2358 quod
477 2318 530 2348 illa
543 2326 609 2348 non
623 2318 748 2348 sufficit.

229 2372 259 2401 9..
275 2371 324 2401 Ad
346 2370 424 2401 illud
447 2371 532 2411 quod
553 2371 710 2410 objicitur,
738 2372 822 2411 quod
845 2381 957 2403 secun-

190 2424 266 2455 dum
282 2425 341 2456 hoc
355 2433 465 2456 omnes
481 2424 630 2455 articulos
645 2424 873 2455 manducamus
884 2449 893 2463 ‚
911 2425 959 2455 di-

224 2522 228 2536 ¹
248 2523 288 2551 Cl.
306 2523 374 2546 Alex.
392 2523 488 2553 Aleum,
508 2531 529 2554 p.
551 2525 591 2554 tv,
611 2532 635 2555 q.
654 2534 687 2551 Μ,
705 2523 811 2547 membr.
831 2526 851 2547 t.
867 2526 913 2547 art.
932 2527 956 2549 ἀς

192 2559 217 2579 S.
235 2557 334 2587 Thom.,
351 2566 374 2588 p.
391 2560 437 2589 lli,
451 2566 475 2590 q.
492 2565 569 2587 Lxxx,
583 2561 630 2583 art.
642 2559 746 2588 metti·
763 2559 957 2587 sent.‚dist.'1:<,

191 2598 215 2622 q.
231 2598 246 2621 ι,
258 2595 304 2616 art.
319 2595 344 2621 2;
359 2593 487 2623 menard„
505 2595 534 2617 tv
552 2594 630 2623 δεινὴ,
646 2594 703 2618 dist.
721 2600 755 2624 15,
770 2601 793 2624 q.
807 2600 851 2621 111;
870 2594 957 2624 Steph.

746 105 1055 156 senrssnriAnun
1077 123 1151 155 Ltss.
1175 123 1234 154 iv.-

1009 191 1147 222 cendum
1170 191 1252 231 quod
1278 192 1403 232 proprie
1426 192 1583 233 loquendo
1605 203 1669 226 non
1689 205 1779 237 quae-

1010 252 1147 284 cumque
1161 243 1311 275 discussio
1325 247 1355 274 et
1376 246 1559 285 recogitatio
1575 246 1646 278 fidei
1667 248 1782 280 dicitur

1012 297 1184 327 masticatio
1195 321 1202 335 ,
1219 298 1271 327 sevl
1289 297 1341 327 illa
1352 307 1423 338 quae
1439 300 1484 329 est
1494 299 1555 329 cibi
1569 302 1619 330 :et
1634 300 1703 332 ideo
1718 310 1782 332 non

1010 350 1143 389 quilibet
1155 352 1243 380 actus
1255 351 1400 382 credendi
1417 352 1607 384 manducare
1621 362 1678 385 nos
1694 355 1778 393 facit,

1010 402 1069 432 nisi
1085 402 1134 432 ille
1150 403 1189 432 sit
1208 403 1260 442 qui
1287 406 1332 434 est
1354 404 1452 444 ipsius
1471 406 1574 436 carnis
1590 405 1702 438 Christi
1724 417 1783 448 pro

1010 455 1101 486 nobis
1114 455 1153 486 ad
1167 456 1384 487 redimendum
1397 459 1547 497 expositae
1562 459 1594 490 in
1608 469 1711 498 cruce,
1725 461 1781 491 ubi

1012 510 1070 540 fuit
1079 511 1148 549 ejus
1161 510 1298 541 decoctio
1309 520 1316 547 ;
1326 513 1355 540 et
1365 511 1403 541 ad
1417 512 1623 544 reficiendum
1634 513 1666 544 in
1679 513 1780 551 altari,

1010 563 1065 593 ubi
1082 572 1157 593 vera
1171 563 1311 594 consistit
1325 564 1462 595 refectio.

1051 618 1080 646 3.
1097 616 1143 646 Ad
1159 616 1234 646 illud
1254 616 1341 656 quod
1363 617 1514 657 objicitur
1536 618 1574 649 de
1589 620 1784 652 assimilatio-

1011 678 1061 706 ne,
1074 669 1243 700 dicendum
1260 670 1345 709 quod
1361 679 1424 701 non
1440 673 1486 701 est
1502 672 1685 704 omnimoda
1700 672 1785 704 simi-

1011 721 1128 759 litudo;
1158 724 1205 752 est
1234 725 1338 753 tamen
1365 723 1538 754 similitudo
1561 725 1721 756 sufficiens
1745 726 1784 756 ad

1012 775 1267 806 translationem:
1281 776 1355 815 quia
1366 776 1447 806 sicut
1460 776 1511 807 hic
1522 778 1726 817 corporaliter
1739 781 1785 809 est

1013 828 1187 858 masticatio
1205 829 1235 858 et
1251 827 1471 868 incorporatio,
1491 829 1533 859 ita
1554 832 1584 861 et
1601 830 1633 860 in
1649 831 1782 863 mandu-

1013 880 1136 911 catione
1152 880 1306 920 spirituali
1320 891 1326 911 ε
1342 881 1395 912 sed
1409 882 1441 912 in
1458 882 1516 912 hoc
1531 884 1578 913 est
1591 883 1786 915 dissimilitu-

1012 934 1062 972 do,
1080 934 1196 973 quiain
1207 933 1362 973 corporali
1378 934 1572 965 manducans
1586 937 1742 967 convertit
1752 936 1786 967 in

1013 996 1045 1017 se
1063 987 1168 1017 cibum
1180 1011 1189 1024 ,
1206 987 1281 1026 quia
1296 986 1424 1025 dignior
1435 990 1465 1017 et
1479 988 1615 1018 nobilior
1634 990 1680 1019 est
1695 989 1785 1027 cibo;

1013 1042 1045 1071 in
1065 1040 1220 1080 spirituali
1241 1042 1287 1070 est
1301 1049 1317 1070 e
1332 1041 1506 1078 contrario,
1534 1041 1610 1081 quia
1634 1042 1723 1073 cibus
1741 1045 1787 1074 est

1015 1093 1104 1124 uobis
1118 1093 1256 1132 dignior,
1273 1095 1304 1122 et
1324 1094 1498 1132 perfectior,
1520 1097 1550 1124 et
1573 1094 1759 1135 completior
1776 1106 1782 1126 ε

1014 1146 1083 1176 ideo
1098 1146 1201 1185 potius
1216 1146 1247 1175 in
1264 1146 1367 1185 ipsum
1391 1146 1612 1185 immutamur,
1631 1150 1662 1178 et
1681 1148 1785 1179 incor-

1014 1208 1176 1238 poramur,
1192 1208 1287 1238 quani
1305 1208 1321 1228 c
1345 1208 1507 1230 converso.
1526 1199 1614 1230 Ratio
1628 1209 1709 1239 ergo
1723 1209 1788 1231 non

1014 1254 1113 1290 valet,
1141 1254 1215 1292 quia
1236 1263 1299 1283 non
1325 1256 1370 1283 est
1398 1254 1528 1284 omnino
1547 1254 1648 1285 simile
1670 1265 1676 1285 ε
1700 1257 1731 1285 et
1755 1255 1788 1285 in

1015 1306 1216 1336 translatione
1228 1315 1292 1337 non
1305 1309 1427 1346 oportet
1443 1307 1661 1338 omnimodam
1670 1307 1789 1338 attendi

1014 1359 1255 1390 similitudinem
1268 1383 1276 1396 ,
1298 1360 1350 1390 sed
1370 1360 1484 1389 sut'ticit
1507 1360 1646 1399 reperire
1665 1359 1787 1400 aliqua-

1015 1410 1087 1441 lem.

1285 1476 1464 1514 QUAESTIO
1488 1477 1539 1507 lll.

1016 1555 1058 1580 An
1079 1555 1116 1581 acl
1134 1555 1349 1581 manducandum
1368 1555 1405 1589 tl»)
1421 1556 1651 1582 sacramentaliter
1667 1556 1789 1589 sufficiat

1227 1599 1283 1625 sola
1304 1601 1373 1625 aelio
1392 1601 1539 1634 corporalis
1557 1600 1575 1626 '.

1056 1676 1135 1713 Quid
1151 1677 1191 1706 sit
1207 1676 1399 1707 manducare
1414 1678 1703 1716 sacramentaliter,
1721 1678 1788 1709 sive
1805 1696 1838 1718 Ad
1857 1703 1908 1723 ψ,

1016 1737 1073 1768 pro
1083 1731 1202 1768 quanto
1217 1729 1331 1769 aliquis
1342 1729 1464 1760 dicatur
1478 1730 1670 1761 manducare
1685 1739 1788 1761 sacra-

1016 1781 1205 1820 mentaliter,
1222 1784 1251 1812 et
1271 1782 1426 1821 quaeritur
1442 1785 1551 1814 utrum
1570 1783 1704 1814 sufficiat
1723 1782 1790 1814 sola

1016 1835 1095 1865 actio
1104 1835 1283 1874 corporalis.
1297 1835 1425 1875 thuod
1434 1836 1488 1869 sic,
1506 1836 1631 1867 videtur
1641 1839 1651 1866 1
1662 1860 1668 1866 .
1681 1845 1738 1876 per
1746 1836 1788 1866 si-

1016 1888 1091 1918 mile
1105 1898 1111 1917 :
1128 1888 1182 1928 qui
1197 1888 1285 1918 enim
1300 1889 1470 1927 mergitur,
1485 1889 1587 1919 forma
1601 1890 1789 1920 sacramenti

1017 1941 1163 1980 baptismi
1178 1943 1319 1978 servata,
1336 1941 1360 1971 si
1376 1951 1440 1972 non
1456 1942 1550 1972 hahet
1565 1942 1683 1982 aliquid
1700 1943 1790 1974 resis-

1017 1996 1086 2025 tens
1094 2018 1103 2033 ,
1120 1994 1296 2034 baptizatur
1308 1995 1576 2026 sacramentaliter
1590 2004 1598 2026 ε
1612 2004 1691 2035 ergo
1704 1996 1790 2028 vide-

1017 2050 1069 2079 tur
1080 2048 1222 2078 similiter
1232 2048 1316 2087 quod
1330 2049 1498 2079 manducet
1509 2049 1786 2086 sacramentaliter,

1016 2101 1071 2140 qui
1082 2101 1191 2140 recipit
1201 2101 1407 2140 corporaliter
1422 2101 1529 2140 ipsum
1542 2103 1787 2133 sacramentum.

1055 2156 1084 2184 Ξ.
1114 2153 1190 2183 ltem
1210 2153 1276 2183 sola
1298 2153 1469 2192 spiritualis
1487 2155 1663 2185 masticatio
1687 2157 1718 2186 et
1738 2156 1787 2186 in·

1015 2206 1190 2246 corporatio
1205 2206 1249 2236 rei
1263 2206 1336 2236 facit
1351 2206 1627 2238 manducationem
1640 2208 1790 2248 spiritua-

1016 2256 1077 2292 lem
1095 2272 1102 2292 ε
1119 2269 1197 2299 ergo
1210 2261 1336 2291 videtur
1351 2261 1436 2300 quod
1453 2260 1519 2291 sola
1531 2261 1711 2300 degustatio
1723 2262 1789 2293 sive

1016 2314 1190 2345 masticatio
1210 2314 1385 2353 specierum
1414 2314 1485 2344 facit
1511 2314 1788 2346 manducationem

1016 2367 1287 2399 sacramentalem.

1056 2423 1083 2451 3.
1101 2421 1176 2451 Item
1195 2421 1327 2451 minima
1340 2421 1517 2461 dispositio,
1538 2430 1610 2461 quae
1625 2422 1722 2462 possit
1736 2421 1788 2452 ha-

1018 2506 1119 2534 Brulet.,
1136 2506 1166 2529 tx·
1187 2506 1265 2535 Sene„
1287 2506 1344 2529 dist.
1361 2511 1396 2534 rx,
1420 2513 1444 2536 q.
1466 2511 1508 2536 1113
1525 2506 1613 2530 Petrus
1630 2505 1660 2529 de
1675 2505 1786 2536 Terent„

1019 2543 1048 2565 lV
1062 2543 1140 2571 διψῇ,
1155 2541 1212 2566 dist.
1232 2547 1267 2571 ix,
1285 2548 1310 2572 q.
1325 2546 1364 2565 111.

1049 2593 1082 2621 (o)
1100 2591 1166 2614 Edit.
1189 2591 1246 2614 Ven-
1259 2590 1326 2614 deest
1339 2591 1369 2614 si.
1384 2604 1413 2609 -
1424 2590 1456 2621 (b)
1469 2591 1530 2614 caet.
1541 2590 1593 2614 edit
1605 2606 1611 2612 .
1627 2589 1784 2613 manducor-e.
