2017 2948
97 219 127 240 De
140 226 200 240 causa

108 251 188 270 institu-

94 281 165 301 tionis.

215 152 272 180 526
771 146 1077 178 SENTENTIARUM
1101 145 1172 177 ΗΒ.
1202 145 1249 176 lV.

260 216 448 248 institutum
473 219 519 248 est
542 215 629 247 enim
650 215 707 247 hoc
728 218 965 247 sacramentum
990 213 1117 246 duabus
1140 213 1179 246 de
1202 213 1307 246 causis
1333 225 1339 245 :
1366 213 1399 246 in
1419 215 1632 256 augmentum
1651 213 1794 256 virtutis,

215 274 334 306 scilicet
355 273 536 315 charitatis,
562 277 593 305 et
614 273 646 305 in
672 271 865 304 medicinam
889 271 1087 314 qnotidianffl
1107 270 1314 303 infirmitatis
1339 270 1433 303 Unde
1452 270 1645 303 Ambrosius
1665 273 1672 289 ¹
1693 283 1699 302 :
1725 284 1741 302 α
1763 271 1798 304 Si

216 331 342 375 quoties
357 331 538 364 effunditur
551 329 683 371 sanguis
697 328 828 368 Christi,
846 327 879 360 in
896 328 1118 361 remissionem
1133 332 1335 373 peccatorum
1351 327 1543 368 effunditur,
1560 327 1660 360 debeo
1674 339 1800 372 semper

216 388 376 433 accipere,
399 388 457 432 qui
483 399 608 431 semper
631 397 743 430 pecco;
769 385 870 417 debeo
896 396 1022 429 semper
1047 385 1165 419 habere
1192 385 1397 418 medicinam.
1424 385 1504 417 Item
1529 385 1735 427 Augustinus
1763 384 1797 417 ¹:

220 458 237 477 «
251 446 390 478 Iteratur
405 445 548 490 quotidie
571 444 636 476 hzcc
659 442 797 483 oblatio,
814 442 887 475 licet
903 442 1049 475 Christus
1063 443 1162 476 semel
1177 443 1219 474 sit
1234 454 1362 486 passus3
1381 442 1459 486 quia
1472 442 1617 486 quotidie
1633 453 1801 486 peccamus

216 503 351 547 peccatis
364 528 372 543 ,
389 503 457 535 sine
473 501 592 545 quibus
609 500 753 533 mortalis
769 499 942 532 infirmitas
963 500 1071 533 vivere
1092 511 1157 532 non
1180 504 1292 544 potest.
1319 499 1358 532 Et
1377 499 1455 543 quia
1478 499 1623 543 quotidie
1643 499 1799 542 labimur,

215 560 360 604 quotidie
385 559 533 592 Christus
555 557 686 602 mystice
708 557 898 589 immolatur
922 569 980 601 pro
1001 558 1106 590 nobis.
1133 557 1228 590 Dedit
1252 557 1338 589 enim
1363 556 1457 589 nobis
1481 556 1541 589 hoc
1564 562 1801 590 sacramentum

214 617 344 657 salutis,
370 621 406 649 ut
427 616 504 660 quia
529 627 588 648 nos
611 614 757 659 quotidie
777 625 965 658 peccamus,
991 618 1021 648 et
1044 615 1098 647 ille
1119 614 1187 658 jam
1211 614 1292 646 mori
1315 625 1381 646 non
1403 617 1521 658 potest,
1544 625 1601 658 per
1619 613 1680 646 hoc
1698 625 1802 646 sacra-

214 678 362 706 mentum
377 673 600 705 remissionem
615 682 866 716 consequamur.
885 672 1039 711 Quotidie
1054 671 1236 704 comeditur
1251 671 1329 715 ipse,
1348 675 1379 704 et
1392 671 1517 704 bibitur
1532 671 1566 703 in
1581 671 1729 713 veritate,
1746 671 1801 704 sed

213 731 338 773 integer
361 734 392 762 et
413 730 506 763 vivus
530 733 649 762 manet.
667 741 683 760 »
700 729 781 761 Item
800 741 806 761 :
822 729 1016 773 Mysterinm
1040 728 1115 761 fidei
1138 728 1268 769 dicitnr,
1286 728 1364 772 quia
1386 728 1515 761 credere
1534 728 1630 761 debes
1647 728 1734 772 quod
1754 728 1800 761 ibi

213 788 300 820 salus
316 791 426 820 nostra
445 787 609 819 consistat.
627 800 642 818 »
663 786 697 818 Si
713 790 822 819 autem
838 791 1019 830 quaeratur,
1037 790 1148 819 utrum
1164 785 1308 829 quotidie
1323 785 1632 818 communicandum
1647 786 1688 818 sit
1699 811 1707 826 ,
1724 785 1801 818 audi

213 844 292 888 quid
317 845 392 877 inde
417 844 514 877 tradit
536 844 742 887 Augustinus
757 842 766 858 ³
784 856 790 875 ε
813 844 1012 886 «Quotidie,
1036 844 1159 888 inquit,
1181 843 1418 876 Eucharistiam
1434 844 1594 887 accipere,
1610 855 1669 876 nec
1688 842 1799 885 laudo,

500 901 654 934 omnibus
679 905 789 934 tamen
812 901 990 934 Dominicis
1013 901 1128 934 diebus
1149 901 1458 934 communicandum
1483 901 1606 934 hortor.
1632 900 1667 934 Si
1694 905 1801 933 tamen

213 970 305 992 mens
324 959 359 991 in
380 959 498 992 affectu
512 958 665 1003 peccandi
682 963 745 1000 est,
763 958 894 1001 gravari
909 959 1012 1001 magis
1026 958 1097 991 dico
1112 958 1321 991 Eucharistiae
1336 959 1556 1003 perceptione,
1573 969 1672 1003 quam
1686 957 1802 1002 purifi-

212 1016 290 1050 cari.
315 1016 355 1048 Et
375 1016 450 1049 licet
466 1017 540 1060 quis
556 1020 682 1060 peccato
703 1016 902 1056 mordeatur,
920 1016 946 1047 si
964 1016 1115 1059 peccandi
1140 1021 1245 1048 tamen
1267 1016 1306 1048 de
1327 1020 1440 1048 caetero
1460 1027 1526 1048 non
1547 1015 1665 1048 habeat
1683 1015 1802 1049 volun-

213 1078 324 1114 tatem,
342 1078 373 1106 et
387 1074 560 1106 satisfaciat
574 1074 727 1118 lacrymis
742 1077 772 1106 et
787 1073 1005 1115 orationibus,
1023 1073 1150 1106 accedat
1164 1085 1312 1114 securu53
1331 1074 1386 1106 sed
1401 1073 1461 1106 hoc
1474 1074 1514 1106 de
1529 1074 1587 1106 illo
1602 1073 1687 1115 dico,
1702 1083 1800 1117 quem

214 1131 363 1164 mortalia
377 1135 504 1175 peccata
523 1142 590 1163 nou
607 1135 746 1173 gravant
760 1137 782 1163 ⁴.
805 1131 840 1163 Si
863 1142 938 1163 vero
958 1142 1023 1163 non
1046 1131 1266 1174 frequentius,
1283 1131 1396 1163 saltem
1417 1135 1465 1163 ter
1487 1131 1521 1163 in
1544 1142 1629 1164 anno
1653 1130 1802 1164 homines

213 1189 467 1231 communicent,
490 1189 553 1221 nisi
573 1189 654 1221 forte
676 1188 751 1232 quis
771 1188 995 1220 criminalibus
1010 1187 1207 1231 impediatur
1224 1200 1230 1220 :
1250 1188 1285 1220 in
1299 1188 1422 1221 Pascha
1441 1188 1577 1229 scilicet,
1593 1188 1672 1220 etin
1687 1188 1803 1220 Pente-

213 913 271 935 nec
295 902 445 946 vitupero
469 914 476 933 :

213 1250 317 1285 coste,
349 1250 380 1279 et
408 1246 443 1278 in
470 1246 590 1279 Natali.
620 1245 740 1278 Omnes
767 1256 844 1288 ergo
878 1245 1141 1286 communicent,
1168 1245 1226 1289 qui
1254 1245 1421 1278 noluerint
1449 1256 1556 1278 carere
1583 1244 1804 1278 ecclesiasticis

213 1303 395 1337 liminibus.
411 1317 427 1334 n

405 1431 605 1463 EXPOSITIO
628 1430 791 1462 TEXTUS.

248 1517 308 1540 Post
325 1515 380 1539 liaec
398 1514 529 1545 quaeritur,
546 1513 565 1537 si
584 1513 651 1544 quod
669 1513 733 1544 gerit
751 1513 883 1543 sacerdos,
901 1515 949 1536 etc.

253 1592 357 1631 Supra
370 1591 437 1630 egit
452 1590 602 1629 Magister
615 1590 653 1620 de
668 1590 832 1626 fractione3
847 1589 899 1619 hic
914 1589 981 1628 agit

213 1646 252 1676 de
276 1644 539 1684 frequentatione.
565 1642 603 1673 Et
627 1642 777 1682 quoniam
797 1643 857 1672 hoc
877 1651 982 1672 sacra-

214 1700 359 1728 mentum
375 1696 567 1736 frequentari
578 1695 733 1734 contingit
747 1698 777 1726 et
791 1705 809 1725 a
823 1696 982 1725 sacerdote

215 1751 411 1788 conficiente,
428 1752 458 1779 et
471 1758 490 1779 a
504 1748 633 1789 populo,
645 1750 676 1778 et
691 1750 826 1788 utraque
841 1749 984 1788 frequen-

215 1804 291 1835 tatio
305 1804 432 1844 respicit
447 1811 542 1834 suum
557 1802 653 1832 tinem
666 1812 673 1831 :
695 1810 770 1831 nam
785 1801 984 1832 sacerdotalis

215 1857 373 1896 praecipue
400 1855 525 1896 respicit
546 1854 825 1893 significationem,
849 1854 902 1884 sed
926 1862 982 1893 po-

215 1910 283 1949 puli
305 1909 514 1949 frequentatio
533 1908 658 1947 respicit
677 1907 891 1938 sanationem:
914 1907 984 1937 ideo

155 1983 158 1986 »
173 1983 177 1987 ‚
194 1998 199 2004 .
216 1972 289 2002 pars
302 1963 370 1993 haec
391 1962 485 1992 habet
505 1961 582 1991 duas
596 1962 710 1999 partes.
727 1960 761 1990 In
781 1960 884 1999 prima
898 1968 986 1999 quae-

216 2016 271 2054 rit,
297 2023 395 2055 quare
417 2013 561 2044 sacerdos
585 2013 766 2051 frequenter
789 2012 932 2048 conficit;
953 2011 985 2042 in

216 2068 354 2100 secunda
374 2067 577 2103 determinat,
600 2073 700 2105 quare
719 2065 825 2095 fideles
838 2065 986 2104 frequen-

216 2123 265 2152 ter
276 2120 448 2159 recipiunt,
464 2119 507 2149 ihi
521 2129 527 2149 ε
550 2118 737 2149 Institutum
753 2119 857 2149 aulem
871 2120 917 2148 est
931 2117 986 2148 Ιιοο

217 2174 464 2210 sacramentum,
481 2174 539 2202 etc.
560 2170 663 2201 Prima
683 2179 756 2209 pars
774 2170 869 2200 habet
889 2170 984 2200 duas:

218 2227 252 2258 in
277 2226 381 2267 prima
407 2225 514 2255 movet
537 2223 764 2262 quaestionem;
793 2222 827 2252 in
850 2222 987 2253 secunda

218 2279 416 2316 determinat,
432 2277 496 2308 ibi:
513 2275 562 2307 Ad,
577 2276 632 2307 hoc
646 2275 778 2306 breviter
791 2274 860 2306 dici
872 2277 985 2314 potest.

220 2332 371 2363 Similiter
393 2329 531 2361 secunda
555 2337 628 2369 pars
649 2328 727 2358 duas
747 2327 861 2358 habet:
884 2327 988 2367 primo

219 2385 407 2416 determinat
420 2383 518 2422 hujus
533 2380 721 2412 sacramenti
738 2380 924 2417 efficaciam;
942 2388 989 2411 se·

220 2436 323 2468 cundo
338 2445 414 2468 vero
432 2436 539 2466 movet
553 2433 764 2474 quaestionem
784 2433 822 2463 de
837 2433 988 2472 frequen-

253 2533 394 2562 ¹Ambros.,
411 2532 441 2555 de
455 2531 577 2561 Sacram„
591 2530 633 2554 lib.
647 2529 689 2559 iV,
705 2536 726 2553 c.
744 2534 776 2558 ιν,
795 2530 819 2552 et
831 2528 947 2557 habetur,
960 2527 990 2552 de

222 2569 345 2597 Consecr„
361 2568 416 2592 diet.
435 2574 463 2596 11,
483 2574 506 2591 c.
527 2567 613 2590 Utrum
628 2565 672 2589 sub
686 2565 778 2595 fiyura.
793 2577 824 2582 —
840 2564 848 2578 ²
867 2564 990 2594 Habetur,

221 2611 243 2628 c.
269 2603 334 2632 Quid
352 2604 385 2626 sit
405 2603 516 2632 «anquis.
535 2615 564 2619 —
580 2601 590 2618 ⁸
604 2599 730 2629 uennad„
744 2599 772 2622 cle
787 2599 879 2623 Eccles.
894 2598 987 2628 doymi..

1037 1430 1090 1468 tia,
1108 1431 1151 1461 ibi
1166 1441 1173 1461 ε
1196 1430 1237 1462 Si
1251 1434 1357 1463 autem
1372 1431 1527 1470 quaeritur
1541 1432 1649 1463 utrum
1667 1429 1809 1470 quotidie

1037 1483 1350 1516 communicandum.

1364 1577 1432 1598 DUB.
1457 1576 1478 1598 Ι.

1065 1641 1128 1670 Quia
1146 1642 1169 1665 iu
1185 1641 1233 1665 hoc
1249 1643 1409 1665 sacramento
1425 1641 1567 1665 recordatio
1581 1641 1608 1665 fit
1623 1641 1700 1672 iuius,
1716 1641 1783 1672 quod

1301 1677 1394 1700 sactum
1408 1678 1445 1700 cst
1461 1676 1548 1700 semei.

1079 1747 1110 1777 Si
1129 1747 1189 1777 hoc
1204 1756 1317 1778 verum
1332 1749 1394 1784 est,
1410 1756 1489 1786 ergo
1509 1747 1632 1777 tantum
1647 1745 1744 1776 semel
1757 1746 1809 1777 de-

1039 1800 1126 1830 beret
1144 1800 1211 1830 fieri
1235 1800 1274 1830 ab
1291 1808 1356 1830 uno
1372 1799 1545 1837 sacerdote,
1562 1801 1593 1829 et
1611 1799 1708 1829 semel
1724 1808 1810 1830 man-

1040 1852 1160 1883 ducari.
1181 1852 1257 1883 item
1281 1853 1471 1892 baptismus,
1493 1852 1549 1892 qui
1570 1852 1678 1890 signat
1695 1851 1810 1891 passio-

1040 1916 1113 1937 nem
1136 1906 1268 1945 Christi,
1293 1916 1357 1938 non
1380 1907 1530 1938 iteratur:
1555 1914 1633 1945 ergo
1653 1914 1711 1936 nec
1731 1905 1809 1936 illud

1039 1962 1283 1990 sacramentum.

1081 2012 1172 2051 Resp.
1196 2012 1282 2043 Sicut
1302 2012 1376 2042 dicit
1395 2012 1546 2052 Magister
1566 2014 1600 2044 in
1619 2014 1740 2049 littera.
1758 2013 1810 2043 hic

1041 2064 1186 2104 signatur
1201 2065 1305 2104 passio
1319 2065 1432 2095 Christi
1447 2067 1601 2106 tanquam
1616 2067 1649 2097 in
1662 2066 1766 2105 signo,
1779 2067 1811 2096 et

1041 2119 1192 2156 tauquam
1215 2117 1248 2147 in
1271 2118 1364 2156 signo
1385 2119 1652 2150 rememorativo:
1676 2120 1707 2149 et
1730 2125 1810 2158 quo-

1042 2169 1128 2199 niam
1136 2170 1317 2208 frequenter
1326 2171 1531 2201 rememorari
1539 2171 1692 2202 debemus
1699 2170 1813 2202 Christi

1042 2221 1140 2252 semel
1150 2222 1244 2260 passi,
1258 2222 1327 2252 ideo
1338 2223 1416 2253 iliud
1430 2226 1664 2255 sacramentum
1680 2224 1813 2254 iteratur

1042 2273 1171 2313 pluries,
1195 2274 1255 2304 Sed
1274 2274 1300 2304 si
1320 2277 1395 2306 tunc
1412 2276 1540 2316 objicias
1559 2277 1598 2307 dc
1617 2277 1813 2308 sacramento

1043 2326 1207 2365 baptismi,
1231 2326 1400 2357 dicendum
1424 2329 1509 2368 quod
1533 2338 1597 2360 non
1623 2331 1670 2360 est
1693 2329 1811 2366 simile,

1043 2378 1118 2419 quia
1131 2379 1305 2418 baptismus
1320 2380 1424 2419 signat
1438 2382 1629 2421 passionem,
1645 2383 1739 2422 prout
1753 2389 1812 2412 nos

1044 2440 1099 2471 per
1115 2432 1203 2462 iliam
1223 2433 1378 2464 morimur
1398 2437 1522 2474 peccato
1542 2435 1708 2476 originali,
1728 2432 1812 2474 quod

1045 2535 1066 2552 c.
1087 2534 1163 2555 xxm,
1179 2528 1211 2552 al.
1231 2529 1269 2558 53,
1287 2531 1311 2552 et
1329 2530 1358 2554 ‹Ie
1376 2531 1499 2563 Censet-r„
1517 2532 1574 2556 dist.
1590 2537 1618 2562 11,
1637 2538 1660 2555 c.
1681 2530 1813 2561 Quotidie;

1045 2565 1121 2594 Aug„
1136 2563 1213 2594 Epist.
1229 2569 1320 2594 cxviii,
1335 2565 1367 2589 al.
1383 2571 1434 2596 mv,
1452 2574 1475 2591 c.
1495 2573 1536 2591 111.
1549 2579 1580 2585 —-
1595 2566 1738 2590 0Fahiauus
1753 2567 1812 2595 ΡΡ..

1045 2598 1074 2623 de
1089 2599 1211 2627 Corae-ccv..
1228 2598 1287 2624 dist.
1299 2605 1328 2629 11.
1343 2608 1366 2624 c.
1381 2602 1409 2626 Sa·
1424 2609 1479 2627 ηοιι.
