2017 2948
110 1705 154 1725 nvi*
165 1704 211 1723 riui-

109 1737 169 1754 natur

122 1765 199 1785 inti-ttr

124 1800 194 1821 genti-i

111 1827 173 1846 dii-tui
181 1833 214 1845 nin

120 2339 148 2358 no
170 2338 222 2358 sole-

119 2370 160 2389 mni
172 2386 177 2395 ‚
199 2375 222 2388 as·

135 2400 195 2420 unica

121 2432 222 2458 pir-niten-

119 2466 153 2482 tia.

211 125 268 153 568
773 119 1082 153 SENTENTIABUM
1106 120 1180 151 LlB.
1206 120 1254 151 lv.

211 194 258 222 est
274 189 386 222 vitatio
401 189 560 232 gehennae
578 215 586 231 ,
602 193 633 222 et
647 189 775 233 adeptio
800 188 925 231 gloriae.
949 187 1166 220 Mortificatur
1182 188 1269 220 enim
1286 189 1343 222 illa
1356 189 1547 233 poenitentia
1558 216 1566 229 ‚
1586 193 1618 221 et
1638 189 1703 222 alia
1716 194 1804 223 ante-

214 250 283 280 aeta
297 246 383 280 bona
398 258 456 291 per
470 258 609 292 sequens
625 252 790 291 peccatum
803 272 810 286 ,
828 249 864 278 ut
886 256 951 278 non
967 245 1146 278 sortiantur
1170 245 1350 278 mercedem
1365 272 1371 286 ‚
1389 258 1489 290 quam
1514 251 1706 279 meruerunt
1728 258 1804 280 cum

214 304 350 345 fierent,
366 308 393 336 et
413 316 512 349 quam
537 304 692 337 haberent
717 304 742 336 si
766 307 932 347 peccatum
958 314 1021 336 non
1048 303 1242 336 succederet.
1260 304 1323 336 Sed
1339 308 1369 336 et
1384 305 1409 337 si
1424 304 1463 337 de
1480 309 1608 348 peccato
1623 304 1805 338 succedenti

214 362 405 406 poenitentia
419 366 554 404 agatur,
572 366 601 394 et
617 361 807 406 punfltentia
822 372 896 405 quae
913 361 1073 405 praecessit
1087 388 1094 402 ,
1112 365 1142 394 et
1161 362 1223 394 alia
1248 366 1391 394 anteacta
1414 362 1499 394 hona
1515 362 1734 403 reviviscunt3
1750 362 1805 395 sed

214 420 270 453 illa
284 424 414 453 tantum
430 431 504 465 quae
519 432 558 453 ex
581 420 738 452 charitate
759 419 963 464 prodierunt.
991 419 1052 451 Illa
1076 419 1163 452 enim
1191 419 1258 451 sola
1283 419 1357 451 viva
1380 424 1455 452 sunt
1470 447 1477 461 ,
1495 431 1568 465 quae
1592 431 1631 453 ex
1651 420 1806 453 charitate

216 478 311 511 fiunt.
331 478 472 522 Ideoque
488 479 513 510 si
536 489 592 522 per
615 478 783 521 sequentia
808 482 935 521 peccata
961 477 1201 509 mortificantur
1215 503 1222 515 ,
1241 488 1297 521 per
1312 478 1563 522 subsequentem
1581 478 1806 522 prenitentiam

216 536 407 569 reviviscere
423 539 569 580 possunt.
593 535 673 574 Qnae
697 546 773 567 vero
796 535 864 566 siue
889 535 1045 567 charitate
1072 534 1178 576 fiunt,
1198 539 1325 567 mortua
1347 539 1377 567 et
1403 535 1514 568 inania
1537 541 1758 579 generantur3
1777 541 1809 569 et

216 594 287 626 ideo
302 605 359 638 per
374 593 599 638 poenitcntiam
616 593 808 625 reviviscere
827 603 891 624 non
908 592 1028 625 valent.
1047 593 1205 625 Similiter
1220 593 1474 635 intelligendum
1491 598 1536 625 est
1552 593 1636 626 illud
1656 606 1662 625 :
1684 607 1699 624 t(
1716 593 1806 626 Nihil

217 656 351 696 prosunt
367 652 522 693 lamenta,
538 664 553 681 »
569 655 643 691 etc.;
662 655 691 683 et
708 650 790 682 illud
812 663 818 683 ι
840 650 956 683 «Nihil
973 651 1070 693 valet,
1090 664 1104 680 »
1120 655 1179 682 etc.
1197 651 1232 682 Si
1248 651 1334 683 enim
1351 651 1550 694 replicentur
1566 655 1705 695 peccata,
1723 651 1807 684 nihil

220 710 303 742 valet
318 710 356 742 ad
373 709 532 751 salutem,
551 709 602 741 vel
619 709 657 741 ad
675 708 804 741 veniam
820 709 854 740 iu
870 710 934 740 tine
952 709 1132 753 praeeedens
1148 710 1328 741 lamentum
1340 736 1347 749 ,
1364 709 1442 753 quia
1455 709 1537 741 nihil
1554 709 1753 753 relinquitur
1767 709 1807 742 de

218 767 292 800 vitae
308 767 469 800 munditia
488 780 493 799 z
512 767 590 811 quia
605 771 661 799 aut
681 771 806 810 peccata
821 766 954 799 dimissa
969 767 1107 799 redeunt
1121 793 1128 807 ‚
1147 772 1181 799 ut
1204 767 1400 810 quibusdam
1421 766 1523 810 placet
1537 793 1544 807 ,
1562 778 1636 799 cum
1653 767 1811 811 replican-

220 829 293 865 tur;
312 825 380 865 vel,
398 825 424 857 si
441 836 505 857 non
523 825 659 857 redeunt
675 850 682 865 ,
699 825 745 856 eis
764 829 870 857 tamen
885 825 999 857 deletis
1014 829 1146 869 propter
1161 825 1432 867 ingratitudinem
1452 826 1495 858 ita
1518 836 1592 857 reus
1614 829 1644 857 et
1665 825 1809 858 immun-

218 883 279 915 dus
293 883 504 915 constituitur
518 909 525 923 ,
540 894 614 915 cum
630 882 737 915 adhuc
753 882 786 914 in
803 882 972 926 expiandis
987 882 1174 926 implicatur
1190 909 1197 922 ,
1215 894 1250 914 ac
1269 883 1294 915 si
1316 883 1384 926 jam
1399 882 1505 915 deleta
1520 882 1675 915 redirent.
1694 883 1737 916 De
1751 883 1811 916 hoc

221 945 328 973 tamen
344 967 351 981 ,
369 940 489 972 scilicet
503 967 510 981 ‚
528 952 569 973 an
585 945 711 984 peccata
725 940 879 981 redeant,
898 945 967 984 pust
987 941 1116 985 plenius
1132 952 1277 982 agemus.
1296 941 1456 973 Similiter
1471 941 1551 973 nihil
1570 942 1655 973 valet
1670 941 1710 974 ad
1725 941 1813 974 salu-

222 1003 286 1030 tem
303 998 512 1030 obtinendam
527 1024 534 1039 ,
552 998 603 1030 vel
619 999 657 1031 ad
678 998 874 1030 munditiam
893 999 964 1031 vitae
980 999 1161 1031 habendam
1175 1025 1182 1039 ‚
1202 999 1329 1031 veniam
1351 999 1389 1031 de
1417 999 1592 1031 malefactis
1614 1010 1762 1043 poscere,
1780 1002 1811 1032 et

222 1055 390 1087 malefacta
408 1055 515 1087 denuo
531 1055 657 1088 iterare.
677 1056 724 1088 Ita
739 1056 835 1088 etiam
853 1056 1104 1099 intelligendum
1121 1061 1166 1087 est
1194 1057 1274 1089 illud
1291 1057 1378 1101 quod
1404 1057 1489 1089 idem
1513 1057 1720 1098 Augustinus
1734 1057 1814 1090 alibi

222 1113 266 1145 ait
283 1113 288 1127 ¹
308 1125 313 1144 :
336 1126 351 1143 «
366 1112 563 1145 Poenitentia
581 1117 627 1145 est
651 1113 799 1156 quaedam
825 1113 964 1145 «loli-ntis
994 1114 1157 1154 vindicta,
1183 1125 1309 1158 semper
1335 1114 1474 1158 puniens
1501 1114 1534 1146 in
1559 1125 1591 1146 se
1617 1114 1703 1158 quod
1727 1114 1815 1147 dolet

222 1170 430 1203 commisisse.
444 1184 459 1200 »
476 1170 515 1202 Et
531 1170 616 1202 infra
629 1172 638 1187 ²
653 1183 659 1202 :
678 1184 693 1202 α
705 1171 866 1203 Contiuue
882 1171 1059 1204 dolendum
1071 1177 1118 1204 est
1132 1172 1171 1204 de
1187 1177 1313 1216 peccato
1329 1172 1417 1216 quod
1429 1172 1570 1204 declarat
1582 1172 1650 1216 ipsa
1665 1172 1815 1205 dictionis

223 1229 339 1262 virtus.
359 1229 520 1261 Poenitere
535 1230 622 1262 enim
638 1234 684 1262 est
702 1240 832 1273 poenam
851 1233 958 1261 tenere
977 1241 983 1261 :
1001 1234 1036 1261 ut
1051 1241 1177 1273 semper
1191 1230 1305 1274 puniat
1321 1230 1356 1262 in
1371 1242 1403 1262 se
1420 1230 1617 1271 ulciscendo,
1629 1229 1718 1274 quod
1729 1241 1816 1263 com-

226 1286 312 1319 misit
327 1287 498 1330 peccando.
515 1287 572 1319 llle
587 1292 695 1319 autem
709 1298 838 1331 poenam
858 1291 952 1328 tenet,
966 1287 1023 1331 qui
1039 1299 1166 1331 semper
1180 1288 1319 1320 vindieat
1334 1288 1422 1332 quod
1437 1287 1634 1320 commisisse
1650 1298 1682 1320 se
1697 1287 1814 1320 dolet³.

225 1343 311 1382 Quid
334 1348 431 1376 restat
450 1345 543 1376 nobis
557 1371 564 1385 ‚
583 1344 644 1377 nisi
661 1345 769 1377 dolere
792 1345 825 1377 in
842 1345 931 1377 vita‘?
951 1345 1006 1377 ubi
1021 1346 1110 1378 enim
1125 1345 1218 1378 dolor
1236 1345 1372 1387 finitur,
1389 1345 1499 1378 deficit
1514 1349 1544 1378 et
1558 1345 1763 1389 poenitentia.
1781 1345 1817 1379 Si

225 1412 301 1434 vero
319 1401 508 1446 poenitentia
524 1402 652 1444 finitur,
669 1403 749 1447 quid
766 1403 967 1447 relinquitur
981 1403 1020 1436 de
1036 1404 1131 1436 venia
1141 1406 1155 1435 ’ἲ
1172 1404 1300 1437 'l’andiu
1316 1404 1457 1446 gaudeat
1472 1407 1502 1435 et
1517 1407 1623 1447 speret
1638 1403 1677 1436 de
1689 1404 1794 1447 gratia
1807 1430 1815 1445 ,

227 1459 374 1504 quandiu
390 1464 592 1493 sustentatur
605 1472 623 1492 a
635 1461 837 1504 poenitentia.
856 1461 938 1493 Dicit
953 1461 1042 1494 enim
1058 1462 1250 1494 Dominus-'⁴2
1274 1461 1370 1501 Vade,
1385 1468 1416 1494 et
1431 1462 1574 1506 amplius
1588 1461 1814 1506 nolipeccare.

228 1517 300 1550 Non
317 1518 400 1550 dixit
417 1530 423 1550 t
441 1518 488 1550 Ne
505 1530 611 1562 pecces
625 1545 632 1559 ,
651 1519 704 1551 sed
722 1530 779 1551 nec
794 1520 946 1551 voluntas
962 1520 1113 1563 peccandi
1129 1520 1162 1551 in
1179 1524 1208 1552 te
1224 1520 1360 1552 oriatur.
1378 1520 1471 1559 Quod
1488 1519 1652 1564 quomodo
1676 1519 1820 1552 servabi-

227 1579 300 1616 tur,
319 1575 380 1607 nisi
405 1575 497 1608 dolor
518 1576 551 1608 in
575 1576 764 1620 poenitentia
790 1577 943 1608 continue
965 1577 1188 1609 custodiatur?
1213 1578 1276 1609 Sed
1301 1588 1427 1621 semper
1448 1577 1576 1618 doleat,
1594 1581 1625 1609 et
1645 1577 1684 1609 de
1707 1576 1819 1610 dolore

228 1633 386 1675 gaudcat3
404 1637 435 1664 et
450 1644 515 1665 non
526 1633 567 1665 sit
582 1634 658 1665 satis
672 1634 759 1677 quud
775 1634 894 1674 doleat,
907 1634 961 1666 sed
977 1645 1015 1666 ex
1033 1634 1096 1666 fide
1111 1635 1230 1675 doleat,
1245 1639 1275 1666 et
1291 1646 1356 1667 non
1372 1646 1498 1678 semper
1512 1635 1654 1667 doluisse
1665 1634 1811 1667 doleat.»

274 1690 320 1722 De
335 1690 526 1733 poenitentia
541 1691 756 1734 perfectorum
773 1717 780 1732 ,
797 1692 847 1723 vel
863 1692 901 1724 ad
921 1692 1056 1724 salutem
1074 1691 1268 1734 sufficienti,
1288 1692 1538 1734 intelligendum
1555 1696 1600 1724 est
1616 1692 1704 1736 quod
1720 1703 1820 1737 supra

229 1747 310 1780 dixit
325 1774 332 1788 ,
350 1748 473 1781 scilicet
491 1761 497 1780 ε
519 1763 533 1779 (ι
550 1749 745 1781 Paenitentia
763 1753 808 1781 est
825 1750 967 1782 vindicta
982 1761 1109 1794 semper
1127 1750 1266 1794 puniens
1281 1750 1369 1794 quod
1384 1750 1546 1782 commisit
1561 1776 1568 1790 ,
1586 1763 1601 1780 »
1621 1754 1652 1782 et
1673 1750 1737 1782 alia
1759 1750 1821 1783 hu-

227 1805 384 1849 jusmodi.
403 1806 489 1839 Illud
507 1818 584 1840 vero
602 1820 608 1839 :
631 1820 646 1837 «
662 1806 696 1839 Si
716 1807 908 1851 poenitentia
932 1808 1067 1849 linitur,
1096 1808 1177 1840 nihil
1193 1808 1232 1840 (le
1254 1808 1351 1840 venia
1376 1807 1595 1852 relinquitur,
1613 1821 1628 1839 »
1648 1807 1822 1852 dupliciter

231 1864 329 1908 accipi
346 1868 459 1908 potest.
478 1864 513 1897 Si
529 1865 615 1897 enim
629 1865 725 1909 juxta
741 1865 961 1910 quorumdam
978 1865 1230 1907 intelligentiam
1255 1869 1382 1910 peccata
1404 1865 1536 1897 dimissa
1559 1864 1712 1906 redeunt,
1729 1865 1822 1898 facile

232 1925 279 1953 est
302 1921 483 1964 intelligere
508 1922 590 1954 nihil
612 1922 651 1955 de
674 1923 768 1955 venia
791 1923 958 1967 relinqui,
978 1923 1057 1968 quia
1077 1928 1204 1967 peecata
1219 1923 1352 1956 dimissa
1367 1923 1485 1955 iterum
1504 1923 1714 1966 replicantur.
1732 1922 1824 1956 Sicut

233 1979 319 2011 enim
336 1979 392 2011 ille
406 2005 413 2020 ,
432 1980 489 2023 qui
504 1992 543 2012 ex
558 1981 713 2013 servitute
730 1981 762 2013 iu
780 1981 962 2013 libertatem
978 1981 1235 2022 manumittitur,
1252 1981 1383 2013 interim
1402 1992 1476 2012 vere
1491 1980 1574 2013 liber
1588 1984 1650 2021 est,
1667 1984 1698 2013 et
1712 1983 1822 2013 tamen

233 2040 364 2080 propter
378 2037 535 2070 offensam
551 2038 584 2070 in
601 2039 791 2071 servitutem
815 2043 924 2082 postea
944 2043 1135 2080 revocatur;
1153 2039 1197 2071 sic
1212 2042 1243 2070 et
1258 2038 1449 2082 poenitentia
1469 2042 1597 2082 peccata
1619 2049 1694 2071 vere
1714 2038 1825 2071 dimit·

235 2097 351 2126 tuntur
364 2120 372 2135 ,
389 2098 420 2126 et
436 2099 543 2128 tamen
558 2100 689 2140 propter
706 2096 863 2129 offensam
877 2122 884 2137 ,
901 2108 973 2141 quae
988 2097 1176 2140 replicatur,
1190 2097 1311 2128 iterum
1328 2096 1477 2128 redeunt.
1495 2096 1530 2128 Si
1545 2107 1622 2128 vero
1637 2107 1703 2129 non
1719 2095 1824 2128 redire

235 2150 397 2193 dieantur,
416 2163 492 2185 sane
508 2157 610 2197 potest
631 2154 694 2186 dici
718 2155 815 2187 etiam
836 2154 878 2187 sic
904 2154 989 2187 nihil
1011 2154 1050 2187 de
1066 2156 1162 2187 venia
1178 2154 1320 2198 relinqui
1340 2166 1346 2185 :
1364 2165 1429 2186 non
1447 2154 1533 2198 quod
1550 2153 1683 2186 dimissa
1698 2157 1825 2198 peccata

236 2208 356 2241 iterum
370 2209 596 2253 imputentur3
614 2212 667 2244 sed
683 2212 760 2256 quia
773 2216 904 2256 propter
917 2211 1187 2255 ingratitudinem
1204 2211 1247 2244 ita
1262 2223 1337 2244 reus
1351 2215 1382 2243 et
1396 2211 1588 2244 immundus
1601 2211 1823 2252 constituitur,

238 2277 274 2298 ac
287 2266 314 2299 si
328 2266 387 2299 illa
401 2267 555 2300 redirent.

282 2325 369 2358 Illud
392 2329 501 2359 autem
525 2327 613 2371 quod
628 2327 822 2361 Ambrosius
847 2329 891 2361 ait
910 2341 916 2361 z
935 2342 951 2360 «
970 2328 1204 2373 Reperfflntur,
1222 2332 1297 2367 etc.;
1319 2328 1402 2360 sicut
1416 2338 1522 2359 unum
1538 2326 1697 2371 baptisma
1711 2352 1719 2367 ,
1736 2326 1781 2359 ita
1795 2329 1826 2358 et

240 2394 304 2415 una
319 2384 529 2428 poenitentia3
547 2398 562 2415 >³
584 2396 649 2418 non
665 2386 844 2419 secundum
861 2387 1045 2430 generalem
1057 2412 1065 2428 ‚
1082 2386 1137 2418 sed
1153 2386 1332 2419 secundum
1348 2385 1518 2429 specialem
1537 2395 1659 2417 morem
1674 2383 1824 2417 Ecclesiae

240 2440 280 2473 de
289 2441 428 2474 solemni
442 2442 631 2486 poenitentia
642 2442 764 2476 dictum
781 2444 1066 2489 intelligitur,quae
1078 2444 1166 2488 apud
1182 2443 1340 2489 quosdam
1357 2443 1456 2476 semel
1469 2442 1631 2475 celebrata
1648 2453 1714 2475 non
1729 2441 1826 2474 itera-

269 2556 275 2571 “
289 2557 324 2581 De
342 2565 390 2581 rer.
407 2560 429 2581 el
446 2558 506 2588 sul-s.
524 2559 620 2587 l'oem'l„
637 2568 659 2583 c.
680 2566 733 2589 ant,
749 2567 773 2583 u.
793 2563 832 2590 22,
850 2560 914 2584 iuter
930 2567 999 2591 oper.
1019 2562 1044 2585 S.
1068 2562 1140 2591 Aug..
1157 2561 1181 2584 et
1197 2560 1313 2591 habetur,
1328 2559 1356 2583 de
1373 2560 1470 2589 Poem‘t„
1491 2559 1548 2583 dist.
1573 2564 1612 2588 111,
1625 2565 1646 2582 c.
1663 2557 1817 2581 Poem'eeuti'a.

238 2605 268 2610 -
282 2592 290 2605 ²
302 2591 376 2622 ibid„
391 2600 412 2617 c.
430 2599 483 2623 xix,
501 2600 525 2617 u.
540 2595 629 2618 35.—³
641 2594 713 2624 leid„
729 2602 752 2619 c.
768 2601 824 2624 xui,
839 2602 863 2619 u.
880 2596 918 2619 28.
931 2609 960 2614 -
973 2596 982 2613 ⁴
993 2596 1075 2626 Joan„
1091 2602 1148 2626 vni,
1166 2598 1202 2620 11.
