2017 2948
217 126 274 155 166

255 191 284 219 5.
309 187 358 219 Ad
384 187 461 217 illud
485 195 562 217 vero
585 187 670 226 quod
693 186 858 226 qnaeritur,
886 194 984 225 quare

214 241 319 280 magis
343 241 403 270 ista
425 240 533 270 decem
556 240 653 270 verba
675 240 790 278 scripta
813 239 930 269 suerint
951 239 983 268 in

211 294 329 325 tabulis
359 293 510 333 lapideis,
540 301 638 332 quam
667 292 744 329 alia,
773 301 846 321 cum
877 292 984 321 minus

213 348 354 386 spectent
369 345 405 376 ad
422 345 528 384 legem
544 345 702 384 scriptam,
718 344 885 374 dicendum
899 344 983 383 quod

211 399 271 429 hoc
291 399 361 436 fuit,
384 398 460 437 quia
482 398 515 428 in
539 397 614 436 ipsis
636 397 776 427 maxime
795 396 984 426 consistebat

211 452 326 491 regula
344 451 489 491 justitiae,
511 452 541 480 et
564 450 624 480 alia
646 449 805 480 habebant
824 450 930 479 reduci
945 450 983 480 ad

212 506 283 537 haec
300 516 307 537 :
324 507 355 536 et
371 505 438 544 ipsa
451 504 579 543 quidem
593 503 715 533 stabilia
729 505 830 540 erant,
847 512 903 532 nec
914 512 985 533 eva-

212 559 300 590 cuari
315 558 472 589 habebant
488 566 543 596 per
557 557 664 595 legem
680 556 957 595 supervenientem
977 566 983 585 :

212 613 281 643 ideo
306 612 339 641 in
366 610 480 641 tabulis
503 609 634 649 lapideis
657 609 772 648 scripta
795 609 985 646 fueru1it‚ut

211 665 430 696 ostenderetur
453 671 567 693 eorum
591 662 806 701 praerogativa
829 665 984 701 quantum

212 718 251 748 ad
266 717 464 755 dignitatem,
482 717 512 745 et
524 717 681 754 quantum
696 715 735 745 ad
751 714 961 745 stabilitatem.

253 772 281 799 6.
300 769 346 799 Ad
369 768 446 798 illud
470 768 554 807 qnod
569 767 736 807 quaeritur,
764 777 863 807 quare
877 769 984 807 magis

213 823 285 854 data
299 824 375 852 sunt
388 822 445 861 ipsi
458 821 575 861 populo
590 830 608 851 a
624 821 684 852 Deo
700 821 882 851 immediate
899 831 985 852 man-

213 877 285 906 data
300 874 457 913 Decalogi,
483 884 580 914 quam
601 874 764 913 judicialia
786 877 816 905 et
832 884 983 906 caeremo-

213 930 319 967 nialia,
341 928 507 959 dicendum
532 928 616 967 quod
640 928 700 958 hoc
722 928 791 965 fuit,
817 928 892 967 quia
912 938 984 959 curn

214 984 363 1014 mandata
379 982 525 1020 Decalogi
540 984 643 1012 essent
664 982 701 1012 de
714 982 882 1012 dictamine
903 983 985 1022 legis

211 1038 352 1073 naturae,
390 1035 513 1065 modica
546 1035 730 1073 indigebant
766 1035 962 1073 expositione
975 1059 983 1073 ,

211 1089 295 1119 unde
317 1088 474 1127 simplices
498 1088 605 1118 statim
627 1089 771 1127 poterant
793 1088 845 1117 illa
861 1097 982 1127 capere,

211 1141 448 1171 Caeremonialia
472 1150 547 1171 vero
563 1142 593 1171 et
613 1140 774 1179 ⁸iudicialia
800 1141 985 1179 indigebant

211 1193 325 1233 maJori
340 1193 546 1223 instructione
564 1204 570 1224 :
598 1194 681 1224 unde
697 1193 824 1223 illorum
845 1194 985 1232 cognitio

211 1246 426 1286 principaliter
435 1247 473 1285 (a)
488 1248 605 1285 spectat
614 1246 650 1275 ad
659 1246 782 1285 judices
790 1246 965 1276 sacerdotes
976 1257 982 1276 ς

212 1300 281 1330 ideo
296 1308 360 1329 non
375 1299 419 1329 sic
432 1299 563 1329 fuerunt
576 1299 648 1329 data
661 1299 777 1338 populo
791 1299 982 1337 immediate,

211 1352 263 1382 sed
280 1352 436 1382 mediante
450 1351 642 1391 legislatore.

423 1466 700 1500 ARTICULUS
725 1467 770 1499 II.

252 1565 484 1604 Consequenter
499 1564 654 1604 quaeritur
670 1565 707 1595 de
724 1565 879 1595 mandatis
893 1566 984 1596 Deca-

210 1618 275 1657 logi
291 1619 447 1657 quantum
461 1617 499 1647 ad
517 1617 659 1647 ordinem
677 1620 706 1648 et
727 1618 981 1656 distinctione111;

211 1673 241 1701 et
256 1671 339 1700 circa
352 1671 412 1700 hoc
426 1670 487 1700 tria
501 1673 630 1709 possunt
646 1671 756 1710 quaeri.
774 1671 880 1702 Primo
896 1681 983 1711 quae-

211 1724 293 1754 ritur
316 1724 354 1754 de
378 1723 519 1763 ipsorum
548 1724 771 1754 mandatorum
795 1734 930 1755 numero
955 1728 985 1756 et

211 1777 411 1815 sufficientia,
427 1778 534 1807 utrum
545 1776 742 1815 sintdecem,
760 1778 896 1808 secundo
908 1788 984 1809 vero

211 1830 367 1869 quaeritur
392 1829 430 1859 de
454 1829 563 1859 ordine
591 1829 733 1868 ipsorum
760 1831 798 1860 ad
825 1830 981 1868 invicenr,

212 1883 303 1913 tertio
316 1882 471 1922 quaeritur
483 1882 521 1912 de
534 1891 668 1912 numero
686 1885 715 1912 et
730 1883 839 1913 ordine
855 1884 887 1914 iu
902 1894 985 1915 com-

213 1935 374 1975 paratione
388 1935 426 1965 ad
442 1935 622 1965 tabularum
637 1935 880 1967 distinctionem.

476 2038 651 2075 QUAEST1‹›
675 2039 699 2069 Ι.

238 2131 283 2157 An
304 2130 436 2156 mandata
461 2129 586 2162 Decaloyi
610 2128 719 2155 <labeant
744 2137 794 2157 esse
818 2131 899 2165 plura
923 2133 964 2159 vel

419 2174 550 2207 pauciora
564 2181 643 2206 quam
658 2173 741 2200 decem
755 2176 770 2199 ¹.

257 2255 368 2285 Utrum
400 2253 546 2283 mandata
574 2254 720 2293 Decalogi
749 2255 880 2286 debeant
918 2265 984 2286 esse

215 2310 339 2338 tantum
361 2306 480 2343 decem,
505 2315 546 2336 an
570 2306 671 2345 plura,
697 2316 738 2336 an
760 2309 928 2346 pauciora;
954 2311 984 2339 et

215 2360 299 2400 quod
314 2360 447 2390 debeant
468 2368 535 2389 esse
558 2359 718 2398 pauciora,
745 2361 883 2398 videtur,
910 2362 986 2400 quia

216 2414 366 2444 dicitur¹z
385 2413 445 2448 Qui
459 2412 570 2451 diltqic
589 2413 786 2452 prooeimzcm,
807 2414 903 2452 leqem
925 2415 986 2445 im-

250 2511 256 2526 ¹
273 2511 311 2540 Cf.
325 2510 467 2534 Alexander
479 2509 594 2540 Alensls,
612 2517 636 2540 p.
655 2510 695 2537 ΙΙΙ,
711 2518 734 2540 q.
754 2517 826 2539 xxix,
845 2511 939 2534 memb,
956 2514 982 2542 2,

216 2547 262 2568 nrt.
278 2545 310 2575 35
327 2547 353 2569 S.
375 2546 474 2575 Thone„
488 2546 539 2575 l-ll,
557 2552 580 2575 q.
595 2551 608 2568 c
619 2563 626 2575 ,
643 2547 688 2568 art.
705 2547 717 2568 5
729 2553 735 2575 ;
748 2547 773 2569 vt
786 2546 815 2569 ΙΙΙ
833 2546 913 2575 Sem„
926 2547 983 2571 dist.

217 2587 316 2611 xxxvlt,
333 2589 357 2612 q.
379 2588 395 2611 1,
412 2584 449 2606 art
475 2584 502 2612 23
525 2586 547 2606 el
566 2583 595 2605 ΙΙΙ
612 2584 675 2605 rom.
693 2583 774 2612 (ient.5
789 2591 843 2614 cap.
861 2589 930 2613 ‹tx‘x;
947 2585 985 2607 ln-

769 117 1079 150 SENTENTIARUM
1101 118 1174 149 LIB.
1197 118 1249 150 111.

1036 186 1137 225 plevit
1151 194 1162 216 .·
1185 195 1263 225 ergo
1279 187 1311 216 in
1333 186 1480 216 mandato
1494 187 1532 217 de
1546 187 1710 219 dilectione
1733 197 1806 229 pro-

1039 237 1116 267 ximi
1135 238 1198 268 tota
1222 238 1272 268 lex
1287 240 1387 277 potest
1408 237 1524 267 includi
1551 248 1558 268 z
1576 238 1701 269 videtur
1715 248 1804 279 erg0,

1039 290 1122 329 quod
1135 290 1282 321 mandata
1303 300 1367 321 non
1382 291 1515 321 debeant
1530 300 1664 322 numero
1679 292 1807 323 denario

1039 343 1252 383 multiplicari,
1278 354 1351 375 cum
1367 345 1399 375 in
1416 345 1617 384 paucioribus
1641 346 1715 376 satis
1730 355 1807 377 con-

1039 397 1208 427 tineantur.

1079 450 1108 479 2.
1141 450 1217 480 Item
1245 460 1339 490 super
1368 451 1444 481 illud
1455 453 1465 469 ³
1481 461 1487 480 :
1517 451 1810 490 concupiscentiam

1039 504 1226 541 nesciebam,
1244 504 1351 534 Glossa
1364 515 1370 534 :
1389 504 1498 534 «Bona
1511 507 1557 534 est
1569 505 1631 541 lex,
1643 514 1716 544 quae
1731 505 1809 536 dum

1040 557 1323 595 concupiscentiam
1344 557 1499 596 prohibet,
1516 557 1623 588 omnia
1638 558 1722 588 mala
1735 567 1808 598 pro-

1039 608 1158 639 hibet.»
1179 608 1209 639 Si
1226 618 1303 648 ergo
1318 609 1349 638 in
1365 609 1576 648 prohibitione
1589 611 1810 650 concupiscen-

1040 662 1091 692 tiae
1108 664 1221 692 caetera
1235 662 1318 692 mala
1332 662 1550 701 prohibentur,
1575 662 1702 693 videtur
1724 663 1810 703 quod

1040 716 1101 746 alia
1116 716 1264 746 mandata
1275 716 1482 755 superfluant.

1081 772 1109 799 3.
1129 768 1217 807 Item,
1235 769 1429 809 quicumque
1442 771 1549 808 peccat
1562 769 1748 807 mortaliter,
1766 778 1812 801 se-

1040 823 1146 861 ipsum
1163 822 1274 853 occidit
1290 834 1296 852 z
1315 832 1392 861 ergo
1417 832 1489 853 cum
1513 823 1545 853 in
1561 824 1716 854 occisione
1737 833 1810 864 pro-

1040 875 1186 905 hibeatur
1201 884 1265 905 non
1280 878 1404 906 tantum
1417 876 1625 906 homicidium
1637 877 1810 916 corporale,

1041 928 1094 958 sed
1110 928 1205 958 etiam
1220 929 1395 967 spirituale;
1412 938 1476 959 non
1492 931 1614 959 tanturn
1628 929 1742 969 operis,
1758 929 1813 960 sed

1040 982 1136 1012 etiam
1155 982 1338 1019 voluntatis,
1356 983 1480 1012 videtur
1493 982 1577 1022 quod
1594 983 1626 1012 in
1643 982 1695 1012 illa
1709 982 1814 1022 prohi-

1042 1035 1159 1065 bitione
1182 1036 1410 1074 prohibeantur
1433 1036 1540 1065 omnia
1563 1038 1712 1074 peccata:
1733 1043 1812 1074 ergo

1040 1089 1240 1128 superfluunt
1255 1089 1363 1119 omnia
1378 1089 1439 1119 alia
1455 1089 1612 1119 mandata.

1080 1144 1109 1171 4.
1128 1141 1216 1178 Item,
1233 1142 1409 1172 differentia
1421 1142 1511 1181 legis,
1527 1144 1557 1172 et
1570 1141 1748 1181 Evangelii,
1766 1144 1814 1172 est

1040 1195 1124 1235 quod
1148 1195 1199 1225 lex
1222 1195 1365 1234 prohibet
1392 1204 1535 1232 manum,
1558 1204 1623 1225 non
1649 1195 1809 1233 animum3

1040 1248 1254 1286 Evangelium
1269 1250 1375 1277 autem
1391 1257 1455 1278 non
1470 1248 1573 1278 solum
1595 1257 1739 1284 manum,
1757 1248 1812 1279 sed

1041 1301 1135 1331 etiam
1150 1300 1294 1330 animum
1309 1300 1454 1339 prohibet
1471 1310 1478 1329 z
1495 1309 1572 1338 ergo
1589 1300 1714 1330 videtur
1727 1300 1812 1340 quod

1040 1353 1239 1384 solummodo
1250 1353 1375 1383 deberet
1387 1353 1547 1392 prohiberi
1561 1355 1649 1383 actus
1659 1353 1810 1391 exterior,

1040 1409 1070 1437 et
1085 1415 1149 1437 non
1164 1406 1248 1445 quod
1263 1408 1416 1445 spectaret
1434 1406 1472 1436 ad
1488 1409 1593 1436 actum
1609 1407 1810 1438 interiorem:

1040 1468 1118 1498 ergo
1134 1459 1299 1498 superfluit
1316 1460 1501 1490 mandatum
1524 1459 1562 1489 de
1584 1468 1647 1489 non
1662 1460 1812 1499 concupi-

1040 1513 1165 1543 scendo.
1183 1511 1214 1542 Si
1229 1515 1263 1542 tu
1278 1512 1362 1542 dicas
1386 1512 1470 1552 quod
1494 1511 1680 1551 prohibetur
1694 1521 1809 1543 concu-

1040 1566 1202 1605 piscentia,
1226 1574 1297 1605 quae
1321 1565 1523 1604 progreditur
1538 1565 1571 1595 in
1588 1574 1679 1604 opuS‚
1701 1567 1811 1596 contra

1040 1620 1099 1650 hoc
1113 1623 1170 1656 est,
1185 1619 1259 1659 quia
1274 1619 1327 1648 illa
1345 1628 1410 1648 non
1426 1618 1632 1656 distinguitur
1646 1627 1664 1648 a
1686 1621 1811 1657 peccato

1040 1673 1144 1713 operis
1162 1684 1167 1703 :
1186 1681 1264 1711 ergo
1281 1674 1474 1711 praeceptum
1487 1671 1525 1701 dc
1547 1670 1758 1710 prohibitione
1778 1671 1811 1702 il-

1040 1726 1100 1756 lius
1115 1724 1373 1765 concupiscentiae
1394 1733 1458 1753 non
1473 1723 1564 1753 debet
1585 1724 1809 1754 connumerari

1040 1782 1196 1819 praecepto
1210 1778 1247 1808 de
1263 1777 1475 1817 prohibitione
1489 1776 1594 1816 operis
1609 1776 1787 1807 exterioris

1081 1834 1109 1862 5.
1128 1832 1189 1862 Sed
1209 1834 1332 1868 contra,
1355 1830 1438 1870 quod
1463 1830 1595 1860 debeant
1619 1839 1686 1860 esse
1702 1830 1808 1869 plura,

1040 1894 1137 1924 qnam
1152 1884 1269 1921 decem,
1286 1883 1438 1922 probatur
1455 1892 1462 1913 :
1481 1881 1582 1921 Magis
1597 1891 1709 1912 sumus
1724 1881 1811 1912 debi—

1040 1940 1123 1968 tores
1138 1937 1216 1973 Deo,
1232 1946 1330 1976 quam
1355 1935 1500 1975 proximo
1522 1944 1529 1964 ε
1546 1944 1624 1974 ergo
1643 1935 1734 1974 plura
1755 1934 1809 1965 dc-

1040 1991 1115 2021 bent
1147 2000 1214 2021 esse
1248 1989 1396 2020 mandata
1423 1988 1601 2019 ordin-antia
1629 1988 1669 2018 ad
1698 1988 1809 2026 Deum,

1040 2053 1137 2083 quam
1155 2043 1334 2073 ordinantis.
1355 2041 1394 2072 ad
1409 2042 1592 2081 proximum
1612 2050 1618 2070 :
1635 2050 1716 2079 ergo
1737 2050 1811 2072 cum

1042 2096 1189 2125 mandata
1203 2095 1380 2125 ordinantia
1403 2094 1440 2124 ad
1458 2094 1640 2133 proximum
1661 2094 1723 2123 sint
1740 2102 1811 2133 sep-

1040 2151 1115 2186 tem,
1141 2148 1264 2178 videtur
1288 2147 1373 2187 quod
1399 2147 1547 2177 mandata
1573 2147 1751 2177 ordinantia
1772 2147 1811 2178 ad

1041 2201 1141 2232 Deum
1153 2201 1215 2231 sint
1229 2201 1332 2240 plura,
1350 2200 1399 2231 vel
1414 2200 1524 2230 saltem
1540 2200 1681 2230 totidem.

1081 2256 1110 2284 6.
1128 2254 1216 2291 item,
1234 2256 1354 2284 tantuin
1369 2254 1550 2293 obligamur
1563 2254 1600 2283 ad
1618 2253 1812 2284 benefacien-

1041 2308 1117 2337 dum
1133 2306 1290 2346 proximo,
1315 2308 1473 2345 quantum
1488 2306 1670 2345 obligamur
1692 2308 1727 2336 ut
1748 2315 1811 2337 non

1041 2360 1275 2391 malefaciamus
1292 2360 1319 2389 ei
1337 2369 1343 2387 z
1366 2368 1440 2389 cum
1455 2368 1535 2397 ergo
1557 2369 1611 2389 sex
1632 2359 1693 2389 siut
1717 2368 1811 2389 mau-

1041 2414 1122 2451 data,
1140 2413 1314 2443 secundum
1334 2421 1405 2452 quae
1426 2412 1632 2451 prohibemur
1655 2421 1694 2442 ne
1709 2411 1812 2442 offen-

1043 2512 1164 2539 chardns,
1189 2512 1218 2534 ΙΙΙ
1237 2512 1315 2540 srvit„
1331 2511 1388 2534 dist.
1406 2516 1508 2539 xxxvii,
1524 2516 1548 2540 q.
1565 2515 1606 2538 iv;
1625 2509 1670 2532 Th.
1693 2510 1809 2539 Argent„

1043 2549 1072 2570 ΙΙΙ
1089 2549 1146 2569 sun!
1161 2565 1167 2576 ,
1184 2547 1230 2569 (ΙΝ
1252 2552 1383 2576 xxxx¹11,‹1.
1398 2552 1416 2575 1,
1433 2547 1479 2569 art.
1495 2547 1517 2568 2.
1533 2557 1560 2561 -
1576 2544 1586 2560 ¹
1599 2544 1664 2567 Rom.
1681 2549 1739 2574 riu,
1755 2545 1809 2569 8.—

1042 2584 1050 2597 ³
1064 2583 1139 2612 Ibat,
1155 2588 1201 2611 vii,
1219 2583 1230 2605 ἰ
1255 2595 1284 2599 -
1299 2583 1331 2612 (a)
1347 2581 1387 2604 Al.
1404 2580 1559 2611 principalis
