2017 2948
637 162 734 194 DIST.
758 163 862 194 XXXl.
886 162 975 193 ΛΒΤ.

177 241 251 263 nem
267 243 274 263 τ
293 241 352 263 nec
370 234 493 271 oportet
505 231 613 270 ipsum
627 238 747 260 cessare
773 230 807 260 in
830 229 902 260 finis
917 231 947 260 et

177 285 305 315 termini
319 284 522 315 assecutione.

216 340 246 368 4.
262 337 309 367 Ad
321 337 399 367 illud
414 337 499 376 quod
506 336 665 375 objicitur,
680 335 764 375 quod
783 337 886 375 major
901 337 947 365 est

178 390 376 427 beatificatio,
386 389 440 420 ubi
452 389 615 429 perfectior
623 391 668 419 est
676 389 763 426 unio⁷
777 388 946 418 dicendum

177 442 260 482 quod
274 451 387 472 verum
402 443 447 472 est
463 453 469 471 :
488 441 542 472 sed
551 441 635 481 quod
650 441 769 480 objicit,
780 441 862 480 quod
872 450 944 480 per-

176 495 285 525 fectius
294 495 442 525 uniretur
453 494 534 525 Deus
545 494 673 531 animae,
682 495 707 524 si
718 494 864 524 uniretur
875 494 946 524 abs-

175 557 238 587 que
259 548 419 584 charitate,
446 548 612 578 dicendum
629 548 712 587 quod
736 547 849 577 falsum
873 549 943 578 est:

175 600 249 639 quia
263 600 369 630 anima
390 609 455 630 non
481 602 526 630 est
555 600 704 639 disposita
716 599 755 630 ad
769 600 839 636 hoc,
862 599 953 639 quod.

175 653 303 683 uniatur
329 653 390 684 Deo
416 663 471 693 per
495 653 644 692 gloriam,
672 653 733 683 nisi
757 653 946 683 interveniat

175 706 312 744 habitus,
321 715 384 746 quo
391 706 449 746 ipsi
459 707 672 737 conformetur
680 707 710 736 et
721 715 783 745 quo
792 706 943 744 elevetur,

175 759 347 798 etquodam
364 759 457 789 modo
470 759 589 789 fortiter
598 759 755 797 alligetur.
765 759 844 789 Unio
860 760 944 789 enim

176 812 378 843 beatitudinis
389 814 435 842 est
442 821 497 851 per
511 813 727 850 cognitionem
738 815 768 842 et
776 821 917 842 amorem
934 823 941 843 :

174 864 258 894 unde
267 865 348 895 sicut
355 864 481 894 habitus
489 864 639 903 diligendi
650 873 713 895 non
721 865 792 895 facit
803 865 840 895 ad
850 865 945 895 dilec-

174 917 268 947 tionis
290 917 547 955 diminutionem,
570 917 634 948 imo
653 917 758 957 potius
771 918 810 948 ad
826 918 943 957 perfec-

174 970 291 1000 tionem
304 981 311 1007 ;
329 970 373 1000 sic
391 970 487 1001 etiam
501 980 567 1001 non
581 971 654 1001 facit
666 971 706 1001 ad
717 971 803 1001 illius
817 971 946 1001 unionis

174 1023 452 1063 imperfectionem,
469 1023 522 1054 sed
538 1024 643 1063 potius
655 1024 691 1054 ad
721 1024 945 1063 perfectionem

174 1078 203 1106 et
230 1076 507 1116 complementum.
538 1076 625 1107 Unde
640 1077 726 1116 quod
747 1077 830 1115 dicit,
860 1078 945 1117 quod

174 1129 277 1168 magis
293 1130 403 1161 unitur
413 1131 498 1170 quod
507 1131 620 1161 unitur
633 1131 699 1161 sine
714 1130 830 1167 medio,
847 1141 945 1171 quam

173 1191 245 1212 cum
262 1183 375 1221 medio,
392 1183 560 1214 dicendum
573 1184 658 1224 quod
681 1184 759 1215 illud
776 1184 871 1214 habet
887 1193 944 1215 ve-

173 1237 297 1267 ritatem
312 1236 349 1267 de
371 1237 474 1268 medio
502 1238 588 1277 quod
620 1238 694 1268 facit
717 1237 850 1275 distare,
880 1246 945 1267 non

173 1291 279 1320 autem
307 1290 344 1320 de
360 1290 474 1328 medio,
504 1291 589 1330 quod
610 1290 683 1321 facit
706 1290 896 1330 proximare,
915 1292 946 1320 et

172 1342 210 1372 ad
225 1342 376 1373 unionem
402 1343 505 1382 magis
531 1343 632 1374 reddit
659 1344 796 1374 habilem
821 1355 827 1374 :
853 1345 943 1382 quuS

174 1394 259 1425 modi
272 1397 319 1425 est
334 1396 500 1426 vinculum
514 1396 683 1427 charitatis.

423 1537 625 1575 QUAESTIO
654 1537 696 1568 II.

258 1625 304 1653 An
319 1626 438 1653 charitas
451 1625 543 1652 debeat
558 1626 587 1652 in
600 1626 697 1660 patria
711 1625 828 1652 dilatari
847 1626 864 1652 ¹.

215 1717 326 1748 Utrum
342 1717 475 1747 charitas
498 1717 609 1748 debeat
630 1718 663 1748 in
680 1718 780 1757 patria
796 1717 919 1748 dilatari
935 1728 942 1757 ;

174 1773 205 1802 et
227 1770 311 1810 quod
340 1771 395 1808 sic,
418 1770 547 1801 videtur
566 1771 664 1810 :quia
691 1771 729 1802 de
753 1771 944 1810 perfectione

174 1824 333 1854 charitatis
356 1825 402 1854 est
416 1823 549 1854 latitudo
568 1833 575 1853 :
594 1823 620 1853 si
642 1832 719 1862 ergo
745 1824 882 1854 charitas
910 1825 944 1855 in

173 1877 274 1916 patria
286 1877 422 1907 efficitur
435 1876 611 1916 perfectior,
632 1877 808 1908 necessario
836 1878 944 1918 sequi-

174 1931 227 1960 tur
236 1929 320 1968 quod
336 1929 471 1960 efficitur
480 1929 584 1960 latior.

214 1981 303 2019 Item,
319 1982 439 2021 quanto
452 1982 535 2012 Deus
557 1982 660 2021 magis
674 1982 796 2012 habitat
818 1983 851 2013 in
873 1993 945 2015 cor-

173 2035 221 2073 de,
238 2036 324 2065 tanto
335 2034 440 2073 magis
448 2043 501 2065 cor
515 2034 654 2065 bominis
670 2035 819 2066 dilatatur
833 2037 871 2067 ad
889 2037 946 2068 bo-

172 2097 214 2118 na
230 2098 237 2119 ε
254 2087 306 2118 sed
334 2087 548 2118 excellentiori
572 2087 665 2118 modo
680 2088 834 2119 habitabit
861 2090 944 2122 Deus

172 2140 206 2171 in
219 2140 350 2171 homine
364 2140 397 2170 in
425 2142 508 2171 statu
536 2141 657 2180 patriae,
678 2151 776 2182 quam
798 2143 832 2173 in
860 2146 944 2176 statu

173 2193 234 2224 viae
252 2203 259 2224 ε
275 2201 353 2232 ergo
374 2193 502 2223 habitus
525 2194 684 2225 charitatis
708 2195 743 2225 in
758 2196 858 2235 patria
872 2197 944 2236 plus

174 2245 269 2276 habet
279 2246 317 2276 de
332 2245 509 2277 latitudine.

214 2298 304 2335 Item,
321 2301 439 2338 quanto
454 2299 557 2331 virtus
571 2301 601 2330 et
613 2300 737 2331 bonitas
758 2303 803 2332 est
827 2304 941 2342 major,

173 2353 260 2382 tanto
277 2353 346 2391 ejus
360 2352 487 2382 diffusio
504 2355 550 2383 est
568 2353 702 2393 amplior
716 2356 746 2385 et
760 2355 939 2388 liberalior:

173 2405 226 2435 sed
242 2405 273 2434 in
286 2405 387 2444 patria
403 2407 518 2436 crescet
531 2405 666 2437 charitas
680 2408 855 2439 secundum
882 2410 944 2440 vir-

174 2459 276 2488 tutem
292 2459 322 2488 et
335 2458 509 2489 bonitatem
525 2468 533 2489 τ
548 2468 626 2498 ergo
641 2462 671 2490 et
682 2469 737 2500 per
747 2470 944 2501 consequens

196 2520 251 2550 ¹Cf.
262 2520 332 2543 Alex.
343 2520 438 2549 Alema„
449 2521 529 2551 Cont.,
540 2528 565 2551 p.
578 2522 618 2550 ΙΙΙ,
631 2521 687 2545 coll.
700 2528 775 2550 LXXV,
788 2531 810 2547 a.
823 2525 942 2555 2;S.Tl1.‚

177 2555 243 2583 11-11,
259 2562 284 2586 q.
302 2556 432 2586 xxv1‚nrt.
452 2557 495 2584 13;
516 2557 540 2579 et
556 2556 584 2579 ΙΙΙ
602 2557 683 2587 Sem„
701 2558 758 2582 dist.
781 2564 852 2590 xxxx,
868 2567 892 2590 q.
914 2566 942 2590 11,

175 2592 221 2614 art.
238 2591 265 2620 3;
281 2591 385 2621 Scotus,
411 2590 441 2614 ΙΙΙ
465 2590 544 2620 sent„
565 2591 622 2615 dist.
637 2597 715 2624 xxxl,
731 2600 755 2624 q.
771 2600 791 2624 ¹3
815 2594 942 2626 Riehard„

177 2626 206 2650 ΙΙΙ
224 2626 302 2655 8εητ.,
319 2625 378 2650 dist.
393 2631 468 2656 xxxi,
479 2628 524 2651 art.
542 2628 564 2656 3,
580 2633 604 2657 q.
618 2633 646 2651 ιιι
658 2635 665 2657 ;
679 2629 802 2659 Durand.;
817 2630 847 2653 lll
864 2630 931 2656 Sent.

1000 162 1052 193 111.
1077 162 1223 200 QUAEST.
1248 164 1286 194 ll.
1739 168 1777 197 23

1003 231 1116 260 crescet
1141 230 1316 260 secundum
1338 231 1633 262 communicationis
1661 231 1773 272 ampli-

1002 282 1184 313 titudinem.

1042 335 1118 366 Item
1135 336 1258 366 affectio
1282 337 1428 376 sequitur
1457 337 1692 375 cognitionem:
1719 339 1773 369 sed

1002 389 1033 418 in
1052 389 1152 427 patria
1165 389 1303 427 cognitio
1317 389 1498 419 dilatabitur
1509 392 1537 419 et
1549 390 1769 429 ampliabitur:

1001 450 1078 480 ergo
1093 450 1216 471 necesse
1231 444 1276 472 est
1289 442 1447 472 charitatis
1463 442 1659 472 affectionem
1678 444 1769 474 simi-

1001 494 1071 524 liter
1086 494 1221 524 dilatari.

1042 547 1102 578 Sed
1130 550 1259 577 contra:
1279 550 1306 577 t.
1331 547 1453 584 Quanto
1471 548 1574 578 virtus
1603 548 1706 587 magis
1724 551 1770 579 est
1784 555 1816 575 Ad
1825 562 1876 583 opp.

1001 601 1090 631 unita
1104 625 1111 637 ‚
1141 603 1227 631 tanto
1256 601 1360 639 magis
1386 603 1431 631 est
1462 602 1583 631 intensa
1612 611 1618 631 :
1645 601 1699 632 sed
1736 602 1768 632 in

1001 654 1101 692 patria
1128 655 1230 684 virtus
1251 654 1411 684 charitatis
1441 654 1500 684 erit
1528 655 1744 693 potentissima
1760 665 1765 685 :

1001 716 1078 746 ergo
1113 708 1171 737 erit
1199 707 1387 737 unitissima.
1422 706 1482 737 Sed
1514 708 1598 746 quod
1632 709 1770 739 maxime

1001 760 1119 790 accedit
1140 761 1179 791 ad
1202 761 1373 796 unitatem,
1390 761 1529 791 maxime
1552 761 1666 791 recedit
1688 771 1706 791 a
1727 761 1770 791 la-

1001 813 1134 843 titudine
1160 824 1166 844 :
1193 813 1218 843 si
1240 823 1317 852 ergo
1337 814 1472 844 charitas
1494 814 1526 844 in
1556 815 1655 853 patria
1677 814 1772 845 habet

1001 866 1104 904 magis
1119 866 1214 903 uniri,
1234 866 1358 896 videtur
1376 866 1460 905 quod
1476 867 1579 905 potius
1599 866 1642 897 ibi
1657 867 1772 898 habeat

1000 919 1124 955 arctari,
1141 927 1237 957 quam
1255 918 1389 948 dilatari.

1041 973 1069 1001 2.
1084 971 1160 1001 ltem
1176 971 1209 1001 in
1224 972 1275 1001 via
1288 972 1454 1011 diligimus
1470 973 1628 1011 praescitos
1642 975 1673 1002 et
1689 981 1771 1011 prae-

1001 1023 1170 1054 destinatos
1182 1033 1222 1054 ex
1237 1024 1405 1061 charitate;
1432 1024 1466 1054 in
1483 1025 1584 1064 patria
1606 1034 1683 1056 vero
1698 1027 1772 1056 tan-

1000 1078 1069 1106 tum
1085 1076 1321 1115 praedestinatos
1339 1086 1438 1116 :ergo
1463 1077 1501 1107 ad
1531 1077 1639 1117 plures
1662 1087 1694 1108 se
1717 1087 1773 1109 ex-

1003 1130 1100 1160 tendit
1115 1131 1236 1161 dilectio
1266 1130 1339 1169 viae,
1358 1139 1455 1170 quam
1482 1131 1606 1162 dilectio
1636 1131 1770 1171 patriae:

1001 1183 1053 1213 sed
1064 1183 1186 1214 dilectio
1203 1192 1276 1223 quae
1291 1184 1329 1214 ad
1355 1183 1462 1223 plures
1483 1193 1516 1214 se
1545 1184 1697 1223 extendit,
1727 1187 1774 1216 est

1000 1236 1093 1266 latior
1111 1245 1217 1275 :ergo‚
1231 1239 1289 1267 etc.

1041 1292 1069 1320 3.
1087 1289 1165 1319 Item
1181 1289 1312 1319 latitudo
1325 1289 1486 1320 charitatis
1504 1290 1643 1321 maxime
1669 1292 1772 1322 atten-

1001 1342 1086 1372 ditur
1111 1342 1143 1371 in
1158 1341 1321 1372 dilectione
1343 1342 1546 1373 inimicorum
1566 1354 1572 1373 :
1589 1344 1642 1374 sed
1669 1344 1704 1374 in
1721 1344 1774 1375 via

1001 1404 1064 1425 non
1081 1395 1183 1425 solum
1199 1395 1363 1434 diligimus
1373 1397 1501 1433 amicos,
1518 1396 1572 1427 sed
1589 1396 1684 1427 etiam
1711 1397 1773 1427 ini-

1002 1449 1099 1479 micos
1116 1460 1122 1486 ;
1141 1449 1174 1479 in
1194 1449 1295 1487 gloria
1310 1450 1417 1479 autem
1444 1459 1507 1479 non
1523 1449 1695 1489 diligentur
1712 1450 1774 1481 ini-

1001 1502 1072 1532 mici
1087 1512 1098 1531 .·
1114 1511 1193 1540 ergo
1219 1502 1345 1532 videtur
1360 1502 1444 1542 quod
1467 1503 1603 1533 charitas
1624 1503 1657 1533 in
1673 1503 1774 1542 patria

1004 1555 1111 1595 potius
1126 1555 1240 1585 habeat
1251 1555 1376 1593 arctari,
1392 1565 1489 1595 quam
1505 1556 1639 1586 dilatari.

1041 1611 1071 1638 4.
1096 1608 1174 1638 Item
1187 1608 1322 1638 charitas
1336 1608 1398 1639 viae
1414 1609 1517 1647 diligit
1527 1618 1622 1639 omne
1633 1609 1772 1648 diligibi-

1000 1662 1040 1700 le,
1048 1662 1168 1701 etquod
1179 1670 1275 1701 supra
1287 1664 1343 1699 est,
1353 1664 1382 1692 et
1392 1662 1477 1701 quod
1488 1661 1568 1691 infra
1579 1663 1636 1698 est,
1649 1664 1679 1692 et
1689 1662 1774 1702 quod

997 1716 1091 1755 Juxta
1103 1716 1158 1752 est,
1175 1717 1205 1745 et
1219 1714 1303 1754 quod
1315 1715 1400 1745 intra
1413 1717 1469 1752 est,
1489 1716 1664 1745 secundum
1688 1716 1774 1755 quod

1001 1768 1075 1798 (licit
1088 1767 1289 1807 Augustinus
1302 1768 1336 1798 in
1343 1768 1423 1798 libro
1432 1768 1470 1799 (Ie
1489 1769 1644 1800 Doctrina
1674 1769 1775 1801 Chris-

1001 1822 1095 1853 tiana
1106 1823 1115 1838 ²
1133 1832 1139 1852 :
1156 1822 1209 1852 sed
1226 1831 1290 1852 non
1304 1825 1436 1861 possunt
1448 1831 1514 1852 esse
1529 1823 1622 1862 plura
1636 1822 1773 1861 diligibi-

1001 1875 1052 1911 lia,
1064 1884 1122 1906 nec
1135 1875 1238 1914 magis
1250 1875 1289 1905 ab
1303 1875 1440 1906 invicem
1455 1875 1602 1905 distantia
1621 1886 1627 1906 :
1645 1875 1670 1905 si
1692 1884 1771 1914 ergo

1001 1927 1133 1958 latitudo
1145 1928 1305 1958 charitatis
1320 1928 1492 1958 attenditur
1517 1937 1613 1967 penes
1638 1928 1772 1967 diligen-

1002 1981 1115 2012 dorum
1131 1981 1367 2012 multitudinem
1385 1982 1416 2011 et
1429 1981 1622 2019 distantiam,
1646 1980 1773 2012 videtur

1001 2035 1085 2074 quod
1101 2034 1235 2064 charitas
1250 2043 1314 2065 non
1327 2035 1424 2074 possit
1448 2043 1514 2065 esse
1534 2034 1639 2073 magis
1666 2034 1772 2075 ampla

1001 2087 1033 2118 in
1048 2088 1160 2127 patria,
1176 2097 1274 2127 quam
1284 2087 1324 2118 sit
1341 2088 1374 2118 in
1386 2087 1451 2118 via.

1259 2203 1485 2236 CONCLUSIO.

1001 2295 1125 2323 Charitas
1144 2296 1173 2321 in
1188 2295 1283 2330 patria
1304 2294 1470 2322 dilatabitur
1492 2296 1580 2330 quoad
1594 2297 1772 2324 liberalitatis

1035 2339 1265 2373 magnitudinem,
1292 2347 1350 2366 cam
1372 2340 1502 2374 ampliori
1523 2341 1620 2374 affectu
1643 2340 1772 2374 diligetur

1037 2386 1104 2412 Deus
1118 2386 1147 2411 in
1161 2392 1187 2411 sc
1197 2406 1204 2415 ,
1222 2387 1247 2411 et
1262 2385 1291 2410 in
1306 2385 1362 2411 suis
1378 2385 1518 2411 creaturis.

1040 2464 1130 2503 Resp.
1159 2463 1198 2494 ad
1223 2472 1292 2501 arg.
1330 2462 1503 2493 Dicendum
1530 2463 1615 2502 quod
1639 2463 1770 2494 latitudo

1001 2562 1146 2589 di>t.xxx1,
1157 2568 1181 2591 q.
1193 2567 1228 2591 νη
1240 2560 1412 2590 Tli.Argcnt.,
1427 2560 1456 2582 ΙΙΙ
1468 2560 1547 2589 Seni„
1558 2560 1615 2583 dist.
1628 2566 1701 2592 xxm,
1713 2569 1738 2592 q.
1751 2568 1768 2592 1,

1000 2600 1046 2622 art.
1063 2600 1090 2628 33
1106 2597 1227 2628 Stephan.
1239 2596 1341 2625 Brulef„
1358 2596 1388 2618 ΙΙΙ
1407 2594 1552 2625 Sent.,‹list.
1568 2601 1641 2625 xxm,
1657 2603 1682 2627 q.
1697 2602 1768 2621 ιιι.-

1000 2633 1009 2648 ¹
1023 2634 1098 2663 Aug„
1111 2632 1140 2656 de
1152 2633 1219 2656 Doct.
1230 2631 1327 2661 christ„
1343 2630 1386 2654 lib.
1400 2631 1419 2660 l,
1433 2637 1454 2653 c.
1467 2635 1542 2662 xxm,
1555 2638 1581 2654 u.
1597 2632 1636 2655 22.
