2017 2948
730 159 921 191 DISTINCT.
941 159 1022 191 VIII.
1047 159 1159 191 PARS.
1185 159 1222 189 lI.
1713 162 1772 191 425

184 232 403 275 cognitionem
429 232 551 265 venire.
570 231 694 263 Tenent
718 238 794 270 ergo
819 227 938 272 species
962 226 1121 260 vocabula
1145 237 1256 259 rerum
1281 237 1353 270 quae
1377 231 1451 259 ante
1476 227 1633 268 fuerunt,
1652 226 1772 260 scilicet

185 290 279 334 panis
293 293 324 322 et
339 289 420 323 vini.
437 288 544 332 Hujus
559 290 666 320 autem
684 285 875 318 sacramenti
890 284 1021 327 gemina
1037 288 1083 316 est
1098 295 1168 325 res,
1192 295 1259 316 una
1282 283 1403 316 scilicet
1426 288 1577 317 contenta
1600 288 1630 317 et
1645 284 1772 327 signifi-

184 352 254 380 cata
264 375 272 390 ‚
290 348 391 380 altera
404 345 586 390 significata
600 348 631 377 et
645 355 710 375 non
726 346 887 375 contenta.
900 342 964 375 Res
978 345 1129 375 contenta
1143 345 1174 374 et
1187 341 1371 384 significata
1385 345 1432 373 est
1447 352 1520 373 caro
1536 341 1655 374 Christi
1669 353 1769 386 quam

184 405 224 438 de
237 405 374 448 Virgine
389 404 487 436 traxit
500 423 517 445 ,2
525 407 554 435 et
570 401 703 444 sanguis
718 411 816 444 quem
831 411 889 444 pro
907 400 1001 433 nobis
1018 400 1114 432 fudit.
1133 399 1196 432 Res
1219 403 1329 431 autern
1353 398 1534 441 significata
1556 402 1586 431 et
1610 410 1676 431 non
1696 410 1773 431 con-

185 466 273 495 tenta
295 465 342 494 est
364 461 471 494 unitas
492 459 641 492 Ecclesiae
663 458 697 490 in
718 458 954 502 praedestinatis
967 483 975 499 ,
993 458 1112 490 vocatis
1126 483 1133 499 ‚
1148 456 1354 501 justificatis,
1372 459 1402 488 ct
1416 456 1617 499 glorificatis.
1634 456 1709 489 Haec
1724 462 1770 489 est

185 519 306 564 duplex
319 545 327 560 ‚
347 529 420 552 caro
444 517 564 551 Christi
581 543 588 558 ‚
606 520 637 549 et
650 515 795 559 sanguis
811 515 906 548 Unde
931 515 1153 559 Hieronymus
1168 516 1174 531 ¹
1190 527 1196 546 ε
1218 528 1234 546 (1
1250 514 1430 558 Dupliciter
1443 541 1450 555 ,
1468 514 1576 558 inquit
1590 541 1597 555 ,
1615 514 1770 557 intelligi·

186 582 240 610 tur
262 588 336 609 caro
357 576 496 617 Christi,
513 579 544 607 et
559 574 692 617 sanguis
706 573 775 617 ejus
795 585 801 605 :
818 573 870 606 vel
895 573 953 606 illa
974 584 1047 617 quae
1069 572 1226 605 crucifixa
1242 577 1288 605 est
1307 576 1337 605 et
1352 571 1499 616 sepulta,
1517 576 1548 604 et
1561 571 1694 614 sanguis
1714 572 1771 616 qui

186 635 299 667 militis
322 635 434 667 lancea
449 634 572 666 effusus
587 636 653 673 est3
674 631 725 664 vel
742 631 800 664 illa
813 630 992 675 spiritualis
1007 642 1042 663 ac
1055 630 1179 671 divina,
1195 630 1234 662 de
1249 642 1314 674 qua
1327 630 1393 674 ipse
1409 629 1473 662 ait²
1492 642 1498 661 :
1517 630 1596 663 Caro
1611 641 1685 661 mea
1702 641 1774 662 vere

184 698 231 725 est
245 692 349 731 cibas,
367 698 398 724 ct
411 691 546 735 sanquis
561 701 651 722 meas
666 700 737 722 vere
759 694 805 721 est
816 695 926 732 potus.
944 688 984 720 Et
1001 700 1008 719 t
1024 688 1100 722 Nisi
1120 687 1401 720 manducaveritis
1424 698 1557 719 carnem
1584 698 1691 719 meam
1705 714 1713 726 ,
1743 693 1774 720 et

185 750 328 782 biberitis
347 760 455 782 meum
476 748 692 792 sanquinem,
710 758 775 779 non
797 746 956 779 habebitis
979 746 1085 779 vitam
1108 746 1143 778 in
1167 746 1264 778 vobis.
1287 745 1371 778 Sunt
1398 757 1474 788 ergo
1497 745 1548 777 hic
1573 745 1635 777 tria
1660 745 1774 778 distin-

183 807 335 849 guenda:
359 817 480 846 unum,
504 805 592 849 quod
616 809 744 837 tantum
769 808 815 836 cst
837 801 1096 844 sacramentumss
1114 804 1253 836 alterum
1267 830 1274 844 ,
1292 803 1380 847 quod
1405 807 1454 836 est
1475 807 1716 836 sacramentum
1743 808 1774 835 et

184 875 254 905 res;
273 867 304 896 et
319 863 451 896 tertium
465 889 473 904 ‚
491 863 577 907 quod
594 867 640 895 est
662 874 711 894 res
727 866 757 894 et
771 873 838 894 non
854 866 1105 894 sacramentum.
1129 862 1378 893 Sacramentum
1398 865 1428 893 et
1449 872 1513 892 nou
1539 872 1607 902 res,
1634 865 1680 892 est
1705 872 1775 904 spe-

185 921 247 954 cies
261 921 399 953 visibilis
413 920 505 964 panis
522 925 552 952 et
566 920 647 952 vini.
664 920 909 952 Sacramentum
924 923 955 951 et
975 930 1040 959 res,
1058 930 1131 951 caro
1147 919 1265 951 Christi
1288 918 1419 962 propria
1435 944 1442 958 ,
1459 922 1490 950 et
1505 918 1647 960 sanguis.
1668 918 1731 950 Res
1744 922 1775 950 et

186 990 251 1011 uon
267 981 504 1010 sacramentum
520 1004 527 1018 ‚
546 977 681 1021 mystica
695 977 764 1021 ejus
787 988 873 1009 caro.
891 977 992 1009 Porro
1009 976 1066 1008 illa
1089 968 1208 1019 species
1229 975 1368 1007 visibilis
1388 979 1626 1007 sacramentum
1652 979 1698 1007 est
1721 986 1775 1018 ge-

186 1036 283 1069 minae
302 1036 366 1076 rei,
383 1036 461 1079 quia
475 1039 650 1079 utramque
666 1046 734 1067 rem
750 1034 911 1077 significat
926 1060 934 1075 ‚
951 1037 982 1066 et
1001 1033 1174 1076 utriusque
1196 1034 1241 1065 rei
1268 1033 1517 1077 similitudinem
1543 1033 1626 1075 gerit
1647 1044 1776 1076 expres-

184 1105 264 1126 sam.
289 1093 370 1125 Nam
395 1093 477 1125 sicut
502 1093 594 1137 panis
618 1104 684 1137 prae
708 1092 831 1125 caeteris
852 1091 931 1124 cibis
945 1102 1062 1135 corpus
1077 1091 1183 1123 reficit
1199 1094 1229 1122 et
1244 1094 1423 1131 sustentat,
1442 1094 1471 1122 et
1486 1080 1592 1123 li'nuni
1609 1090 1775 1123 hominem

184 1150 327 1183 laetificat
339 1153 437 1194 atque
453 1150 613 1191 inebriat;
631 1150 675 1182 sic
689 1161 763 1182 caro
780 1150 899 1183 Christi
915 1149 1104 1182 interiorem
1121 1149 1288 1181 hominem
1309 1149 1383 1193 plus
1403 1149 1525 1181 crcteris
1547 1148 1658 1191 gratiis
1681 1148 1775 1192 spiri-

184 1208 315 1241 tualiter
330 1207 431 1240 reficit
446 1212 477 1240 et
491 1208 630 1250 saginat.
644 1207 737 1240 Unde
748 1207 782 1240 in
796 1207 927 1240 Psalmo
937 1207 947 1224 ³
960 1219 966 1240 :
980 1207 1079 1240 Galim
1091 1218 1181 1239 meus
1196 1206 1374 1246 inebrians,
1394 1217 1491 1250 quam
1504 1207 1686 1250 prceclarzts
1702 1212 1748 1238 esc
1764 1209 1775 1238 l

183 1265 288 1299 Habet
313 1265 410 1298 etiam
434 1265 683 1297 similitudinem
707 1277 781 1297 cuni
805 1276 838 1297 re
864 1265 1019 1309 mystica,
1042 1276 1115 1308 quai
1137 1268 1183 1296 est
1210 1265 1316 1296 unitas
1340 1264 1511 1304 fidelium,
1530 1264 1608 1308 quia
1632 1264 1715 1296 sicut
1737 1275 1776 1296 ex

184 1323 297 1356 multis
311 1323 422 1365 granis
436 1322 606 1355 conficitur
626 1334 712 1355 unus
734 1323 827 1367 panis
841 1349 848 1363 ‚
865 1327 895 1355 et
910 1334 948 1355 ex
963 1322 1115 1366 pluribus
1130 1322 1230 1354 acinis
1246 1322 1362 1354 vinum
1383 1322 1416 1353 in
1440 1333 1542 1354 unuin
1558 1321 1694 1354 confluit
1708 1347 1715 1362 ‚
1733 1321 1776 1353 sic
1853 1346 1867 1357 0

184 1392 223 1413 ex
238 1380 351 1413 multis
367 1380 514 1413 fidelium
530 1381 674 1424 personis
689 1381 797 1413 unitas
811 1381 1021 1413 ecclesiastica
1035 1384 1171 1412 constat.
1190 1380 1282 1412 Unde
1298 1380 1474 1424 Apostolus
1488 1384 1497 1400 ⁴
1514 1392 1545 1411 z«
1563 1380 1650 1412 Unus
1658 1379 1773 1424 panis,

1798 1438 1827 1457 De
1848 1443 1899 1457 con-

1796 1474 1851 1488 scvr.
1860 1469 1881 1488 d.
1890 1470 1901 1488 a

1796 1506 1815 1519 c.
1843 1499 1897 1523 Quia

1797 1536 1880 1556 passus,
1891 1532 1903 1554 ἓ

1802 1561 1903 1581 Dominus

184 1611 335 1644 nectitur.
353 1611 421 1643 Hoc
446 1611 637 1654 mysterium
653 1611 738 1655 pacis
751 1637 758 1651 ‚
776 1615 807 1643 et
830 1611 966 1644 unitatis
992 1615 1109 1643 nostra>
1129 1610 1277 1643 Christus
1291 1610 1326 1642 in
1350 1622 1409 1643 sua
1426 1622 1537 1643 mensa
1563 1611 1774 1644 consecravit.
1797 1594 1876 1612 now*

185 1444 215 1470 et
238 1429 339 1470 unum
367 1449 481 1481 corpus
505 1438 604 1470 malti
620 1449 748 1477 sumus,
768 1443 827 1470 etc.
855 1438 914 1471 Ubi
937 1438 1169 1481 Αινζς11511111155
1188 1450 1194 1469 ;
1217 1439 1303 1470 Unus
1325 1438 1449 1482 panis,
1476 1444 1505 1470 cl
1533 1449 1635 1470 unum
1663 1449 1776 1481 corpas

184 1495 325 1528 Ecclesia
339 1495 477 1535 dicitur,
495 1506 553 1539 pro
578 1507 615 1528 eo
640 1496 727 1540 quod
752 1497 835 1528 sicut
859 1507 945 1528 unus
968 1496 1061 1540 panis
1085 1507 1124 1528 cx
1146 1496 1258 1528 multis
1278 1496 1390 1537 granis
1404 1521 1412 1535 ‚
1429 1500 1459 1527 et
1477 1506 1579 1527 unuin
1604 1506 1722 1539 corpus
1737 1507 1776 1528 ex

185 1553 297 1586 multis
322 1553 477 1585 membris
499 1553 723 1597 componitur,
745 1553 790 1585 sic
809 1553 950 1586 Ecclesia
974 1565 1013 1585 ex
1039 1553 1152 1585 multis
1169 1553 1322 1586 fidelibus
1337 1553 1493 1585 charitate
1514 1553 1686 1597 copulante
1701 1564 1777 1585 con-

184 1668 247 1707 Qui
262 1668 377 1712 accipit
391 1668 451 1700 hoc
467 1668 658 1712 mysterium
674 1669 821 1709 unitatis,
835 1672 865 1701 et
880 1680 946 1701 non
965 1672 1052 1700 tenet
1066 1668 1237 1711 vinculum
1253 1668 1351 1713 pacis,
1372 1680 1438 1700 non
1453 1669 1568 1712 accipit
1583 1668 1642 1701 hoc
1658 1673 1778 1712 myste-

184 1726 270 1758 rium
286 1737 345 1770 pro
360 1737 413 1767 se,
431 1726 485 1758 sed
501 1729 613 1758 contra
637 1737 681 1758 se.
708 1726 809 1770 Cujus
830 1726 927 1758 etiam
951 1730 1190 1758 sacramentum
1210 1729 1256 1758 est
1276 1737 1395 1769 corpus
1416 1725 1535 1758 Christi
1552 1726 1722 1770 proprium
1738 1727 1777 1759 de

183 1783 321 1825 Virgine
335 1788 503 1828 sumptum
520 1810 528 1824 ‚
545 1784 623 1828 quia
639 1787 674 1816 111
688 1795 804 1827 corpus
817 1784 936 1817 Christi
952 1795 991 1816 ex
1013 1784 1125 1816 multis
1146 1784 1302 1816 membris
1321 1783 1503 1827 purissimis
1517 1787 1547 1816 et
1562 1784 1779 1816 immaculatis

183 1844 307 1874 constat
320 1867 327 1881 ,
346 1841 390 1873 ita
404 1841 537 1873 societas
552 1841 764 1873 ecclesiastica
779 1852 817 1873 ex
838 1841 952 1873 multis
967 1841 1112 1884 personis
1127 1853 1145 1873 a
1159 1841 1323 1873 criminali
1341 1841 1469 1874 macula
1490 1841 1600 1874 liberis
1621 1841 1776 1874 consistit.

183 1898 221 1930 In
236 1898 329 1942 cujus
343 1898 389 1930 rei
403 1902 480 1942 typo
492 1899 575 1931 facta
589 1902 636 1931 est
649 1901 658 1917 ⁶
670 1910 748 1931 arca
761 1898 893 1932 Domini
908 1898 945 1933 de
959 1899 1058 1943 liqm's
1074 1898 1206 1940 sethim,
1225 1910 1298 1942 quae
1314 1902 1390 1931 sunt
1411 1898 1641 1942 imputribilia,
1651 1903 1682 1932 et
1696 1899 1777 1933 albae

185 1955 286 1999 spinae
301 1955 432 1988 similia.
448 1968 463 1986 n

371 2092 575 2124 EXPOSITIO
597 2093 760 2125 TEXTUS.

240 2176 330 2199 Forma
345 2182 406 2199 vero
421 2178 468 2206 est,
483 2183 560 2207 quani
574 2176 627 2207 ipse
642 2177 736 2201 ibidem
752 2178 837 2210 edidit,
853 2181 901 2203 etc.

230 2253 332 2293 Supra
347 2253 413 2293 egit
427 2254 579 2293 Magister
595 2254 632 2285 de
643 2256 898 2287 antecedentibus
910 2266 957 2287 sa-

187 2310 384 2338 cramentum
410 2308 630 2346 Eucharistiae;
656 2310 708 2339 hic
731 2310 798 2348 agit
817 2311 854 2341 de
877 2311 956 2342 inte-

188 2360 356 2399 grantibus
367 2360 484 2400 ipsum,
496 2371 569 2400 quae
585 2364 660 2392 sunt
672 2363 746 2400 duo,
759 2363 875 2394 scilicet
890 2374 958 2395 vcr-

187 2413 280 2451 bum,
299 2415 328 2443 et
344 2413 553 2451 elementum,
575 2414 640 2445 sive
661 2415 784 2445 visibile
805 2416 956 2455 signum:

83 2475 171 2496 Divisio.
188 2470 218 2499 et
239 2468 309 2499 haec
332 2477 404 2507 pars
428 2467 522 2498 habet
545 2468 623 2499 duas
647 2471 775 2508 partes:
799 2470 832 2499 in
856 2470 958 2509 prima

222 2567 229 2582 ἱ
252 2566 365 2596 Hieron.5
385 2566 409 2589 ιἰι
432 2566 512 2595 Elui-t.
535 2565 568 2588 ml
584 2565 681 2596 Ephev„
704 2573 720 2592 1,
746 2568 769 2589 ct
791 2567 908 2597 liabetur,
930 2568 959 2591 de

191 2601 312 2632 Comama,
327 2601 385 2625 ‹lis-t.
404 2606 432 2630 ΙΙ,
448 2608 470 2624 c.
488 2600 635 2631 Dupliciter.
650 2613 675 2617 fl
697 2603 704 2614 '·'
716 2602 795 2631 dorm„
815 2608 847 2631 11,
865 2605 903 2633 551,
920 2605 957 2627 aa.

191 2636 287 2661 -⁸Ps.
302 2642 367 2666 xxii,
383 2636 483 2660 5.—⁶1
497 2636 565 2666 Cor„
581 2637 686 2667 x,17.-
703 2638 710 2651 ⁵
722 2638 797 2667 Aug„
813 2639 839 2662 ut
852 2638 959 2662 habetur

1012 2096 1079 2135 agit
1098 2095 1136 2134 (a)
1154 2096 1191 2126 de
1211 2096 1312 2126 forma
1325 2095 1432 2132 verbi;
1451 2095 1483 2125 in
1500 2095 1637 2126 secunda
1652 2104 1729 2125 vero
1745 2095 1783 2125 de

1013 2149 1259 2188 significatione,
1281 2149 1347 2178 sive
1363 2148 1582 2179 convenientia
1596 2148 1699 2187 signi,
1720 2148 1780 2178 ibi:

1014 2202 1107 2234 Nemo
1123 2202 1202 2241 quid
1216 2201 1263 2232 ibi.
1277 2206 1509 2233 sacramentum
1520 2203 1564 2233 sit
1579 2201 1628 2240 (b).
1646 2201 1783 2240 Utraque

1013 2264 1086 2294 pars
1106 2255 1199 2284 habet
1218 2254 1308 2284 duas.
1327 2254 1407 2285 Nam
1424 2255 1455 2284 in
1478 2255 1580 2293 prima
1594 2254 1784 2285 determinat

1014 2308 1128 2346 primo,
1144 2317 1215 2347 quaa.
1233 2308 1271 2337 sit
1286 2308 1405 2345 torma3
1422 2308 1570 2345 secundo,
1588 2307 1723 2347 qualiter
1739 2309 1785 2337 est

1016 2361 1170 2390 utendum
1193 2370 1244 2399 ea,
1270 2364 1378 2391 utrum
1401 2362 1516 2391 scilicet
1541 2361 1622 2390 sicut
1643 2360 1786 2390 instituta

1015 2417 1060 2444 cst
1075 2417 1231 2454 quantuni
1247 2415 1285 2445 ad
1302 2417 1436 2454 tenipus5
1449 2417 1479 2445 ct
1494 2415 1553 2444 hoc
1563 2414 1636 2444 facit
1648 2413 1709 2443 ibi:
1725 2413 1786 2445 [sbi

1014 2468 1268 2499 consideracione
1278 2469 1411 2507 diqnum
1422 2472 1478 2499 est.
1490 2467 1639 2497 Siiniliter
1650 2466 1787 2497 secunda

1015 2527 1043 2549 «le
1057 2528 1179 2556 conserta,
1195 2527 1253 2550 (list.
1270 2533 1296 2556 11,
1310 2534 1332 2550 c.
1347 2527 1408 2555 (min
1423 2533 1517 2556 passus,
1534 2526 1546 2555 g*
1563 2525 1680 2548 Dominus
1694 2526 1785 2548 noster.

1017 2576 1042 2579 —
1056 2564 1062 2575 *³
1079 2562 1168 2591 latitud„
1182 2568 1242 2592 xxv,
1258 2564 1295 2585 111.

1049 2603 1080 2631 (u)
1093 2602 1160 2625 ledit.
1182 2603 1188 2624 1
1200 2610 1236 2625 mi.
1251 2602 1309 2632 ugst.
1321 2613 1345 2618 —
1362 2601 1394 2630 (li)
1405 2601 1465 2624 Cwl.
1479 2600 1539 2623 erm.
1555 2600 1628 2631 signi.
1642 2601 1712 2625 Nunc
1725 2600 1784 2632 quid

1016 2638 1051 2661 ibi
1068 2637 1100 2661 sit
1114 2640 1310 2662 sacramentum.
