2017 2948
233 117 292 145 640

232 182 318 211 niam
333 179 479 211 contritio
502 181 549 210 est
569 181 672 210 motus
689 180 864 219 gratuitus,
883 182 913 210 et
934 180 1004 209 tatis

232 235 436 264 mensuratur
453 232 627 263 secundum
643 233 851 272 quantitatem
871 232 1002 271 gratiae:

231 287 285 317 sed
309 289 521 326 augmentum
551 286 663 325 gratiae
691 289 721 317 et
748 287 912 317 charitatis
941 296 1005 317 non

231 342 331 378 potest
347 349 412 370 esse
433 349 452 370 a
466 340 564 370 libero
580 340 721 375 arbitrio,
741 339 795 369 sed
814 349 833 369 a
848 338 919 369 Deo.
941 339 972 369 Si
987 349 1005 369 a

232 394 348 432 gratia,
378 395 504 424 contra:
532 393 638 423 Gratia
669 392 868 422 uniformiter
899 395 1006 422 movet

230 445 361 476 liberum
384 446 550 476 arbitrium
566 447 723 485 quantum
743 448 789 475 est
803 445 841 475 (le
856 455 907 475 se:
925 454 1005 484 ergo

230 508 293 529 non
323 499 448 530 videtur
472 498 633 529 intendere
656 498 689 528 in
713 507 750 528 co
770 498 1002 529 contritionem.

230 551 401 590 Praeterea,
420 552 595 582 secundum
613 552 689 582 illud
713 551 884 582 attenditur
899 552 1004 581 inten-

230 605 289 644 sio,
316 606 364 635 vet
388 607 616 643 augmentum,
638 614 734 645 penes
758 605 843 645 quod
865 605 1005 635 consistit

229 658 310 688 ratio
325 659 528 698 quantitatis:
546 659 596 688 sed
614 659 774 697 quantitas
796 660 896 689 estex
917 660 1004 698 parte

230 711 387 748 materiae;
404 712 544 742 formalis
555 720 631 742 vero
642 711 839 741 contritionis
853 712 932 741 ratio
951 720 1004 751 po-

229 764 292 794 tius
302 764 449 795 convenit
465 764 588 803 gratim,
601 774 698 804 quam
710 764 900 795 materialis:
920 774 1001 803 ergo

229 819 405 849 secundum
432 818 519 848 illam
548 827 611 848 non
639 818 830 857 intenditur,
861 827 919 848 nec
944 827 1002 849 au-

229 874 335 911 getur.

500 938 726 971 CONCLUSIO.

233 1017 364 1044 Contritz‘o
376 1019 461 1052 potest
476 1018 596 1049 intendi,
612 1019 692 1051 atque
707 1018 875 1051 augmentum
892 1023 1001 1050 sumere,

265 1062 483 1096 quemadmodum
494 1063 611 1088 charitas
623 1064 646 1088 et
655 1062 813 1096 paenitentia
823 1063 963 1094 augentur.

269 1128 360 1178 Resp.
375 1139 413 1169 ad
427 1148 496 1178 arg.
511 1139 682 1169 Dicendum
695 1138 779 1177 quod
794 1138 941 1168 contritio
955 1140 1002 1168 est

230 1194 336 1223 motus
350 1192 479 1223 virtutis
498 1192 617 1222 liabens
638 1192 845 1231 quantitatem
862 1191 999 1229 virtutis,

229 1246 309 1275 sicut
325 1248 371 1275 est
385 1245 486 1275 virtus
501 1255 519 1275 a
533 1254 598 1284 qua
619 1248 680 1282 est;
698 1244 781 1274 unde
798 1247 828 1274 et
843 1253 1000 1283 angmen-

229 1300 293 1328 tum
324 1301 355 1328 et
379 1299 589 1328 intensionem
615 1298 710 1328 habet
732 1298 907 1328 secundum
930 1298 959 1327 id
984 1307 1003 1327 a

227 1360 290 1390 quo
304 1351 415 1391 recipit
430 1352 660 1391 quantitatemg:
679 1351 738 1381 hoc
753 1353 859 1381 autem
876 1353 921 1381 est
937 1351 1001 1380 vir-

229 1407 279 1434 tus
295 1405 488 1444 poenitentiae
502 1416 508 1435 z
524 1405 608 1435 uude
624 1405 704 1435 sicut
719 1407 843 1435 certum
862 1407 908 1434 est
923 1404 999 1434 cha-

228 1457 354 1488 ritatem
378 1458 502 1496 augeri,
524 1458 567 1488 ita
588 1460 617 1488 et
636 1459 873 1498 poenitentiam:
892 1468 928 1489 ac
947 1467 1002 1498 per

228 1511 287 1541 hoc
308 1514 431 1541 certum
447 1513 492 1541 est
513 1512 733 1542 contritionem
757 1515 787 1542 et
810 1513 947 1550 intendi,
971 1514 1000 1542 et

227 1564 354 1603 augeri.
370 1564 456 1595 Unde
475 1564 665 1602 notandum,
689 1565 773 1604 quod
793 1566 1001 1604 quemadmo-

228 1618 303 1648 dum
334 1617 470 1647 charitas
496 1617 609 1648 (licitur
637 1618 753 1648 intend·-
780 1620 938 1658 quantum
962 1619 1000 1649 ad

228 1672 396 1708 servorem,
413 1672 443 1700 et
457 1671 570 1709 augeri
581 1673 737 1710 quantum
747 1671 786 1701 ad
802 1671 999 1702 essentialem

227 1724 394 1763 virtutem3
415 1726 445 1754 et
461 1724 601 1763 primum
621 1727 668 1754 est
686 1734 704 1754 a
725 1725 943 1764 cooperatione
961 1725 999 1755 li-

228 1777 293 1807 beri
308 1777 445 1815 arbitrii,
461 1777 635 1807 secun-lum
653 1786 728 1807 vero
743 1779 789 1807 est
805 1787 824 1807 a
838 1778 922 1808 dono
936 1787 1001 1809 coe·

227 1830 319 1861 testi:
343 1830 386 1860 ita
409 1832 439 1861 et
463 1830 497 1860 in
520 1831 680 1870 proposito
702 1833 825 1870 oportet
847 1832 998 1871 intelligi,

228 1883 313 1922 quod
330 1885 436 1914 motus
452 1884 648 1914 contritionis
669 1884 841 1915 ferventior
861 1894 928 1916 esse
943 1895 998 1925 po-

229 1939 287 1966 test
302 1937 476 1967 secundum
490 1937 742 1976 cooperationem
757 1938 848 1968 liberi
863 1939 998 1970 arbitrii.

229 1987 316 2019 Unde
332 1999 371 2020 ex
386 1990 498 2029 aequali
515 1990 618 2028 gratia
633 1990 804 2030 aliquando
820 1992 927 2030 magis
942 1993 1001 2023 fer-

229 2051 306 2072 vens
323 2042 448 2072 elicitur
470 2044 589 2080 motus,
613 2043 781 2082 aliquando
802 2044 924 2083 minus,
949 2055 998 2076 se-

228 2095 367 2125 cundum
393 2095 644 2134 cooperationem
665 2095 755 2126 liberi
777 2097 899 2127 arbitrii
917 2109 923 2128 :
947 2098 1000 2129 sed

228 2148 354 2187 proprie
369 2148 526 2187 loquendo
541 2157 604 2179 non
617 2148 731 2179 dicitur
742 2151 854 2189 maior,
867 2150 927 2180 nisi
940 2151 1001 2181 vir-

228 2203 293 2231 tute
309 2201 502 2240 poenitentias
518 2204 751 2240 augmentatae:
767 2204 797 2233 et
811 2202 870 2233 hoc
885 2205 931 2233 est
944 2212 1000 2243 per

229 2254 385 2293 gratiam:
415 2254 621 2284 concedendae
642 2257 717 2285 sunt
742 2255 843 2294 igitur
862 2257 1000 2288 rationes

228 2307 438 2345 ostendentes,
456 2307 540 2346 quod
555 2307 700 2337 contritio
716 2309 812 2347 possit
827 2309 955 2340 intendi.

269 2363 296 2391 1.
322 2360 370 2390 Ad
391 2360 468 2391 illud
489 2360 574 2400 quod
594 2360 752 2400 objicitur,
776 2362 859 2401 quod
881 2366 927 2393 est
950 2363 997 2394 di-

228 2413 309 2444 visio
330 2414 364 2445 in
387 2413 538 2452 minima,
563 2414 732 2445 dicendum
748 2416 832 2454 quod
852 2418 998 2449 contritio

228 2466 321 2498 habet
346 2469 523 2506 respectum
546 2468 585 2498 ad
609 2468 768 2507 objectum
790 2477 887 2509 supra
914 2470 999 2509 quod

228 2519 388 2559 dirigitur,
409 2522 441 2551 et
461 2520 499 2550 ad
520 2521 671 2551 virtutem
687 2530 706 2551 a
724 2530 789 2561 qua
803 2522 915 2560 oritur,
931 2523 999 2554 sive

228 2572 350 2605 dicatur
362 2573 501 2612 habitus,
516 2574 585 2606 sive
598 2574 734 2606 liberum
748 2574 929 2613 arbitrium,
945 2585 997 2607 se-

792 111 1101 144 SENTENTlARUM
1124 112 1196 143 Lm.
1221 112 1271 143 Ν.

1061 179 1200 209 vinnium
1225 180 1491 220 comparationem
1510 181 1549 212 ad
1568 181 1744 222 objectum,
1757 185 1832 226 quia

1061 241 1155 262 omne
1170 233 1302 263 mortale
1314 233 1453 273 expellit,
1471 236 1502 265 et
1514 235 1605 274 quasi
1619 235 1652 266 in
1667 236 1831 276 pulverem

1061 285 1198 324 redigit:
1215 286 1284 316 ideo
1302 287 1477 317 secundum
1494 287 1579 318 illam
1595 288 1680 319 viam
1696 298 1760 320 non
1773 290 1830 321 ha-

1062 339 1111 369 bet
1130 339 1261 369 intendi.
1285 339 1384 370 Habet
1398 340 1493 370 etiam
1509 342 1775 380 comparationem
1792 343 1830 374 ad

1061 392 1126 421 vim
1149 402 1167 421 a
1193 402 1256 432 qua
1277 393 1358 430 exit3
1385 395 1415 423 et
1441 393 1613 423 secundum
1636 394 1723 424 illam
1748 395 1833 426 viam

1061 444 1155 474 hahet
1175 445 1305 475 intendi.
1330 445 1365 475 tit
1388 446 1492 484 prima
1513 446 1565 476 via
1586 447 1666 477 ratio
1680 448 1831 487 procedit,

1060 500 1090 528 et
1105 498 1174 528 ideo
1189 507 1252 528 non
1268 498 1438 529 concludit.

1100 552 1129 580 2.
1155 551 1201 581 Ad
1220 550 1297 581 illud
1319 552 1403 591 quod
1424 552 1585 591 objicitur,
1602 552 1685 592 quod
1701 555 1749 584 est
1765 554 1831 584 vir·

1060 604 1136 633 tntis
1152 603 1295 641 infinitae,
1312 604 1481 634 dicendum
1503 605 1587 644 quod
1601 605 1748 637 contritio
1764 615 1831 638 non

1059 656 1140 687 delet
1163 657 1221 686 nisi
1245 657 1362 688 virtute
1386 658 1517 696 gratiae:
1537 658 1641 697 gratia
1659 660 1766 690 autem
1785 661 1833 690 est

1060 710 1190 746 donum,
1207 719 1262 750 per
1277 711 1362 750 quod
1377 711 1532 742 inhabitat
1549 712 1584 742 in
1598 712 1691 742 nobis
1703 712 1768 750 ille,
1780 722 1832 744 cu-

1057 763 1110 802 jus
1123 764 1225 793 virtus
1241 764 1433 802 estinsinita3
1450 766 1481 794 et
1500 764 1554 794 illa
1571 767 1628 801 est,
1644 774 1717 805 quae
1735 768 1832 805 potest

1059 817 1091 847 in
1108 818 1268 849 infinitum
1279 819 1443 856 ett'ectum3
1459 821 1489 849 et
1503 819 1547 849 illi
1563 819 1674 850 virtuti
1689 819 1831 851 attribui-

1059 872 1110 900 tur
1127 871 1272 910 exputsio
1293 872 1396 912 primo
1410 874 1441 903 et
1462 881 1519 912 per
1535 881 1583 910 se,
1604 875 1636 903 et
1649 873 1830 904 contritioni

1058 933 1115 964 per
1133 924 1240 955 illam:
1266 928 1297 956 et
1316 926 1385 956 ideo
1406 935 1470 956 non
1489 926 1633 966 sequitur
1652 926 1736 966 quod
1754 935 1829 958 con-

1058 977 1144 1008 tritio
1155 978 1193 1008 sit
1205 978 1338 1016 infinita,
1351 979 1404 1009 sed
1420 979 1504 1019 quod
1518 980 1688 1019 conjuncta
1698 981 1746 1010 est
1757 988 1830 1010 cum

1057 1031 1184 1068 virtute,
1203 1033 1294 1070 cujus
1310 1032 1449 1071 operatio
1463 1035 1510 1063 est
1523 1032 1658 1064 infinita.

1098 1088 1126 1115 3.
1144 1084 1191 1115 Ad
1209 1084 1285 1115 illud
1305 1085 1390 1124 quod
1410 1086 1568 1125 objicitur,
1589 1086 1674 1126 quod
1695 1095 1760 1118 non
1774 1095 1829 1117 ac-

1058 1137 1138 1167 cedit
1150 1138 1267 1176 magis,
1284 1140 1315 1168 et
1329 1138 1412 1178 quod
1432 1148 1496 1169 non
1511 1139 1642 1177 recedit,
1659 1139 1830 1170 dicendum

1058 1190 1141 1229 quod
1169 1193 1344 1230 utrumque
1373 1190 1489 1221 salsum
1518 1194 1565 1222 est
1575 1202 1589 1230 3-
1615 1192 1679 1222 imo
1709 1192 1830 1223 ratione

1059 1244 1171 1283 gratiae
1195 1244 1301 1283 magis
1321 1245 1455 1284 acceditj,
1479 1246 1599 1276 ratione
1622 1255 1698 1277 vero
1713 1245 1831 1276 doloris

1058 1298 1127 1327 dico
1158 1297 1242 1336 qnod
1267 1298 1372 1336 inagis
1391 1298 1517 1329 recedit.
1542 1298 1634 1329 Dolor
1655 1299 1740 1329 enim
1766 1308 1830 1330 non

1058 1353 1180 1381 tantum
1199 1351 1292 1382 habet
1312 1352 1542 1391 oppositionem
1563 1352 1601 1382 ad
1616 1351 1757 1392 culpam,
1776 1352 1828 1382 sed

1058 1405 1153 1435 etiam
1168 1405 1205 1435 ad
1223 1405 1367 1445 sequelas
1384 1407 1414 1435 et
1427 1405 1600 1445 pronitates
1614 1405 1741 1444 peccati,
1756 1414 1829 1445 quae

1058 1457 1195 1496 quodam
1208 1458 1301 1489 modo
1317 1458 1433 1488 doloris
1443 1458 1619 1489 intensione
1633 1458 1666 1488 in
1681 1458 1771 1489 nobis
1782 1467 1830 1488 re-

1058 1511 1228 1542 mittuntur
1250 1512 1425 1551 paulative,
1446 1514 1474 1541 et
1497 1511 1710 1552 expelluntur,
1736 1514 1831 1551 prout

1058 1564 1146 1594 dolor
1156 1566 1202 1594 est
1212 1565 1323 1604 purior
1334 1568 1363 1595 et
1379 1565 1548 1595 intensior:
1566 1573 1708 1595 accessus
1722 1566 1830 1595 autem

1057 1617 1094 1647 ad
1125 1626 1234 1647 veram
1259 1618 1493 1657 impositionem
1517 1627 1580 1648 non
1604 1618 1776 1649 attenditur
1797 1617 1830 1648 in

1057 1670 1132 1706 hoc,
1151 1670 1235 1709 quod
1256 1679 1320 1700 non
1344 1670 1459 1700 haheat
1485 1679 1598 1700 verum
1621 1679 1752 1708 nomen,
1777 1669 1829 1700 sed

1057 1723 1133 1762 quia
1148 1732 1210 1753 non
1234 1723 1400 1763 participat
1420 1724 1499 1754 illud
1515 1724 1549 1754 in
1563 1724 1699 1754 termino
1713 1732 1829 1754 secun-

1058 1776 1135 1807 dum
1148 1777 1306 1807 rationem
1327 1777 1471 1815 gratuiti.

1097 1830 1128 1860 Ιι.
1147 1830 1194 1861 Ad
1216 1830 1293 1861 illud
1314 1831 1398 1870 qnod
1419 1831 1584 1870 quaeritur,
1604 1832 1711 1861 utrum
1727 1830 1831 1861 inten-

1057 1884 1150 1915 datur
1179 1885 1354 1915 secundum
1379 1884 1590 1915 intensionem
1614 1883 1746 1923 doloris,
1776 1890 1831 1916 aut

1057 1937 1181 1976 gratiae,
1207 1937 1274 1969 sive
1293 1947 1311 1967 a
1332 1937 1432 1968 libero
1453 1937 1596 1975 arbitrio,
1614 1946 1656 1968 an
1675 1946 1694 1967 a
1713 1937 1828 1976 gratia,

1054 1991 1123 2030 jam
1143 1993 1228 2030 patet
1247 1991 1425 2031 responsio.
1448 1990 1481 2021 Si
1500 1991 1585 2022 enim
1606 1990 1776 2030 loquamur
1792 1991 1830 2022 de

1057 2044 1196 2082 fervore,
1219 2044 1287 2074 dico
1308 2044 1394 2083 quod
1416 2047 1462 2074 est
1482 2054 1501 2075 a
1520 2043 1620 2075 libero
1637 2043 1788 2083 'arbitrio;
1804 2045 1829 2076 si

1057 2100 1163 2128 autem
1184 2098 1354 2137 loquamur
1379 2100 1533 2138 quantum
1555 2098 1594 2128 ad
1614 2107 1724 2129 veram
1743 2107 1830 2138 aug-

1058 2151 1300 2189 mentationem,
1319 2152 1364 2181 sic
1379 2151 1458 2189 dico,
1478 2151 1563 2191 quod
1577 2151 1758 2182 immediate
1773 2161 1828 2183 ve-

1057 2204 1105 2234 nit
1115 2213 1133 2233 a
1144 2206 1304 2234 cremento
1319 2204 1524 2244 poenitentiae,
1538 2213 1601 2244 qua
1613 2206 1828 2244 augmentata,

1057 2258 1195 2295 augetur
1207 2256 1295 2287 dolor
1313 2257 1473 2287 rationalis
1487 2257 1595 2296 partis,
1609 2257 1663 2296 qui
1674 2259 1719 2287 est
1734 2257 1830 2288 detes-

1057 2309 1181 2339 tationis
1197 2309 1247 2340 vel
1264 2309 1480 2349 displicentiae.
1503 2309 1541 2340 Et
1561 2310 1587 2340 si
1607 2319 1732 2350 quaeras
1747 2309 1830 2340 unde

1056 2362 1179 2401 veniat,
1204 2363 1272 2393 dico
1293 2364 1376 2402 quod
1397 2374 1415 2393 a
1436 2363 1498 2394 Deo
1518 2364 1675 2401 effective,
1697 2363 1829 2394 alibero

1056 2416 1187 2446 arbitrio
1202 2416 1399 2456 dispositive,
1417 2426 1435 2447 a
1458 2417 1563 2455 gratia
1577 2416 1775 2456 completive.
1791 2415 1829 2446 Et

1055 2469 1081 2499 si
1095 2472 1130 2500 tu
1145 2470 1291 2509 objicias,
1307 2471 1393 2510 quod
1410 2471 1513 2510 gratia
1533 2470 1700 2501 uniformis
1717 2471 1782 2507 est,
1798 2470 1829 2500 et

1056 2526 1211 2563 praeterea
1218 2526 1266 2555 est
1275 2524 1387 2562 forma,
1399 2524 1568 2556 dicendum
1577 2523 1672 2564 quod,
1681 2522 1828 2563 quamvis

1055 2577 1122 2616 ipsa
1132 2577 1330 2608 uniformiter
1341 2577 1507 2616 gratificet,
1517 2577 1595 2609 dum
1602 2579 1709 2607 tamen
1719 2576 1825 2614 magis
