2017 2948
267 137 325 166 624

267 202 390 239 titiam,
410 202 458 231 est
481 200 639 240 injustus:
656 207 736 238 ergo
756 198 781 227 si
801 199 924 227 accusat
951 205 984 226 se
1006 196 1037 225 in

268 256 426 295 quantum
443 254 568 292 justus,
586 254 632 282 est
651 252 798 290 injustus.
816 249 849 279 Si
865 251 989 279 accusat
1006 257 1039 278 se

268 307 444 338 secundum
471 305 555 344 quod
582 307 744 344 peccator-3
774 302 825 331 sed
853 301 957 332 omnis
985 301 1039 340 qui

269 362 394 391 accusat
417 360 612 398 peccatorem
632 356 805 387 secundum
828 355 910 394 quod
932 364 1039 394 pccca-

270 416 331 449 tor,
347 414 470 443 accusat
494 413 668 450 peccatum,
690 412 719 439 et
739 408 843 438 omnis
865 408 934 438 talis
955 409 1041 446 juste

271 468 416 503 accusat,
440 467 471 495 et
486 467 531 494 cst
550 466 675 503 justus:
695 471 775 500 ergo
796 461 821 490 si
842 463 968 491 accusat
992 470 1039 489 se-

272 519 411 550 cuudum
431 517 516 557 quod
538 517 697 555 peccator,
721 516 883 544 accusator
903 516 949 544 est
971 514 1041 553 jus-

273 576 342 610 tus;
368 574 398 602 et
421 571 482 608 ita,
507 569 681 599 secundum
704 568 788 606 quod
813 570 974 607 peccator,
999 569 1044 597 est

269 628 386 665 justus.

314 679 406 718 Res-p.
427 677 601 708 Dicendum
620 675 704 716 quod
728 675 761 705 in
782 675 980 705 accusatione
1001 676 1047 704 est

275 741 443 768 accusans,
461 733 492 760 et
513 732 698 759 accusatus:
717 730 745 758 et
768 737 842 758 cum
862 729 970 767 Justus
993 737 1044 757 ac-

276 787 365 815 cusat
379 793 428 820 se,
445 783 530 812 adest
548 790 713 817 accusans,
732 783 762 810 ct
781 782 967 817 accusatus;
993 780 1047 809 sed

277 841 381 868 tamen
398 837 518 867 hahens
532 835 622 874 quasi
637 833 771 873 duplicis
787 842 931 872 personae
948 833 1047 863 ratio-

277 901 350 921 nem
366 893 394 921 et
411 889 633 929 proprietatem
647 898 654 917 ι
669 889 700 917 ct
715 886 890 916 secuudum
902 886 987 926 quod
1005 888 1049 915 te-

279 947 331 976 net
346 943 478 983 duplicis
496 950 638 981 personae
654 941 827 975 rationem,
845 940 887 970 ila
902 943 931 970 ct
947 939 1049 979 dupli-

279 999 324 1029 cis
350 995 564 1037 proprietatis,
594 994 669 1033 quia
693 994 743 1023 ille
767 993 851 1023 idem
875 993 1050 1023 secundum

281 1051 366 1091 quod
379 1052 502 1088 justus,
521 1049 647 1078 accusat
659 1056 691 1076 sc
702 1046 877 1076 secuudum
890 1045 973 1085 quod
986 1055 1053 1085 pec-

282 1106 367 1135 cator
384 1107 428 1133 cst
444 1114 449 1132 :
469 1105 497 1132 et
515 1102 557 1131 sic
576 1103 658 1140 patet
675 1100 759 1139 quod
775 1099 935 1139 sophisma
952 1101 999 1128 cst
1015 1098 1053 1129 de

282 1158 335 1188 illa
357 1155 621 1195 reduplicatioue,
648 1153 733 1192 quod
762 1155 861 1192 potest
883 1152 990 1182 referri
1015 1151 1054 1182 ad

283 1213 389 1241 actum
413 1208 580 1240 accusandi
609 1206 730 1237 ratione
755 1205 904 1243 subjecti,
930 1204 980 1235 vel
1003 1214 1054 1234 ra-

284 1264 368 1294 tione
383 1262 509 1301 ol›Jecti.

608 1345 676 1366 DUB.
700 1344 732 1365 V.

443 1409 587 1434 satisfactio
602 1416 616 1431 a
631 1408 728 1431 tloannc
741 1405 896 1437 praecipitur.

330 1477 462 1508 Videtur
488 1476 570 1506 male
593 1475 710 1512 ‹lit-ere,
740 1474 816 1513 quia
838 1472 975 1503 ,Ioannes
996 1480 1060 1501 non

291 1531 391 1571 potuit
422 1531 617 1559 sacramenta
646 1536 737 1558 novae
763 1525 844 1564 legis
866 1525 1029 1555 instituere
1052 1533 1059 1553 ε

292 1593 371 1624 ergo
384 1593 441 1614 nec
456 1582 700 1612 satisfactionem
716 1580 899 1619 praecipere.

333 1637 424 1676 Resp.
453 1635 626 1666 Dicendum
651 1633 735 1673 quod
759 1632 896 1664 Joannes
924 1629 1064 1671 praecipit

294 1690 498 1726 insinuando,
521 1688 571 1719 vel
592 1686 792 1727 praedicando
813 1697 819 1716 :
845 1685 898 1715 sed
923 1684 1065 1715 Christus

293 1744 456 1776 mandavit
472 1746 625 1782 tanquam
640 1739 822 1780 principalis
844 1739 972 1768 auctor:
990 1735 1066 1775 quia

293 1799 430 1830 Joaunes
437 1795 655 1837 praecucurrit,
664 1793 834 1824 utdicitur‘*
845 1791 913 1829 3sed
922 1790 1066 1821 Salvator

294 1850 495 1883 confirmavit
506 1874 514 1886 ‚
531 1851 561 1880 et
580 1847 732 1884 instituit,
746 1849 782 1877 ut
793 1846 930 1875 hahetur
942 1843 976 1873 in
990 1842 1067 1872 Mat-

295 1905 380 1935 thaeo
389 1904 410 1934 ².

619 1950 686 1971 nnn.
710 1949 754 1971 v1.

451 2004 535 2029 Facite
549 2004 639 2033 dignos
650 2002 745 2027 fruetus
756 2000 920 2032 poenitentiae.

338 2064 467 2095 Videtur
484 2072 547 2094 nou
562 2072 629 2092 esse
652 2061 846 2100 praeceptum
862 2057 1069 2094 conveniens,

299 2118 375 2158 quia
394 2116 484 2155 digni
501 2117 622 2146 fructus
644 2112 837 2153 poenitentiae
853 2113 926 2141 sunt
942 2110 1004 2140 Deo
1019 2119 1070 2140 ac·

300 2171 381 2211 cepti
399 2181 405 2201 :
423 2169 477 2200 sed
494 2177 556 2198 non
572 2170 618 2197 est
633 2167 666 2196 in
688 2167 797 2196 nostra
817 2166 989 2204 potestate,
1015 2171 1072 2193 nec

302 2225 335 2254 in
351 2225 458 2254 nostra
472 2221 653 2260 cognitione
668 2229 704 2250 ea
718 2220 835 2257 facere,
852 2226 925 2258 quae
945 2219 1019 2247 sunt
1040 2216 1073 2246 in

303 2277 411 2308 divina
426 2274 605 2314 acceptione
625 2284 631 2302 ;
649 2281 737 2311 ergo,
755 2275 813 2303 etc.
831 2271 928 2308 Item,
946 2270 972 2300 si
987 2269 1075 2300 satis-

303 2331 394 2362 factio
423 2332 471 2361 est
499 2329 534 2359 in
562 2328 721 2368 praecepto
739 2350 748 2364 ,
776 2335 849 2356 cum
875 2333 970 2355 nemo
999 2324 1075 2354 sciat

304 2388 415 2416 utrum
432 2382 635 2419 satisfecerit,
659 2380 735 2420 quia
756 2388 850 2409 nemo
872 2379 929 2409 scit
953 2387 986 2408 se
1008 2386 1075 2408 esse

305 2439 337 2469 in
364 2438 531 2473 charitate,
553 2435 679 2465 videtur
701 2432 787 2473 quod
807 2441 932 2471 semper
954 2434 1001 2462 est
1018 2431 1075 2461 ite-

305 2491 405 2522 randa
419 2488 603 2520 satisfactio.

348 2543 440 2582 Resp.
471 2541 644 2572 Dicendum
673 2539 758 2579 quod
787 2538 928 2578 dignitas
956 2538 1078 2569 fructus

342 2603 460 2634 ¹Matth.,
474 2609 516 2634 111,
535 2605 610 2627 1¹.-
622 2600 743 2631 ssiam„
759 2606 794 2631 ιν,
809 2602 845 2630 17,
860 2601 900 2624 23.

826 127 1135 161 SENTEN'HARUM
1158 127 1231 160 LlB.
1261 127 1309 158 lv.

1091 196 1257 235 dupliciter
1278 197 1377 234 potest
1399 193 1517 234 accipi:
1540 195 1596 224 aut
1618 202 1674 234 per
1693 202 1857 236 compara·

1093 248 1210 278 tionem
1226 248 1264 278 ad
1279 247 1430 278 meritum
1444 247 1562 287 culpae,
1580 249 1634 276 aut
1650 247 1681 278 in
1696 256 1859 287 compara-

1094 301 1179 330 tione
1207 300 1244 330 ad
1271 300 1412 330 divinam
1439 300 1696 339 acceptationem.
1723 299 1761 330 Et
1790 302 1864 330 nota

1095 353 1179 393 quod
1201 353 1250 383 hic
1273 356 1362 383 vocat
1386 353 1502 391 dignos
1525 352 1645 383 fructus
1670 352 1864 392 poenitentiae

1096 416 1159 436 nou
1180 406 1214 436 iu
1234 406 1466 446 comparatione
1488 405 1526 435 ad
1548 405 1690 436 divinam
1711 404 1866 444 acceptio-

1096 470 1187 497 nem,
1204 460 1278 499 quia
1300 460 1358 489 hoc
1376 468 1440 490 non
1461 458 1659 498 praecipitum
1683 458 1737 488 sed
1761 466 1867 498 quan-

1097 517 1167 544 tum
1195 514 1232 543 ad
1259 513 1407 543 meritum
1431 513 1544 551 culpae.
1570 511 1724 542 Similiter
1751 510 1869 541 intelli-

1099 566 1252 606 gendum,
1266 566 1350 606 quod
1363 566 1539 596 satisfacere
1554 565 1616 595 Deo
1628 564 1795 604 dupliciter
1806 565 1868 601 est;

1100 620 1148 650 vel
1166 620 1340 650 secundum
1354 620 1458 649 sorum
1474 628 1571 649 suum
1584 621 1614 649 et
1629 618 1804 648 secundum
1819 626 1871 648 ve-

1100 674 1225 703 ritatem
1236 697 1244 710 ,
1261 675 1291 703 et
1305 673 1349 703 sic
1366 682 1428 702 non
1444 675 1491 703 est
1511 672 1543 702 in
1563 674 1735 712 praecept03
1753 670 1804 702 vel
1822 679 1873 701 se-

1101 726 1241 757 cuudum
1262 725 1516 766 probabilitatem
1537 724 1756 762 conscientiae,
1779 726 1810 754 et
1829 723 1874 754 sic

1102 783 1149 810 est
1167 780 1197 809 in
1214 782 1381 819 praecepto.
1403 779 1462 809 Sed
1479 781 1554 809 tunc
1569 778 1696 809 videtur
1714 776 1798 817 quod
1822 776 1873 808 ille

1103 835 1257 872 peccator,
1274 832 1329 872 qui
1346 841 1410 862 non
1426 831 1494 862 vult
1510 832 1668 871 suscipere
1689 829 1874 860 satisfactio-

1104 895 1177 916 nem
1207 886 1396 923 condignam
1430 894 1448 915 a
1478 884 1638 915 sacerdote
1674 883 1853 924 impositam
1865 906 1874 921 ,

1106 939 1280 969 mortaliter
1296 940 1418 977 peccet:
1437 937 1506 968 ideo
1526 937 1697 967 dicendum
1722 936 1804 976 quod
1826 936 1874 966 in-

1106 994 1133 1023 di
1139 993 1244 1032 gnitus
1260 994 1380 1022 tructus
1395 991 1562 1031 dupliciter
1577 993 1678 1030 potest
1691 989 1808 1029 accipi:
1822 990 1878 1019 aut

1106 1056 1162 1086 per
1177 1046 1444 1084 comparationem
1460 1045 1499 1075 ad
1515 1044 1665 1075 meritum
1683 1042 1802 1082 culpae,
1824 1043 1880 1072 aut

1109 1100 1141 1130 in
1164 1099 1398 1139 comparatione
1420 1099 1458 1129 ad
1482 1098 1632 1128 meritum
1653 1106 1766 1137 poenae.
1791 1096 1823 1127 Si
1847 1095 1879 1126 in

1109 1153 1343 1192 comparatione
1359 1152 1396 1182 ad
1413 1152 1562 1182 meritum
1584 1160 1705 1190 poenae,
1726 1153 1771 1180 est
1795 1158 1878 1189 prae-

1111 1208 1235 1246 ceptum
1250 1206 1477 1235 affirmativum
1489 1228 1498 1242 ‚
1515 1205 1601 1244 quod
1615 1213 1680 1234 non
1698 1203 1821 1242 obligat
1842 1202 1882 1233 ad

1112 1268 1248 1299 semper,
1265 1261 1293 1289 et
1318 1260 1470 1297 praetcrea
1489 1256 1696 1287 commissum
1719 1257 1753 1286 in
1778 1257 1881 1295 potes-

1113 1315 1175 1343 tate
1188 1311 1378 1342 sacerdotis:
1396 1313 1425 1341 et
1442 1311 1485 1340 ita
1509 1310 1533 1339 si
1559 1309 1716 1349 poenitens
1735 1308 1787 1338 hic
1806 1316 1884 1338 con-

1114 1366 1247 1404 dignam
1266 1373 1393 1404 posnam
1408 1374 1426 1393 a
1441 1362 1602 1393 sacerdote
1615 1361 1758 1402 suscipit,
1774 1363 1804 1392 et
1819 1360 1885 1400 ple-

1115 1428 1190 1449 nam
1206 1417 1425 1458 poenitentiam
1441 1416 1525 1453 facit,
1539 1416 1563 1445 si
1579 1417 1707 1455 propter
1717 1414 1789 1451 hoc,
1801 1412 1886 1454 quod

1116 1472 1260 1504 sacerdos
1283 1481 1347 1502 non
1370 1471 1520 1509 imponit,
1542 1468 1707 1499 attendens
1727 1467 1887 1508 fragilita-

1117 1529 1182 1557 tem
1198 1525 1368 1565 peccatoris
1379 1549 1386 1562 ‚
1404 1523 1558 1555 Dominus
1573 1523 1728 1562 expectat,
1746 1523 1778 1552 et
1789 1520 1890 1553 solvet

1118 1580 1150 1610 in
1164 1578 1362 1618 purgatorio.

1430 1661 1497 1682 DUss.
1522 1661 1578 1682 Vll.

1329 1724 1360 1748 Ut
1375 1723 1514 1748 secundum
1529 1722 1685 1754 qualitatem.

1163 1791 1323 1829 Quaeritur
1338 1799 1412 1830 quae
1429 1789 1468 1819 sit
1489 1788 1668 1819 differentia
1686 1788 1768 1819 inter
1788 1787 1891 1828 quali-

1124 1848 1220 1876 tatem
1247 1844 1364 1883 culpae,
1390 1846 1419 1873 et
1445 1842 1655 1882 quantitatem
1676 1851 1684 1872 :
1710 1849 1784 1872 cum
1806 1840 1892 1871 enim

1124 1908 1189 1930 non
1216 1898 1331 1928 habeat
1361 1896 1452 1936 culpa
1473 1895 1684 1935 quantitatem
1707 1894 1817 1931 molis,
1840 1892 1894 1924 sed

1125 1951 1271 1988 virtutis,
1287 1953 1319 1981 et
1336 1950 1404 1980 haee
1425 1949 1464 1979 sit
1484 1948 1640 1989 qualitas,
1663 1947 1790 1978 videtur
1809 1945 1895 1987 quod

1126 2013 1190 2036 non
1204 2003 1366 2034 differunt.
1391 2002 1485 2039 Item,
1502 2001 1527 2032 si
1544 2001 1719 2032 secundum
1734 1999 1895 2040 quantita-

1126 2062 1191 2090 tem
1214 2057 1316 2096 culpae
1339 2059 1385 2087 est
1407 2055 1567 2096 quantitas
1589 2063 1715 2094 poenae:
1733 2053 1789 2084 sed
1811 2054 1898 2084 tanta

1127 2114 1174 2143 est
1187 2110 1296 2150 culpa,
1318 2112 1437 2149 quauta
1458 2111 1505 2139 est
1525 2107 1665 2146 offensa;
1688 2109 1719 2138 et
1740 2108 1828 2137 tanta
1851 2107 1899 2136 est

1128 2163 1263 2200 offensa,
1285 2165 1424 2202 quantus
1438 2164 1484 2192 est
1505 2162 1531 2192 is
1550 2162 1605 2201 qui
1619 2160 1792 2192 offenditur
1813 2158 1899 2190 z'sed

1129 2216 1180 2247 ille
1194 2218 1240 2246 est
1256 2215 1399 2246 infinitus
1417 2226 1424 2246 :
1448 2223 1528 2254 ergo
1551 2214 1643 2245 debet
1665 2213 1787 2254 imponi
1806 2220 1900 2253 poena

1131 2269 1266 2299 infinita.
1291 2268 1384 2305 Item,
1407 2268 1568 2307 quomodo
1590 2276 1684 2308 poena
1709 2267 1811 2306 potest
1832 2272 1900 2296 esse

1131 2322 1307 2352 secundum
1320 2320 1504 2360 qualitatem
1516 2344 1524 2358 ,
1539 2329 1612 2351 cum
1625 2320 1687 2350 sint
1701 2319 1900 2350 diversorum

1133 2384 1289 2415 generum
1305 2375 1412 2414 culpa,
1429 2377 1459 2405 et
1474 2375 1592 2414 poena?

1173 2429 1265 2468 Resp.
1282 2428 1455 2459 Dicendum
1470 2427 1554 2468 quod
1572 2426 1718 2467 possibile
1731 2427 1779 2457 est
1796 2433 1900 2465 quan-

1134 2483 1255 2513 titatem
1271 2484 1302 2512 et
1318 2481 1503 2522 qualitatem
1517 2481 1620 2521 culpae
1639 2479 1760 2512 causari
1779 2478 1819 2510 ab
1845 2486 1902 2509 eo-

1135 2536 1206 2567 dem
1222 2535 1376 2576 principio
1382 2544 1393 2574 ;
1413 2535 1466 2566 sed
1486 2538 1593 2566 tamen
1613 2533 1789 2565 secuudum
1808 2531 1902 2562 aliam

1135 2589 1309 2620 rationem:
1324 2588 1407 2621 sieut
1420 2596 1610 2627 cognoscere
1624 2586 1831 2626 conjugatam
1842 2593 1901 2616 au-
