2017 2948
95 508 198 529 Fundam.

622 116 716 147 DIST.
740 116 802 149 XV.
829 117 943 149 PART.
968 117 1005 148 II.
1029 116 1118 147 ART.
1143 116 1180 146 ΙΙ.
1205 116 1352 153 QUAEST.
1379 119 1400 149 I.

470 244 675 283 QUAESTIO
703 245 726 276 Ι.

214 326 259 353 An
274 326 433 360 eleemosyna
451 324 540 352 debeat
557 326 618 360 fieri
634 325 666 352 de
683 325 757 353 rebus
773 328 894 361 propriis
911 327 983 361 juste

513 371 653 404 acquisitis
670 370 686 397 ¹.

254 448 341 479 Circa
362 458 459 488 quam
479 449 659 488 proceditur
679 449 724 479 sic
741 461 747 481 :
766 449 983 482 Communiter

215 501 340 539 dicitur,
353 502 437 541 quod
447 501 646 542 eleemosyna
656 502 747 533 dehet
757 503 825 533 fieri
838 503 874 533 de
887 504 984 534 rebus

214 554 349 594 propriis
367 555 452 593 juste
476 555 649 594 acquisitis,
676 557 706 585 et
728 556 927 593 necessariis3
954 558 984 587 et

215 607 298 647 quod
315 607 416 637 solum
431 607 469 638 de
482 607 577 638 rebus
592 608 736 648 propriis,
750 608 894 639 videtur:
908 609 985 649 quia.

215 659 290 691 dicit
306 661 361 699 jus
376 659 459 700 quod
480 669 543 690 non
563 663 664 700 potest
682 661 813 691 alienari
831 663 984 701 possessio

214 714 275 744 nisi
291 723 309 744 a
324 713 471 751 Domino;
496 714 549 744 sed
571 723 644 745 cum
664 714 864 755 eleemosyna
880 715 982 753 datur,

214 768 370 806 possessio
387 768 555 806 alienatur,
575 768 650 809 quia
665 769 699 798 fit
720 768 818 807 ipsius
837 770 985 808 pauperis

215 820 392 860 recipientis
409 832 415 851 :
434 830 511 860 ergo
528 821 634 851 nullus
649 824 750 861 potest
765 822 840 852 dare
855 822 986 853 eleemo-

215 882 343 913 synam,
367 874 427 904 nisi
448 874 503 914 qui
524 875 618 905 habet
638 875 818 914 proprium,
842 877 873 906 et
891 884 986 915 super

215 936 282 958 rem
296 927 501 966 temporalem
519 927 611 957 habet
625 927 814 958 dominium.

256 980 332 1010 Item
354 980 414 1010 hoc
436 980 587 1019 probatur
600 989 639 1010 ex
658 982 749 1010 textu
765 980 938 1011 Bibliorum
950 982 960 997 ²
977 992 983 1010 :

215 1033 344 1065 Honora
365 1034 462 1064 Deum
478 1033 515 1064 tle
529 1037 586 1065 τηα
600 1033 795 1069 substantia,
818 1037 847 1064 et
864 1033 901 1064 de
915 1035 986 1073 pri-

215 1087 318 1118 mitiis
334 1087 462 1126 fraqam
477 1089 605 1117 tuarum
620 1085 663 1116 aa
675 1086 881 1125 pauperibus.
897 1086 985 1123 Quod

215 1141 321 1169 autem
331 1139 433 1169 solum
445 1139 482 1169 de
491 1141 577 1179 Juste
587 1141 759 1180 acquisitis,
773 1141 965 1171 ostenditur³
977 1152 982 1172 :

214 1192 412 1224 Inanolcmtis
433 1201 474 1224 ea:
489 1194 601 1233 iniquo
619 1193 733 1225 oblatio
752 1197 796 1225 esc
814 1195 983 1226 maculata.

214 1244 252 1276 Et
268 1246 348 1276 infra
362 1257 368 1276 :
386 1246 476 1277 Dona
491 1247 675 1285 iniquorum
690 1255 754 1278 mm
766 1248 878 1286 probat
892 1249 987 1280 Altis-

214 1300 325 1330 simus.

256 1352 332 1383 item
352 1352 524 1392 Gregorius
538 1353 571 1382 in
587 1353 780 1385 Mol-alibusb
792 1365 803 1385 .·
817 1365 831 1383 (ι
844 1354 985 1386 Eleemo-

214 1415 293 1446 syna
319 1405 532 1445 Redemptoris
557 1407 656 1436 oculis
682 1407 798 1446 placet,
823 1417 895 1448 quae
924 1417 986 1439 non

214 1458 344 1497 illicitis,
366 1458 415 1489 vel
436 1459 599 1498 iniquitate
621 1461 815 1499 congeritur,
840 1462 894 1492 sed
914 1471 986 1501 quae

214 1511 252 1541 de
270 1511 364 1542 rebus
383 1512 554 1550 concessis,
578 1515 608 1543 et
625 1514 713 1552 Juste
727 1514 898 1553 acquisitis.
915 1526 929 1543 »
948 1514 986 1546 Et

215 1564 331 1595 iterum
343 1565 408 1605 ipse
419 1565 493 1596 dicit
506 1577 512 1596 ε
525 1578 539 1595 α
549 1565 575 1597 N
577 1575 618 1597 ou
627 1569 673 1597 est
685 1568 897 1607 computanda
908 1568 989 1598 elee-

214 1626 358 1657 mosyna,
375 1619 400 1648 si
415 1619 606 1659 pauperibus
620 1619 828 1660 dispensetur,
846 1621 931 1661 quod
947 1630 987 1652 ex

215 1670 330 1701 illicitis
345 1671 441 1702 rebus
456 1672 641 1712 acquiritur.
658 1684 672 1701 »

255 1723 331 1755 Item
342 1748 350 1762 ,
371 1725 455 1765 quod
471 1725 508 1756 de
523 1726 720 1764 necessariis,
738 1727 864 1757 videtur
883 1738 890 1758 :
907 1727 986 1758 Illud

215 1777 300 1808 enim
320 1786 386 1807 non
407 1780 452 1808 est
469 1778 726 1817 satisfactorium,
750 1780 789 1809 ad
808 1780 892 1820 quod
914 1780 987 1820 quis

215 1830 291 1860 alias
306 1832 454 1861 tenetur:
473 1831 526 1861 sed
545 1831 677 1871 quilibet
699 1834 824 1863 tenetur
849 1832 887 1863 ad
908 1833 987 1863 dan-

215 1882 291 1913 dum
305 1883 464 1923 superflua
474 1893 534 1923 pau
540 1884 679 1923 peribus,
691 1887 987 1926 quantumcumque

216 1936 256 1966 sit
270 1936 336 1966 siue
352 1937 495 1976 peccato*
511 1948 517 1967 :
537 1937 624 1972 Quod
640 1941 798 1978 superest,
818 1938 892 1971 date
908 1939 985 1972 elee-

215 1996 380 2030 mosynam
395 2000 404 2018 :
419 1999 510 2030 ergo,
529 1992 586 2021 etc.

255 2042 333 2073 Item
355 2042 528 2082 Gregorius
548 2044 582 2073 in
598 2043 734 2075 Homilia
748 2053 843 2084 super
861 2045 960 2076 illud·
976 2056 982 2075 :

215 2096 321 2127 Facite
343 2096 457 2136 (liquos
478 2097 601 2135 fractas
618 2098 813 2136 poem'ceaa‘ce
826 2109 836 2127 .-
851 2110 865 2127 «
880 2098 938 2135 Qui
954 2108 987 2130 se

216 2149 305 2179 novit
323 2149 476 2180 nonnulla
496 2150 603 2181 illicita
622 2151 831 2189 commisisse,
858 2152 949 2182 debet
969 2162 988 2183 a

216 2201 308 2232 licitis
322 2202 489 2233 abstinere.
506 2214 520 2231 »
538 2202 634 2243 Ergo,
653 2204 678 2234 si
695 2205 883 2235 abstinentia
898 2205 988 2235 satis-

216 2254 345 2285 factoria
359 2264 423 2286 non
443 2258 489 2286 est
508 2256 562 2286 illa
576 2266 649 2296 quae
664 2260 710 2287 est
725 2257 764 2288 ab
780 2257 908 2296 illicitis,
932 2258 986 2289 sed

216 2316 287 2347 quae
302 2317 320 2337 a
333 2307 435 2346 licitis,
453 2309 579 2340 videtur
593 2310 738 2341 similiter
753 2311 837 2350 quod
849 2311 984 2343 eleemo-

215 2369 296 2400 syna
310 2361 514 2392 satisfactoria
529 2362 570 2392 sit
584 2362 638 2393 illa
654 2372 726 2402 quae
742 2372 804 2394 nou
819 2363 857 2394 de
872 2373 985 2405 super-

216 2412 299 2451 ssuis,
316 2413 370 2444 sed
385 2423 456 2453 quae
472 2414 509 2445 de
524 2416 718 2446 necessariis

249 2476 254 2488 ¹
281 2475 320 2505 Cf.
349 2475 419 2499 Alex.
448 2476 544 2506 Alnus„
572 2484 596 2507 p.
622 2477 668 2505 IV,
695 2485 721 2509 q.
747 2484 779 2502 xx
791 2497 797 2507 ,
822 2479 929 2503 membr.
960 2481 986 2509 ¹;

217 2511 243 2534 S.
258 2511 568 2543 Thom.‚11-11‚q.xxx11,
584 2514 630 2536 art.
648 2514 678 2543 73
694 2515 719 2537 et
734 2514 762 2537 lv
779 2515 857 2544 Seni„
871 2514 926 2538 dist.
943 2520 987 2545 κν,

217 2553 243 2577 q.
259 2552 293 2575 11,
309 2548 356 2570 art.
374 2548 386 2570 4
398 2566 404 2576 ,
420 2554 445 2578 q.
462 2553 498 2577 11;
515 2549 540 2572 et
554 2548 623 2578 Quot.
648 2554 703 2579 111,
729 2551 774 2574 art.
793 2552 842 2581 303
857 2550 987 2581 menard„

218 2581 252 2605 lv
275 2582 355 2613 Sem„
384 2582 441 2607 dist.
470 2589 518 2613 xv.
545 2585 591 2607 art.
618 2585 644 2614 2,
670 2590 694 2614 q.
718 2590 742 2614 ις
769 2585 855 2616 Steph.
884 2585 987 2616 Brulet„

1751 123 1808 151 613

1079 186 1107 214 1.
1123 183 1171 214 Ad
1182 184 1372 223 oppositum,
1388 186 1472 225 quod
1487 195 1551 217 non
1565 186 1674 217 debeat
1688 196 1755 219 esse
1771 188 1809 219 de
1826 195 1859 216 Ad
1877 201 1928 222 opp-

1038 236 1236 274 neeessariss,
1255 241 1289 267 ut
1305 238 1505 277 resolvendo,
1521 240 1588 270 sive
1602 240 1804 280 destruendo,
1824 255 1828 257 ·

1040 289 1243 329 incipiamus,
1260 290 1385 320 videtur
1401 301 1407 320 :
1426 292 1501 330 quia
1520 294 1740 334 unusquisque
1759 296 1809 326 te-

1040 344 1132 373 netur
1145 351 1177 373 se
1188 342 1302 382 magis,
1313 352 1409 382 quam
1421 344 1555 374 alterum
1567 345 1698 385 diligere
1711 357 1718 377 ι
1732 356 1809 387 ergo

1039 397 1166 427 tenetur
1180 396 1239 426 sibi
1252 396 1426 427 necessaria
1440 406 1611 428 reservare.

1081 451 1110 479 2.
1127 448 1205 479 Item
1220 449 1293 479 dare
1306 450 1482 480 necessaria
1497 450 1572 481 vitae
1587 451 1750 490 humanae,
1764 454 1810 484 est

1041 502 1328 542 supererogationis
1341 513 1347 533 :
1360 503 1413 533 sed
1426 503 1534 533 nullus
1551 504 1696 535 sacerdos
1711 508 1812 544 potest

1041 556 1203 594 imponere
1220 564 1315 595 opera
1331 557 1617 596 supererogationis
1634 569 1640 588 ε
1657 567 1735 598 ergo
1755 568 1812 590 nec

1040 608 1135 639 talem
1163 608 1396 648 eleemosynam
1411 621 1417 646 ;
1449 610 1474 640 si
1504 619 1583 649 ergo
1610 610 1812 651 eleemosyna

1041 670 1114 701 quae
1135 663 1181 692 est
1201 661 1347 701 imposita
1369 672 1387 692 a
1407 663 1582 700 sacerdote,
1605 666 1651 695 est
1673 665 1811 696 satisfac-

1041 715 1136 753 toria,
1153 724 1217 745 non
1232 717 1354 754 oportet
1369 716 1453 755 quod
1468 716 1508 746 sit
1522 716 1559 746 de
1575 717 1770 748 necessariis.

1083 770 1109 798 3.
1128 767 1205 798 Item
1218 767 1343 798 videtur
1359 768 1442 808 quod
1455 769 1553 808 possit
1565 778 1631 800 esse
1644 770 1682 800 de
1696 771 1812 811 injuste

1042 821 1213 861 acquisitis,
1230 821 1305 860 quia
1316 821 1446 851 dicim-⁷
1461 832 1467 852 ;
1480 822 1587 854 Facite
1596 823 1683 854 vobis
1696 825 1814 856 (tnticos

1042 874 1079 906 de
1090 882 1268 905 mammona
1278 875 1484 914 iniqaz'tatis;
1495 875 1602 906 Glossa
1613 887 1620 906 z
1634 888 1648 905 (‹
1660 875 1814 916 Iniquitas

987 942 990 944 Δ
1042 927 1123 958 hene
1143 927 1320 966 dispensata
1334 928 1469 957 vertitur
1484 929 1516 958 in
1527 929 1697 967 justitiam.
1715 940 1728 957 »
1746 930 1811 960 Au·

1043 980 1207 1018 gustinus,
1229 980 1262 1009 iu
1283 980 1536 1015 szoestionibus⁸
1552 992 1563 1012 .·
1578 993 1592 1010 α
1612 981 1672 1018 Qui
1693 983 1814 1013 habetis

1043 1032 1161 1071 aliquid
1178 1033 1216 1062 de
1232 1032 1325 1070 malo,
1345 1034 1434 1063 facite
1448 1034 1521 1064 inde
1536 1035 1667 1065 honum.
1685 1046 1698 1064 n

1082 1088 1112 1115 4.
1138 1085 1215 1116 Item
1239 1085 1291 1116 hic
1313 1087 1483 1125 quaeritur,
1510 1087 1536 1116 si
1563 1088 1731 1126 meretrix,
1765 1089 1814 1120 vel

1042 1139 1223 1176 usurarius,
1245 1139 1295 1169 vel
1317 1139 1436 1169 aleator
1457 1139 1496 1170 de
1515 1140 1604 1170 lucro
1620 1150 1679 1172 suo
1696 1141 1815 1181 possint

1043 1191 1143 1221 facere
1167 1192 1416 1232 eleemosynam,
1441 1201 1514 1223 cum
1540 1203 1651 1224 omnes
1672 1194 1706 1224 hi
1732 1195 1815 1226 malo

1044 1244 1136 1274 modo
1152 1244 1326 1283 acquirant.

1083 1300 1112 1328 5.
1130 1297 1207 1328 Item
1222 1298 1349 1329 videtur
1361 1298 1445 1338 quod
1460 1307 1521 1329 non
1537 1301 1678 1339 oporteat
1692 1300 1761 1331 fieri
1776 1309 1815 1332 ex

1043 1351 1194 1390 propriis,
1222 1351 1296 1391 quia
1321 1352 1377 1382 filii
1401 1351 1494 1382 Israel
1518 1352 1717 1383 abstulerunt
1740 1363 1816 1384 vasa

1044 1403 1187 1444 AEgypti,
1202 1407 1232 1435 et
1244 1407 1352 1444 postea
1363 1405 1548 1436 obtulerunt
1560 1405 1592 1435 in
1604 1415 1698 1436 usum
1710 1406 1813 1437 taber-

1043 1457 1160 1488 naculi.

1083 1513 1112 1541 6.
1131 1510 1224 1548 Item,
1242 1511 1267 1541 si
1286 1511 1346 1542 hoc
1360 1514 1440 1542 esset
1455 1521 1585 1551 verum,
1600 1521 1672 1543 cum
1689 1513 1814 1551 mulier,

1043 1566 1073 1594 et
1096 1563 1196 1601 filius,
1220 1566 1251 1594 et
1271 1564 1446 1595 monachus
1467 1574 1530 1596 non
1551 1566 1690 1597 habeant
1711 1567 1815 1597 domi-

1042 1616 1151 1654 nium,
1178 1616 1304 1647 videtur
1329 1617 1415 1657 quod
1438 1618 1559 1649 nullam
1583 1619 1816 1659 eleemosynam

1042 1669 1162 1709 possint
1178 1670 1293 1707 facere,
1316 1670 1401 1710 quofl
1416 1670 1530 1701 falsum
1545 1674 1606 1710 est,
1623 1681 1696 1703 cum
1712 1672 1817 1711 magis

1042 1724 1210 1753 teneantur
1225 1732 1291 1753 esse
1307 1722 1492 1762 hospitales;
1510 1726 1541 1754 et
1553 1724 1733 1764 frequenter
1749 1734 1817 1756 mu·

1042 1775 1134 1806 lieres
1149 1775 1220 1815 plus
1234 1775 1364 1814 debent,
1381 1785 1479 1816 quam
1494 1777 1566 1809 viri.

1315 1892 1538 1926 CONCLUSIO.

1042 1977 1065 2004 E
1071 1978 1229 2010 leemosyna,
1245 1978 1274 2003 ut
1288 1978 1323 2003 sic
1342 1978 1530 2010 satisfactoria
1541 2000 1548 2010 ,
1561 1979 1634 2012 justo
1650 1981 1726 2008 ritulo
1744 1981 1816 2009 debet

1078 2021 1231 2056 possideri:
1255 2024 1284 2048 at
1310 2029 1350 2048 res
1377 2030 1433 2055 qaoe
1452 2030 1504 2057 pro
1528 2024 1688 2058 eleemosyna
1716 2026 1814 2059 datur,

1078 2072 1141 2091 vera
1151 2065 1188 2091 sit
1200 2065 1368 2099 eleemosyna.

1084 2148 1178 2187 Resp.
1203 2149 1241 2179 ad
1271 2158 1341 2188 arg.
1369 2149 1540 2181 Dicendum
1565 2152 1649 2191 quod
1675 2152 1751 2184 illud
1771 2156 1818 2184 est

1043 2202 1258 2232 necessarium
1274 2202 1313 2233 ad
1328 2203 1387 2234 hoc
1404 2204 1489 2244 quod
1503 2205 1703 2246 eleemosyna
1718 2206 1757 2236 sit
1771 2216 1818 2238 sa-

1042 2255 1223 2293 tissactoria,
1237 2255 1353 2287 scilicet
1369 2257 1455 2296 quod
1463 2257 1515 2287 ille
1525 2258 1581 2297 qui
1594 2258 1713 2296 tribuit,
1724 2261 1811 2298 ¹iusto

1043 2317 1113 2338 eam
1143 2308 1234 2339 titulo
1261 2308 1395 2348 habeat,
1411 2312 1441 2340 et
1460 2312 1565 2341 tenere
1579 2334 1587 2348 ,
1604 2312 1634 2341 et
1656 2312 1815 2351 possidere

1045 2408 1075 2431 iv
1094 2407 1174 2433 Sem..
1192 2408 1250 2431 dist.
1269 2413 1311 2437 xv,
1330 2415 1354 2438 q.
1371 2414 1410 2439 xl;
1432 2409 1498 2433 Petr.
1513 2409 1543 2433 do
1556 2410 1668 2440 Tarant„
1684 2411 1716 2434 lv
1736 2410 1817 2438 Seni..

1043 2444 1100 2467 dist.
1116 2449 1158 2473 xv,
1173 2451 1198 2474 q.
1215 2450 1260 2467 xii.
1277 2457 1307 2460 —
1323 2445 1332 2459 ²
1350 2445 1431 2474 Prota,
1450 2451 1486 2474 111,
1502 2446 1524 2468 9.
1546 2458 1575 2462 -
1591 2446 1599 2458 ³
1617 2445 1705 2475 mclxx,
1723 2452 1812 2477 xxxiv,

1043 2480 1081 2509 21,
1093 2480 1132 2503 23.
1143 2491 1172 2496 —
1187 2479 1197 2494 ⁴
1209 2480 1294 2509 Greg„
1313 2479 1404 2509 Epist„
1420 2480 1463 2503 lib.
1481 2486 1525 2507 vu,
1539 2481 1611 2510 epist.
1631 2487 1712 2505 Cx.—
1725 2482 1734 2499 ⁵
1746 2483 1812 2512 Luc„

1044 2520 1079 2544 x1‚
1095 2516 1132 2538 41.
1148 2526 1173 2530 -
1193 2514 1202 2527 ⁶
1218 2514 1284 2543 Luc„
1308 2520 1346 2543 ιιι,
1367 2516 1389 2539 8.
1409 2528 1439 2532 -
1456 2515 1466 2531 '¹
1485 2515 1551 2543 Lac,
1567 2521 1619 2546 xvi,
1635 2518 1657 2540 9.
1670 2529 1699 2534 —
1715 2516 1726 2534 ⁸
1739 2519 1813 2549 Aug.¹

1042 2556 1119 2574 serm.
1140 2555 1181 2580 M,
1201 2549 1232 2573 al.
1253 2555 1308 2577 ιιι,
1329 2556 1354 2572 n.
1374 2549 1447 2579 7;de
1465 2550 1530 2574 verb.
1553 2551 1621 2575 Dom.
1638 2558 1714 2575 serm.
1736 2558 1818 2582 xxxv,

1043 2592 1065 2609 c.
1083 2590 1122 2615 111,
1135 2584 1166 2609 al.
1183 2591 1258 2608 serm.
1275 2589 1350 2614 cx111,
1365 2590 1390 2608 n.
1406 2587 1428 2608 3.

1835 1106 1926 1131 Quaesli0

1829 1136 1931 1157 lateralis.
