2017 2948
43 2127 130 2150 Divisio.

808 128 993 160 DISTINCT.
1017 128 1082 159 VH.
1681 133 1737 162 39⁹

153 195 326 229 chrismate
339 197 467 240 signare
482 196 517 229 in
531 196 648 229 fronte.
666 194 781 229 Virtus
799 200 909 229 autem
932 195 1031 240 hujus
1051 195 1245 228 sacramenti
1269 199 1316 228 est
1330 195 1463 230 donatio
1477 196 1622 241 Spiritus
1635 197 1740 231 sancti

154 253 193 286 ad
213 254 334 296 robur,
357 254 415 299 qui
439 254 473 287 in
498 254 657 297 baptismo
682 253 777 287 datus
803 258 849 286 est
872 253 911 286 ad
936 254 1170 286 remissionem.
1193 252 1287 286 Unde
1310 253 1465 287 Rabanus
1481 258 1488 274 ¹
1506 267 1513 286 :
1534 256 1595 288 «A
1609 266 1737 289 summo

154 311 316 344 sacerdote
343 323 400 356 per
427 311 666 355 impositionem
694 322 811 343 manus
838 311 1020 344 Paraclitus
1046 310 1186 343 traditur
1213 310 1393 355 baptizato,
1418 315 1455 344 ut
1482 312 1654 345 roboretur
1681 324 1738 358 per

155 368 316 413 Spiritum
331 373 479 401 sanctum
492 368 532 401 ad
551 368 793 413 praedicandum
809 368 882 401 aliis
898 369 979 401 illud
993 395 1000 409 ,
1018 368 1106 412 quod
1121 368 1187 412 ipse
1202 368 1237 401 in
1258 368 1419 413 baptismo
1434 373 1625 402 consecutus
1640 373 1698 403 est.
1714 384 1730 402 »

154 426 254 458 ltem²
267 438 274 458 ε
293 439 309 458 ε(
325 426 444 459 Omnes
459 425 571 458 fideles
585 437 642 469 per
657 437 774 458 manus
788 426 1029 470 impositionem
1045 427 1278 470 Episcoporum
1293 430 1365 470 post
1378 426 1579 471 baptismum
1594 427 1738 471 accipere

154 483 273 516 debent
288 483 447 528 Spiritum
462 487 609 516 sanctum
620 509 628 525 ,
646 487 682 516 ut
698 483 786 527 pleni
801 483 970 516 christiani
984 484 1208 517 inveniantur.
1228 497 1244 515 »

196 541 410 573 Melehiades³
424 553 430 572 ε
452 540 596 573 «Scitote
613 545 790 585 utrumque
806 552 872 573 esse
888 552 1045 585 magnum
1061 546 1314 583 sacramentum,
1325 542 1380 575 sed
1396 554 1501 575 unum
1511 542 1628 587 majori
1643 554 1740 576 vene-

151 599 275 631 ratione
289 599 480 640 tenendum,
497 599 579 631 sicut
595 611 613 630 a
624 599 800 642 majoribus
815 599 922 631 datur.
940 613 955 629 »
971 599 1049 631 Ecce
1061 599 1167 643 majus
1177 599 1255 632 dicit
1270 605 1508 633 sacramentum
1523 599 1740 634 confirmatio-

150 656 200 688 nis
217 668 223 688 :
246 656 300 689 sed
317 656 397 689 torte
417 667 482 689 non
499 656 540 689 ob
557 656 712 700 majorem
733 658 888 689 virtulem
905 661 935 689 et
949 657 1124 689 utilitatem
1139 668 1237 701 quam
1253 657 1414 699 conferat,
1431 657 1486 690 sed
1502 658 1580 703 quia
1594 670 1613 691 a
1633 658 1740 702 digni-

150 713 261 746 oribus
274 714 381 753 ‹latur‚
397 718 428 746 et
442 714 477 746 in
491 714 632 756 digniori
649 718 737 757 parte
753 715 895 758 corporis
910 714 959 755 fit,
971 714 1090 747 scilicet
1101 715 1134 747 in
1144 714 1267 755 fronte3
1283 715 1332 747 vel
1349 715 1431 748 forte
1445 716 1524 760 quia
1539 716 1644 760 majus
1659 728 1740 760 aug-

150 775 297 803 mentum
320 771 479 804 virtutum
503 776 648 816 praestat,
666 772 739 804 licet
759 772 940 815 baptismus
964 772 1036 816 plus
1060 772 1100 805 ad
1121 773 1343 805 remissionem
1364 774 1481 806 valeat.
1498 773 1593 813 Quod
1608 774 1738 807 videtur

149 827 286 860 innuere
303 828 459 861 Rabanus
473 829 584 861 dicens
598 831 608 846 '⁴
626 842 632 860 :
646 843 661 860 a
679 830 716 862 In
730 830 882 861 unctione
896 830 1049 873 baptismi
1064 830 1224 874 Spiritum
1240 830 1431 863 descendere
1446 832 1486 863 ad
1503 831 1735 865 habitationem

148 886 215 919 Deo
230 887 503 929 consecrandum
522 888 555 920 in
576 887 636 920 hac
650 899 727 920 vero
751 887 896 931 ejusdem
917 888 1139 931 septiformem
1165 888 1303 930 gratiam
1323 899 1398 920 cum
1417 889 1507 921 omni
1531 889 1734 932 plenitudine

149 944 327 976 sanctitatis
341 948 372 976 et
388 945 519 977 virtutis
533 945 643 978 venire
660 945 693 977 in
709 945 888 977 hominem.
906 958 921 975 »
941 948 950 963 ⁵
964 945 1033 977 Hoc
1051 949 1289 978 sacramentum
1305 950 1432 978 tantum
1447 946 1516 990 ajej
1524 946 1598 979 unis
1612 947 1712 991 accipi
1726 974 1732 988 ,

151 1004 182 1032 et
194 1001 316 1045 jejunis
333 1002 415 1034 tradi
434 1002 546 1044 debet,
563 1003 645 1035 sicut
661 1007 691 1035 et
705 1002 906 1046 baptismus,
924 1002 987 1034 nisi
1000 1002 1094 1035 aliter
1107 1006 1200 1045 cogat
1215 1003 1395 1036 necessitas
1412 1003 1478 1036 Nec
1492 1004 1586 1037 debet
1604 1004 1733 1047 iterari,

154 1059 237 1092 sieut
251 1071 309 1092 nec
325 1059 502 1104 baptismus
515 1086 522 1100 ‚
539 1060 590 1092 vel
606 1060 696 1093 ordo.
724 1059 815 1092 Nulli
835 1060 920 1092 enim
938 1065 1139 1093 sacramento
1154 1061 1302 1093 facienda
1323 1065 1370 1093 est
1386 1061 1507 1105 injuria
1529 1074 1535 1094 :
1559 1062 1647 1106 quod
1669 1063 1741 1095 fieri

149 1121 301 1161 putatur,
324 1118 454 1160 quando
470 1129 535 1150 non
552 1118 739 1150 iterandum
759 1118 910 1150 iteratur.
937 1118 999 1150 Sed
1016 1122 1127 1151 utrum
1143 1118 1255 1162 aliqua
1278 1119 1329 1151 vel
1345 1119 1438 1151 nulla
1458 1119 1569 1152 iterari
1585 1120 1708 1164 possint
1725 1146 1733 1161 ‚

150 1176 286 1217 qua‘stio
302 1179 359 1207 est.
376 1174 459 1207 Nam
482 1175 521 1207 de
542 1175 702 1220 baptismo
718 1180 748 1208 et
766 1176 879 1208 ordine
893 1202 900 1216 ‚
918 1176 1003 1219 quod
1022 1187 1087 1208 non
1102 1176 1241 1208 debeant
1260 1176 1390 1217 iterari,
1407 1180 1516 1220 aperte
1531 1177 1737 1220 Augustinus

148 1231 228 1263 (licit
241 1239 251 1254 ⁶
267 1244 272 1263 z
293 1245 309 1263 α
326 1232 511 1277 Utrumque
535 1237 774 1265 sacramentum
799 1237 866 1273 est,
884 1237 915 1265 et
938 1233 1081 1277 quadam
1101 1233 1341 1266 consecratione
1357 1233 1454 1266 datur
1473 1246 1479 1266 :
1498 1234 1580 1267 illud
1603 1235 1735 1278 quidem

147 1300 221 1321 enm
237 1289 442 1333 baptizatum
461 1290 543 1322 illud
569 1301 664 1331 vero,
682 1302 754 1323 cum
778 1290 961 1323 ordinatur.
989 1291 1131 1335 Ideoque
1154 1290 1188 1323 in
1213 1290 1354 1323 Ecclesia
1377 1291 1536 1324 catholica
1559 1296 1738 1336 utrumque

148 1358 213 1379 non
242 1347 316 1380 licet
344 1347 472 1388 iterari,
490 1348 568 1392 quia
584 1348 693 1380 neutri
709 1348 853 1380 facienda
878 1352 924 1380 cst
948 1348 1081 1392 injuria.
1100 1361 1116 1379 »
1135 1348 1228 1388 Quod
1242 1348 1466 1381 indubitanter
1481 1349 1579 1382 etiam
1603 1350 1642 1382 de
1662 1361 1738 1383 con-

148 1404 333 1437 firmatione
357 1405 534 1438 tenendum
563 1410 619 1438 est.
648 1405 693 1438 De
717 1406 789 1438 aliis
816 1417 910 1444 vero,
937 1410 1050 1439 utrum
1076 1406 1187 1439 iterari
1212 1405 1342 1438 valeant
1366 1406 1418 1438 vel
1444 1406 1599 1448 debeant,
1628 1411 1737 1451 postea

147 1460 354 1494 dissaremns.

191 1519 368 1559 Gregorius
381 1520 429 1552 ita
449 1520 559 1552 scribit
573 1520 729 1553 Januario
750 1521 929 1565 Episcopo⁷
946 1533 956 1554 .·
976 1521 1161 1554 «Pervenit
1184 1522 1224 1554 ad
1244 1534 1302 1555 nos
1325 1522 1484 1567 quosdam
1504 1523 1736 1556 scandalizatos

147 1577 247 1610 fuisse
268 1578 356 1619 quod
382 1589 438 1622 per
456 1578 660 1622 presbyteros
682 1579 854 1611 chrismate
878 1583 1011 1622 tangere
1035 1591 1088 1612 eos
1104 1579 1162 1624 qui
1179 1579 1333 1624 baptizati
1349 1584 1426 1613 sunt
1442 1581 1683 1624 prohibuimus.
1700 1581 1739 1614 Et

147 1646 205 1667 nos
226 1635 359 1679 quidem
382 1635 562 1669 secundum
578 1641 720 1668 veterem
744 1648 840 1669 usum
856 1640 972 1670 nostrae
986 1636 1133 1670 Ecclesiae
1155 1637 1302 1671 fecimus.
1324 1638 1388 1670 Sed
1412 1639 1439 1670 si
1462 1638 1596 1671 omnino
1617 1638 1656 1671 de
1680 1639 1740 1672 hac

146 1704 180 1725 re
196 1693 299 1737 aliqui
315 1693 549 1726 contristantur
565 1719 572 1734 ,
589 1693 645 1726 ubi
663 1693 800 1738 episcopi
817 1694 952 1735 desunt,
970 1699 1007 1727 ut
1021 1695 1200 1739 presbyteri
1215 1696 1312 1728 etiam
1335 1696 1368 1728 in
1384 1695 1547 1729 frontibus
1562 1696 1739 1741 baptizatos

145 1751 317 1783 chrismate
341 1755 472 1794 tangere
486 1751 642 1793 debeant,
659 1751 876 1785 concedimus.
894 1766 911 1784 »
931 1752 995 1786 Sed
1018 1752 1106 1785 istud
1131 1764 1189 1796 pro
1211 1753 1364 1786 scandalo
1383 1753 1524 1787 sedando
1544 1754 1641 1786 semel
1659 1753 1740 1786 mihi

146 1819 333 1841 concessum
348 1819 415 1840 esse
433 1809 624 1842 aestimatur.

335 1955 540 1987 EXPOSITIO
562 1954 727 1986 TEXTUS.

167 2038 237 2060 Nunc
251 2036 281 2060 de
297 2038 456 2060 sacramento
473 2035 672 2060 confirmationis
687 2035 832 2060 addendum
847 2037 893 2060 est.

186 2116 260 2147 Haec
273 2118 320 2146 est
331 2117 467 2147 secunda
480 2126 553 2156 pars
568 2116 665 2156 hujus
678 2116 787 2156 partis,
804 2116 836 2145 in
852 2124 916 2154 qua

145 2168 295 2207 Magister
309 2168 378 2208 agit
391 2169 428 2199 dc
440 2169 644 2200 sacramentis
659 2169 832 2199 secundum
848 2177 915 2207 sep-

146 2225 208 2253 tem
222 2222 424 2253 differentias.
442 2222 546 2262 Supra
569 2224 652 2253 enim
675 2223 743 2261 egit
762 2221 914 2260 Magister

144 2275 182 2305 dc
205 2275 372 2314 baptismo,
396 2276 451 2315 qui
477 2279 524 2306 est
551 2277 672 2315 primus
698 2277 780 2306 inter
808 2285 911 2306 saera-

144 2330 270 2366 menta3
288 2328 338 2358 hic
359 2328 427 2366 agit
446 2328 484 2359 de
498 2329 736 2359 confirmatione
755 2337 763 2357 :
783 2330 814 2358 et
834 2337 914 2367 quo-

142 2381 228 2411 niam
246 2382 306 2411 tria
331 2383 377 2411 cst
400 2381 597 2412 considerare
621 2382 703 2412 circa
725 2381 785 2412 hoc
808 2391 911 2412 sacra-

174 2462 224 2484 'De
237 2461 393 2483 minitatione
405 2460 465 2489 cler,
482 2460 523 2483 lib.
541 2460 556 2488 l,
572 2468 593 2483 c.
606 2467 670 2490 κως
684 2461 713 2482 dr·
729 2462 798 2484 Com.
814 2461 871 2484 dist.
890 2469 914 2489 v,

142 2503 197 2526 cup.
220 2496 366 2519 Nom‘ssnnv.
378 2509 407 2512 —
423 2496 431 2510 ²
446 2496 453 2518 Ι
468 2496 502 2518 rb.
522 2496 540 2517 l.
562 2496 620 2525 l‘up.
641 2496 665 2518 in
686 2497 760 2526 Epist.
778 2497 807 2519 ad
824 2504 913 2519 uului-s

141 2531 308 2560 Christianos,
324 2531 395 2561 nujus
417 2531 535 2553 initium:
555 2531 655 2558 snam„
673 2534 730 2561 vlia,
750 2531 813 2554 elcwxst
833 2539 914 2554 oneum·

142 2567 310 2593 Christiano&
327 2570 352 2590 ct
363 2566 392 2589 (le
410 2568 482 2589 (sous.
498 2566 555 2589 dist.
579 2573 602 2595 v,
623 2571 710 2589 hnzwxs
727 2566 821 2596 fideles,
847 2567 914 2590 eirca

140 2602 219 2633 med„
234 2604 260 2626 et.
271 2602 377 2627 habetur
391 2602 420 2625 (le
435 2602 517 2632 Cous..
532 2601 590 2625 dist..
605 2607 628 2632 ν,
647 2608 702 2632 cap.
720 2602 754 2625 De
764 2602 803 2625 his
817 2609 914 2626 vero.—

973 1957 1133 1994 mentum,
1146 1956 1250 1995 primo
1265 1965 1301 1987 ea
1311 1966 1384 1997 quae
1397 1959 1538 1996 spectant
1551 1958 1591 1988 ad
1605 1958 1743 1989 ministri

973 2009 1177 2048 dignitatem,
1194 2010 1330 2040 secundo
1351 2010 1537 2049 efficaciam⁷
1560 2012 1652 2042 tertio
1669 2021 1744 2043 vero

972 2072 1087 2099 usum3
1105 2062 1174 2093 ideo
1199 2072 1271 2102 pars
1295 2063 1354 2094 ista
1375 2066 1436 2094 tres
1451 2064 1546 2095 habet
1562 2065 1741 2104 particulas.

972 2114 1009 2145 In
1024 2115 1126 2154 prima
1139 2118 1227 2155 parte
1237 2116 1304 2154 agit
1314 2116 1353 2146 de
1365 2116 1425 2147 hoc
1437 2120 1634 2149 sacramento
1644 2128 1744 2158 quan-

971 2170 1041 2198 tum
1057 2168 1096 2198 ad
1111 2168 1344 2207 integritatem;
1366 2170 1398 2199 in
1413 2171 1567 2209 secunda,
1585 2175 1741 2211 quantum

971 2221 1010 2251 ad
1038 2221 1210 2251 efficaciam
1230 2223 1260 2251 et
1285 2222 1455 2260 virtutem,
1471 2223 1513 2253 ibi
1531 2235 1537 2254 :
1563 2224 1673 2256 Virtus
1688 2233 1743 2256 αιι-

972 2277 1032 2306 lem
1048 2273 1145 2313 liujus
1160 2275 1357 2306 sacrementi
1376 2279 1421 2307 est
1444 2276 1578 2309 donatio
1602 2279 1742 2317 Spiritus

971 2327 1073 2359 sancti
1082 2327 1125 2358 ad
1137 2327 1231 2358 robur
1239 2336 1253 2366 ,·
1266 2327 1297 2357 in
1309 2329 1400 2359 tertia
1410 2333 1565 2369 quantum
1581 2331 1618 2362 ad
1632 2341 1739 2369 usum,

971 2426 979 2441 1⁸·
994 2425 1154 2453 lecliiaulws,
1170 2425 1195 2448 iu
1211 2425 1316 2455 vpistolzt
1335 2428 1364 2449 ml
1382 2427 1448 2457 lli-p.
1469 2429 1613 2459 ''31³²-'“’l¹¹¹³-
1629 2443 1658 2446 -
1677 2431 1682 2443 ³
1699 2431 1742 2453 11⁵1-

971 2462 1019 2483 buli
1036 2479 1041 2489 ‚
1067 2461 1107 2483 uti
1132 2468 1207 2490 supra
1219 2479 1224 2489 ⁷
1247 2464 1267 2482 ct
1294 2462 1410 2491 luilwtizr,
1438 2463 1466 2485 lli:
1492 2466 1613 2489 (jansen-u
1638 2465 1694 2489 dist.
1719 2473 1741 2492 v,

970 2504 982 2519 c
1009 2496 1154 2519 Suffusae,
1167 2509 1195 2512 —
1211 2498 1218 2510 ⁵¹
1236 2498 1269 2519 ltu
1282 2497 1311 2519 (le
1325 2500 1446 2524 [unwan.
1462 2498 1518 2521 ‹li-2.
1537 2505 1559 2527 v,
1578 2507 1597 2523 ι·.
1618 2501 1646 2521 Ι”Ι
1657 2502 1741 2530 :pi-n„

971 2534 995 2554 vt
1011 2538 1032 2554 n.
1049 2532 1076 2553 11ae
1087 2531 1181 2561 jejuni,
1197 2533 1245 2554 etc.
1262 2532 1359 2555 bnt-ium
1376 2536 1419 2555 ml,
1435 2548 1440 2549 ν
1458 2535 1484 2549 Αἱ
1496 2536 1570 2564 Arm„
1591 2537 1652 2559 wal,
1669 2544 1697 2567 ‘¹1¹
1712 2538 1740 2559 st.

971 2568 1142 2596 lua-nannum,
1161 2567 1204 2589 lib.
1222 2567 1251 2593 ΙΙ,
1269 2575 1291 2590 c.
1308 2572 1364 2597 xlii,
1382 2575 1406 2591 u.
1425 2571 1463 2592 28.
1477 2581 1504 2586 ·—-
1518 2569 1526 2585 '¹
1539 2572 1625 2600 meg„
1641 2571 1684 2595 lib.
1702 2572 1742 2602 ΙΙΙ,

971 2602 1046 2632 epist.
1064 2607 1134 2625 xxvi.

1757 849 1787 869 De
1800 850 1861 869 modu

1754 882 1864 903 conseren-

1755 914 1784 933 di.

1758 1536 1843 1558 Notula.
