2017 2948
154 1640 186 1661 Ite
196 1656 201 1665 ,
211 1640 260 1660 mis-

153 1708 191 1722 cur
218 1708 260 1722 non

164 1733 247 1752 dicatur

155 1763 176 1783 in
194 1764 260 1789 quali<

155 1794 190 1814 bet
197 1801 260 1814 missa

253 125 310 154 54⁶.)

252 189 348 219 ficiat.
373 188 487 218 Contra
509 186 569 217 hoc
590 187 655 223 est,
679 184 763 224 quod
787 183 868 214 actio
891 182 951 212 ista
975 183 1021 212 est

253 239 383 270 omnino
399 247 495 277 supra
510 238 659 268 naturam
674 235 862 273 angelicam.

296 292 386 332 Resp.
413 291 582 322 Dicendum
602 289 687 329 quod
712 287 807 327 (sicut
826 285 971 324 tangitur
991 285 1023 314 in

255 346 367 382 littera)
384 345 480 374 missa
499 343 630 380 dicitnr,
649 341 724 381 quia
742 339 876 369 mittitur
891 337 1024 368 coelestis

257 399 382 428 missus.
400 397 535 427 Coelcstis
561 396 617 425 iste
639 394 753 424 missus
779 392 876 430 (sicut
896 390 1024 429 exponit

258 451 468 488 innocentius}
483 452 527 479 est
539 447 646 485 magni
657 445 776 476 consilii
788 444 941 482 Angelus.
954 443 1023 479 iste⁷

257 506 398 545 inquam,
411 503 545 533 mittitur
554 501 592 531 ad
606 499 865 534 consecrandum,
881 497 956 536 quia
968 497 1025 526 isle

257 561 303 589 cst
317 557 457 588 sacerdo<
475 554 651 591 invisibilis,
669 553 722 592 qui
735 553 897 582 consecrat
910 552 941 580 et
957 559 1027 580 con—

258 611 322 641 ficit
336 611 393 640 hoc
407 610 655 643 sacramentum,
671 606 865 644 ubicumque
884 603 1028 633 conficia-

258 667 330 694 tur:
357 663 441 693 unde
461 661 545 692 valet
569 661 621 690 illa
646 659 726 689 ratio
756 658 787 687 in
814 656 1026 691 contrarium,

258 726 355 757 quam
372 716 410 755 (a)
429 715 535 754 objicit
548 714 586 745 de
601 713 745 751 angelico
756 710 930 741 ministerio
943 720 949 739 ;
964 718 1027 739 non

258 773 383 800 tantum
393 769 479 799 enim
490 771 535 798 est
550 768 600 797 liic
616 766 734 801 missio,
745 765 796 795 sed
814 764 909 794 etiam
921 762 1029 792 missio

259 822 403 853 sacrificii
419 822 456 852 nd
479 821 574 851 ileum
592 829 647 859 per
668 826 832 849 summum
854 815 1028 854 Angelum,

260 876 376 907 scilicet
387 875 556 911 Christum,
571 872 787 903 assistentibus
799 869 925 908 magnis
934 878 1030 907 ange-

260 930 316 960 lis:
335 932 463 969 propter
479 927 562 967 quod
580 927 611 956 in
628 927 690 956 fine
706 925 832 961 dicitur,
850 923 916 960 Ite,
932 923 1031 953 missa

262 987 330 1015 est:
345 985 375 1013 et
398 985 524 1022 propter
543 981 602 1010 hoc
622 980 718 1010 missa
737 980 819 1009 recte
834 976 1030 1016 appellatur:

262 1037 348 1066 unde
363 1035 457 1073 Hugo
472 1036 479 1051 ¹
496 1045 503 1065 2
527 1046 540 1062 ιι
564 1033 573 1063 1
579 1043 633 1073 psa
648 1032 751 1062 hostia
767 1040 854 1061 sacra
868 1029 965 1059 missa
980 1037 1034 1058 vo-

263 1089 327 1120 cari
349 1090 450 1128 potest
464 1110 471 1122 ,
495 1087 569 1127 quia
596 1085 780 1116 transmissa
802 1086 850 1114 est
874 1083 1031 1122 primum,

264 1143 380 1173 scilicet
395 1151 413 1171 a
428 1141 530 1177 Patre,
543 1143 579 1169 ut
596 1140 677 1169 esset
691 1138 858 1168 nobiscum
870 1159 879 1173 ,
895 1138 1002 1175 postea
1017 1144 1036 1165 a

266 1196 356 1226 nobis
372 1194 478 1232 Patri,
494 1196 529 1224 ut
545 1192 629 1232 apud
650 1192 775 1222 Patrem
800 1198 858 1229 pro
882 1188 972 1219 nobis
993 1188 1038 1218 in-

267 1249 438 1279 tercederet
452 1258 458 1278 ;
476 1247 616 1286 primum
629 1255 647 1275 a
658 1244 749 1275 Patre
764 1243 855 1273 nobis
867 1252 922 1282 per
936 1242 1037 1272 incar-

267 1303 445 1338 nationem3
463 1299 639 1330 seeundum
660 1307 678 1327 a
692 1297 782 1327 nobis
797 1296 881 1327 Patri
897 1305 952 1335 per
968 1304 1037 1335 pas-

268 1357 400 1386 sionem.
426 1353 575 1384 Similiter
596 1352 628 1381 in
647 1352 841 1381 sacramento
864 1350 1003 1389 primum
1019 1358 1038 1378 a

270 1410 362 1441 Patre
377 1408 467 1438 nohis
483 1416 538 1446 per
553 1405 843 1440 sanctificationem,
858 1413 922 1443 qua
937 1403 1039 1433 nobis-

270 1472 344 1494 cum
361 1471 428 1492 esse
446 1459 593 1499 incoepit;
611 1461 717 1497 postea
732 1469 750 1487 a
772 1457 863 1487 nobis
884 1456 969 1487 Patri
986 1465 1041 1496 per

272 1515 481 1551 oblationem,
500 1523 563 1552 qua
578 1522 634 1552 pro
654 1511 741 1541 nobis
757 1510 931 1540 intercedit.
946 1521 959 1538 n
980 1510 1041 1540 Sed

272 1571 349 1600 tunc
363 1571 409 1598 est
427 1566 560 1607 quaestio
571 1589 578 1601 ,
599 1575 697 1604 (piare
713 1573 776 1594 non
791 1564 905 1594 dicitur
926 1563 958 1593 in
979 1564 1042 1592 line

273 1622 440 1662 cujuslibet
460 1620 584 1651 missae:
600 1619 646 1650 Ite
658 1642 665 1655 ‚
684 1619 781 1649 missa
802 1621 859 1649 est.
880 1616 973 1656 Rcsp.
991 1616 1040 1645 ‹li-

274 1676 408 1706 cendum
439 1674 523 1713 quod
553 1673 611 1703 etsi
640 1671 790 1711 quaelibet
818 1670 914 1700 missa
939 1671 1042 1699 totum

274 1739 388 1769 corpus
403 1727 515 1758 Christi
530 1726 698 1766 mysticum
717 1724 872 1763 respiciat,
887 1722 968 1753 sicut
986 1731 1042 1761 pa-

275 1786 317 1812 tet
332 1791 388 1822 per
399 1781 553 1820 triplicem
564 1779 675 1810 hostiae
690 1778 891 1818 partitionem
902 1787 909 1813 ;
922 1779 1041 1813 tamen,

275 1834 449 1865 secundum
464 1833 557 1863 istam
572 1831 780 1862 differentiam
792 1829 959 1868 triplicem,
973 1837 1045 1858 con-

275 1888 369 1926 tingit
396 1887 507 1916 missas
529 1884 693 1924 tripliciter
717 1881 926 1922 appropriari.
954 1879 1046 1917 Quae-

276 1941 349 1970 dam
365 1940 448 1969 enim
464 1938 663 1969 celebrantur
678 1935 882 1975 spiritualiter
895 1934 933 1964 ad
948 1933 1047 1963 hono-

278 2002 344 2023 rem
367 1993 573 2029 Sanctorum;
596 1993 626 2021 et
647 1990 723 2030 quia
745 1989 803 2029 ipsi
829 1990 902 2019 sunt
923 1987 956 2017 iu
978 1989 1046 2017 tuto

275 2048 354 2086 jam,
384 2049 414 2077 et
442 2049 516 2076 sunt
542 2054 649 2076 coram
680 2045 752 2081 Deo,
778 2043 848 2074 ideo
876 2042 909 2072 in
930 2041 1047 2072 talibus

279 2099 458 2130 licentiatur
486 2098 632 2138 populus,
657 2099 688 2127 et
716 2097 786 2127 ideo
814 2095 948 2125 dicitur:
980 2095 1045 2131 Ite,

280 2155 378 2184 missa
388 2156 433 2184 est
439 2152 548 2191 ,quasi
565 2163 570 2181 :
587 2151 766 2181 «Festinate
780 2148 906 2188 ingredi
918 2148 948 2178 in
961 2148 1047 2178 illam

280 2207 434 2245 requiem.
452 2217 466 2233 »
495 2205 646 2241 Quaedam
668 2203 842 2242 specialiter
856 2202 895 2232 ad
916 2201 1049 2231 salutem

280 2260 431 2290 vivorum
445 2270 452 2296 ;
470 2261 500 2289 et
514 2258 590 2297 quia
605 2266 669 2287 non
682 2266 793 2287 sumus
807 2255 882 2286 certi
897 2255 935 2286 de
950 2254 1050 2284 salute

282 2315 399 2349 nostra,
416 2312 486 2341 ideo
501 2311 653 2341 debemus
668 2310 816 2340 continue
831 2308 955 2339 solliciti
969 2316 1050 2343 esse,

282 2373 322 2393 ne
348 2372 404 2403 per
427 2364 568 2392 nostram
593 2361 756 2400 ignaviam
777 2360 810 2390 in
833 2359 925 2390 nobis
946 2359 1052 2389 missae

283 2416 420 2447 efficacia
433 2416 599 2447 evanescat
616 2425 622 2443 :
644 2413 714 2444 ideo
728 2413 844 2443 dicitur
863 2413 895 2443 in
911 2412 1007 2443 missa
1020 2411 1051 2441 in

322 2516 327 2530 ¹
341 2515 417 2545 ilug.,
432 2521 457 2544 p.
476 2513 517 2543 tx,
539 2520 560 2536 c.
577 2518 630 2536 xiv.
643 2524 674 2529 —-
688 2512 695 2525 ²
710 2510 777 2534 Psal.
795 2516 892 2540 xxxni,
914 2513 935 2535 1.
949 2524 979 2528 -
993 2510 1003 2526 ³
1019 2510 1055 2535 lbi

286 2556 338 2574 non
359 2551 411 2579 est,
436 2548 481 2573 sed
504 2548 589 2579 colligi
614 2549 697 2577 potest
719 2553 750 2569 ex
776 2546 856 2570 initio.
878 2559 904 2563 -
925 2546 934 2562 ⁴
955 2546 1054 2576 lsidor.,

288 2584 408 2616 Etymol.‚
423 2585 466 2608 lib.
482 2584 549 2614 thl,
564 2590 587 2607 c.
605 2588 643 2608 in,
655 2595 685 2601 —
703 2583 713 2600 ⁵
728 2583 802 2613 Aug„
822 2582 902 2612 Epist.
922 2587 1007 2611 cun,
1021 2581 1054 2604 al.

808 112 1115 147 SENTENTIARUM
1138 112 1212 143 LlB.
1237 111 1284 143 Ν.

1076 179 1152 217 sine,
1167 180 1255 210 omni
1268 181 1413 218 tempore
1429 189 1436 209 :
1453 177 1680 210 Benedicamus
1692 178 1844 214 Domino,

1078 232 1252 263 secundum
1266 232 1343 262 illud
1360 231 1543 271 Prophetae¹
1562 241 1568 261 ε
1586 230 1775 262 Benedicam
1788 232 1846 263 Do-

1078 286 1201 316 minum
1225 287 1261 316 in
1283 286 1371 317 omni
1393 288 1535 323 tempore.
1557 283 1708 321 Quaedam
1727 284 1847 323 specia-

1078 338 1150 369 liter
1175 339 1213 369 ad
1242 338 1385 377 requiem
1413 337 1644 374 detunctorum,
1670 340 1700 367 et
1727 337 1760 366 in
1787 336 1848 367 illis

1079 392 1209 422 dicitur:
1229 392 1438 431 Requiescanc
1452 391 1486 421 ἰη
1495 399 1588 430 pace.

1396 485 1464 506 DUB.
1490 485 1534 506 IV.

1158 543 1194 567 Ne
1212 545 1296 566 autem
1314 543 1430 574 ignores,
1448 542 1509 574 quid
1525 542 1600 566 faciat
1616 541 1776 566 haereticum.

1123 604 1283 641 Quaeritur
1311 605 1395 635 unde
1422 605 1560 642 dicatur,
1591 607 1622 635 et
1649 613 1707 644 pro
1735 606 1853 644 quanto

1082 657 1204 688 dicatur
1217 658 1394 689 haereticus.
1407 656 1439 688 Si
1455 657 1540 688 enim
1558 657 1642 688 dicas
1656 657 1741 697 quod
1754 657 1854 688 haere-

1084 711 1162 741 ticus
1179 711 1292 741 dicitnr
1312 711 1386 750 qnia
1404 713 1502 747 errat,
1518 710 1579 740 hoc
1601 712 1647 740 est
1661 712 1770 740 contra
1784 711 1853 741 Au-

1084 764 1261 802 gustinum,
1291 764 1345 804 qni
1373 764 1446 794 dicit
1469 763 1572 803 primo
1589 763 1627 795 de
1651 763 1854 795 Trinitate³z

1089 829 1103 846 «
1120 817 1231 847 lssrrare
1250 820 1369 857 potero.
1391 829 1405 846 n
1424 816 1457 848 Si
1476 820 1513 847 tu
1535 817 1637 855 dicas,
1654 817 1737 857 quod
1752 817 1854 848 haere-

1085 870 1166 900 ticus
1187 870 1312 908 dicitur,
1329 870 1404 910 quia
1425 870 1569 901 diversus
1589 880 1608 901 a
1631 870 1857 901 communione

1087 923 1244 960 fidelium3
1275 932 1352 962 ergo
1383 923 1676 954 excommunicatus
1701 925 1732 953 et
1760 923 1858 953 schis-

1088 976 1220 1006 maticus
1233 976 1293 1006 dici
1308 977 1399 1006 dehet
1409 976 1588 1007 haereticus.
1603 976 1764 1013 Quaeritur
1778 984 1858 1015 ergo

1088 1038 1145 1069 pro
1155 1032 1275 1069 quanto
1286 1030 1358 1069 quis
1372 1030 1494 1061 dicatur
1509 1029 1688 1067 haereticus,
1701 1032 1732 1060 et
1747 1029 1781 1059 in
1795 1037 1859 1068 quo

1089 1083 1236 1113 differant
1250 1083 1392 1121 haeresis,
1410 1086 1504 1119 secta,
1521 1086 1551 1113 et
1566 1082 1757 1123 superstitio.

1132 1137 1222 1177 Resp.
1240 1138 1326 1168 Sicut
1344 1138 1417 1167 dicit
1434 1137 1570 1168 isidorus
1588 1137 1621 1166 in
1636 1136 1715 1166 libro
1730 1136 1862 1175 Elymo-

1091 1191 1248 1230 loyiarum
1259 1193 1268 1208 ⁸
1276 1201 1286 1224 ,·
1298 1202 1312 1219 α
1323 1190 1496 1221 Haereticus
1510 1190 1623 1220 dicitur
1637 1190 1676 1220 ab
1691 1189 1806 1220 lueresi
1823 1189 1860 1228 (b)

1093 1252 1213 1282 graece,
1232 1243 1316 1282 quod
1337 1246 1383 1273 est
1404 1243 1512 1273 electio
1528 1243 1642 1273 latine:
1663 1245 1693 1273 et
1714 1242 1863 1281 quamvis

1093 1297 1202 1328 electio
1216 1297 1256 1326 sit
1278 1297 1366 1327 bonis
1382 1297 1533 1335 malisque
1550 1295 1741 1333 communis,
1757 1297 1864 1325 tamen

1094 1351 1264 1381 haereticus
1280 1350 1345 1389 ipse
1362 1359 1426 1380 non
1438 1359 1476 1379 ex
1493 1349 1574 1379 dono
1589 1348 1654 1386 Dei,
1671 1348 1725 1378 sed
1740 1357 1779 1378 ex
1795 1356 1865 1387 pro-

1096 1404 1166 1444 pria
1182 1404 1367 1434 auctoritate
1385 1406 1415 1434 et
1431 1412 1471 1433 ex
1490 1402 1619 1442 proprio
1640 1411 1735 1432 sensu
1754 1400 1866 1440 accipit

1096 1457 1235 1497 aliquam
1252 1457 1439 1487 sententiam
1460 1456 1581 1486 falsam.
1598 1454 1679 1486 Nam
1695 1463 1790 1485 omne
1806 1462 1866 1485 ve-

1096 1520 1168 1540 rum
1187 1520 1205 1540 a
1220 1510 1339 1549 Spiritu
1357 1512 1465 1539 sancto
1484 1511 1545 1546 est,
1567 1518 1585 1538 a
1604 1516 1806 1548 quocumque
1818 1506 1867 1537 di-

1096 1567 1196 1594 catur.
1214 1564 1301 1594 Hanc
1313 1566 1420 1594 autem
1430 1572 1495 1593 non
1503 1563 1615 1593 dicitur
1625 1562 1753 1601 eligere,
1768 1569 1868 1601 quan-

1097 1617 1274 1656 documque
1307 1616 1455 1655 opinatur
1490 1615 1610 1654 aliquid
1646 1614 1776 1651 falsum3
1814 1612 1869 1644 sed

1097 1670 1223 1709 qnando
1238 1669 1353 1699 salsum
1365 1670 1528 1708 praeoptat,
1545 1670 1575 1698 et
1591 1666 1790 1706 pertinaciter
1806 1675 1869 1697 cre-

1099 1724 1154 1760 dit,
1171 1725 1201 1753 et
1216 1725 1346 1762 paratus
1360 1724 1407 1752 est
1419 1721 1594 1758 defendere,
1612 1720 1678 1750 sive
1689 1719 1756 1759 ipse
1769 1719 1869 1749 finxe-

1099 1776 1157 1814 rit,
1175 1776 1242 1806 sive
1257 1775 1350 1805 alius.
1368 1786 1382 1802 υ
1406 1773 1494 1804 Unde
1514 1773 1585 1803 talis
1605 1772 1749 1802 diffinitio
1768 1773 1868 1811 potest

1100 1829 1188 1860 dari:
1210 1828 1384 1860 llaereticus
1399 1830 1444 1858 est
1463 1827 1533 1866 qui,
1552 1825 1670 1857 divinae
1683 1825 1766 1864 legis
1780 1825 1871 1864 igno-

1100 1883 1203 1914 rantia
1215 1882 1265 1912 vel
1279 1884 1471 1920 contemptu,
1484 1880 1629 1920 pertinax
1638 1879 1786 1909 inventor
1801 1886 1872 1918 pro-

1102 1935 1161 1975 prii
1187 1935 1319 1971 erroris⁷
1347 1936 1402 1965 aut
1429 1933 1523 1964 alieni
1541 1934 1684 1969 sectator,
1710 1931 1872 1962 catholicae

1101 1989 1227 2020 veritati
1244 1987 1365 2018 mavult
1383 1986 1559 2024 adversari,
1575 1994 1670 2024 quam
1689 1984 1813 2023 subjici.
1835 1983 1874 2015 Et

1102 2043 1172 2073 haec
1191 2041 1336 2072 diffinitio
1362 2039 1530 2070 concordat
1558 2037 1684 2069 rationi.
1707 2036 1745 2068 Et
1773 2039 1808 2068 ut
1830 2037 1874 2068 ait

1102 2095 1306 2134 Augustinus
1316 2094 1342 2125 ¹:
1360 2106 1373 2123 «
1387 2094 1446 2130 Qui
1461 2092 1648 2124 sententiam
1663 2100 1754 2122 suam
1764 2099 1874 2131 quam·

1103 2149 1153 2180 vis
1163 2156 1344 2188 perversam
1354 2147 1443 2178 nulla
1453 2145 1605 2186 pertinaci
1613 2144 1813 2176 animositate
1823 2143 1876 2175 de-

1104 2202 1235 2232 fendunt
1243 2201 1360 2240 corrigi
1370 2200 1483 2240 parati,
1493 2207 1696 2239 nequaquam
1710 2199 1785 2228 sunt
1794 2197 1876 2228 inter

1104 2255 1269 2285 haereticos
1283 2252 1496 2292 computandi.
1512 2263 1526 2280 υ
1542 2251 1580 2282 Et
1592 2251 1697 2282 differt
1715 2249 1844 2281 haeresis
1857 2258 1876 2280 a

1105 2307 1287 2344 schismate,
1303 2306 1379 2345 quia
1391 2306 1460 2336 haec
1473 2307 1519 2335 est
1533 2306 1642 2335 contra
1653 2303 1761 2341 fidem,
1775 2302 1874 2333 schis-

1106 2369 1160 2390 ma
1177 2361 1283 2390 contra
1309 2368 1429 2396 mores,
1445 2358 1495 2389 vel
1513 2357 1682 2389 vinculum
1705 2354 1873 2387 charitatis,

1107 2412 1268 2443 Sententia
1286 2414 1395 2443 autem
1409 2413 1517 2442 contra
1537 2411 1633 2442 fidem
1651 2410 1771 2441 ratione
1787 2407 1876 2439 adin-

1109 2502 1181 2554 {171133
1200 2503 1226 2520 n.
1248 2498 1273 2526 ¹,
1292 2498 1316 2520 et
1333 2496 1440 2520 habetur
1455 2495 1482 2519 in
1499 2496 1609 2526 nectet„
1629 2498 1698 2523 xxiv.
1715 2499 1742 2524 q.
1757 2497 1800 2522 111,
1822 2498 1878 2522 cup.

1132 2539 1167 2555 1:21
1182 2548 1189 2556 ι

1142 2580 1177 2611 (α)
1193 2580 1254 2605 Coet.
1267 2580 1328 2604 edit.
1345 2587 1404 2612 qua.
1417 2592 1447 2598 —
1459 2580 1493 2610 (b)
1507 2579 1614 2603 haerescs.

1892 1837 1981 1858 floreti-

1885 1875 1922 1890 cus
1930 1869 1990 1896 quid.
