<?xml version="1.0" encoding="UTF-8"?>
<!DOCTYPE html PUBLIC "-//W3C//DTD XHTML 1.0 Transitional//EN"
    "http://www.w3.org/TR/xhtml1/DTD/xhtml1-transitional.dtd">
<html xmlns="http://www.w3.org/1999/xhtml" xml:lang="en" lang="en">
 <head>
  <title>
</title>
<meta http-equiv="Content-Type" content="text/html;charset=utf-8" />
  <meta name='ocr-system' content='tesseract 3.04.00' />
  <meta name='ocr-capabilities' content='ocr_page ocr_carea ocr_par ocr_line ocrx_word'/>
</head>
<body>
  <div class='ocr_page' id='page_1' title='image "./operaomniasixtiv05bonauoft/operaomniasixtiv05bonauoft_0735.png"; bbox 0 0 2017 2948; ppageno 0'>
   <div class='ocr_carea' id='block_1_1' title="bbox 214 203 910 2191">
    <p class='ocr_par' dir='ltr' id='par_1_1' title="bbox 221 203 478 227">
     <span class='ocr_line' id='line_1_1' title="bbox 221 203 478 227; baseline -0.008 0"><span class='ocrx_word' id='word_1_1' title='bbox 221 205 290 227; x_wconf 56' lang='lat' dir='ltr'>Dis&#39;r.</span> <span class='ocrx_word' id='word_1_2' title='bbox 309 208 351 226; x_wconf 72' lang='lat' dir='ltr'>xv.</span> <span class='ocrx_word' id='word_1_3' title='bbox 372 203 440 226; x_wconf 58' lang='lat' dir='ltr'>Paris</span> <span class='ocrx_word' id='word_1_4' title='bbox 461 208 478 225; x_wconf 86' lang='lat'>1.</span> 
     </span>
    </p>

    <p class='ocr_par' dir='ltr' id='par_1_2' title="bbox 219 238 455 268">
     <span class='ocr_line' id='line_1_2' title="bbox 219 238 455 268; baseline -0.004 -7"><span class='ocrx_word' id='word_1_5' title='bbox 219 238 347 268; x_wconf 82' lang='lat' dir='ltr'>Expositio</span> <span class='ocrx_word' id='word_1_6' title='bbox 362 239 455 261; x_wconf 81' lang='lat' dir='ltr'>textus.</span> 
     </span>
    </p>

    <p class='ocr_par' dir='ltr' id='par_1_3' title="bbox 218 271 907 338">
     <span class='ocr_line' id='line_1_3' title="bbox 218 271 907 301; baseline 0 -5"><span class='ocrx_word' id='word_1_7' title='bbox 218 275 281 296; x_wconf 75' lang='lat' dir='ltr'>Aur.</span> <span class='ocrx_word' id='word_1_8' title='bbox 296 279 315 296; x_wconf 86' lang='lat'>1.</span> <span class='ocrx_word' id='word_1_9' title='bbox 327 274 422 300; x_wconf 81' lang='lat' dir='ltr'>Quaest.</span> <span class='ocrx_word' id='word_1_10' title='bbox 443 275 465 295; x_wconf 86' lang='grc'>1.</span> <span class='ocrx_word' id='word_1_11' title='bbox 480 273 518 295; x_wconf 84' lang='lat' dir='ltr'>An</span> <span class='ocrx_word' id='word_1_12' title='bbox 535 271 656 301; x_wconf 84' lang='lat' dir='ltr'>possibile</span> <span class='ocrx_word' id='word_1_13' title='bbox 671 272 703 295; x_wconf 85' lang='lat' dir='ltr'>sit</span> <span class='ocrx_word' id='word_1_14' title='bbox 722 272 775 295; x_wconf 91' lang='lat' dir='ltr'>Deo</span> <span class='ocrx_word' id='word_1_15' title='bbox 796 273 907 296; x_wconf 75' lang='lat' dir='ltr'>reconci-</span> 
     </span>
     <span class='ocr_line' id='line_1_4' title="bbox 248 306 583 338; baseline -0.003 -8"><span class='ocrx_word' id='word_1_16' title='bbox 248 308 303 331; x_wconf 84' lang='lat' dir='ltr'>liari</span> <span class='ocrx_word' id='word_1_17' title='bbox 318 314 363 338; x_wconf 87' lang='lat' dir='ltr'>per</span> <span class='ocrx_word' id='word_1_18' title='bbox 378 306 583 330; x_wconf 72' lang='lat' dir='ltr'>satisfactionem.</span> 
     </span>
    </p>

    <p class='ocr_par' dir='ltr' id='par_1_4' title="bbox 218 341 907 408">
     <span class='ocr_line' id='line_1_5' title="bbox 218 341 907 372; baseline 0 -6"><span class='ocrx_word' id='word_1_19' title='bbox 218 345 312 370; x_wconf 65' lang='lat' dir='ltr'>Quaest.</span> <span class='ocrx_word' id='word_1_20' title='bbox 327 344 350 366; x_wconf 78' lang='lat'>2.</span> <span class='ocrx_word' id='word_1_21' title='bbox 363 344 400 366; x_wconf 79' lang='lat' dir='ltr'>An</span> <span class='ocrx_word' id='word_1_22' title='bbox 415 341 534 372; x_wconf 74' lang='lat' dir='ltr'>possibile</span> <span class='ocrx_word' id='word_1_23' title='bbox 545 342 577 365; x_wconf 87' lang='lat' dir='ltr'>sit</span> <span class='ocrx_word' id='word_1_24' title='bbox 592 342 644 365; x_wconf 82' lang='lat' dir='ltr'>neo</span> <span class='ocrx_word' id='word_1_25' title='bbox 658 341 802 365; x_wconf 69' lang='lat' dir='ltr'>satisfacere</span> <span class='ocrx_word' id='word_1_26' title='bbox 815 343 845 366; x_wconf 89' lang='lat' dir='ltr'>dc</span> <span class='ocrx_word' id='word_1_27' title='bbox 856 349 907 366; x_wconf 93' lang='lat' dir='ltr'>uno</span> 
     </span>
     <span class='ocr_line' id='line_1_6' title="bbox 249 377 497 408; baseline -0.008 -7"><span class='ocrx_word' id='word_1_28' title='bbox 249 379 354 408; x_wconf 82' lang='lat' dir='ltr'>peccato</span> <span class='ocrx_word' id='word_1_29' title='bbox 372 377 426 400; x_wconf 87' lang='lat' dir='ltr'>sinc</span> <span class='ocrx_word' id='word_1_30' title='bbox 438 377 497 400; x_wconf 77' lang='lat' dir='ltr'>alio.</span> 
     </span>
    </p>

    <p class='ocr_par' dir='ltr' id='par_1_5' title="bbox 218 411 908 477">
     <span class='ocr_line' id='line_1_7' title="bbox 218 411 908 440; baseline 0 -5"><span class='ocrx_word' id='word_1_31' title='bbox 218 414 313 440; x_wconf 79' lang='lat' dir='ltr'>Quaest.</span> <span class='ocrx_word' id='word_1_32' title='bbox 330 414 352 436; x_wconf 83' lang='lat'>3.</span> <span class='ocrx_word' id='word_1_33' title='bbox 370 413 407 435; x_wconf 83' lang='lat' dir='ltr'>An</span> <span class='ocrx_word' id='word_1_34' title='bbox 428 413 499 434; x_wconf 75' lang='lat' dir='ltr'>extra</span> <span class='ocrx_word' id='word_1_35' title='bbox 522 411 685 440; x_wconf 76' lang='lat' dir='ltr'>charitatem,</span> <span class='ocrx_word' id='word_1_36' title='bbox 705 411 874 435; x_wconf 75' lang='lat' dir='ltr'><strong>abstinentem</strong></span> <span class='ocrx_word' id='word_1_37' title='bbox 893 420 908 435; x_wconf 81' lang='lat' dir='ltr'>a</span> 
     </span>
     <span class='ocr_line' id='line_1_8' title="bbox 248 446 726 477; baseline -0.002 -7"><span class='ocrx_word' id='word_1_38' title='bbox 248 447 375 477; x_wconf 79' lang='lat' dir='ltr'>peccatis,</span> <span class='ocrx_word' id='word_1_39' title='bbox 391 446 511 476; x_wconf 88' lang='lat' dir='ltr'>possibile</span> <span class='ocrx_word' id='word_1_40' title='bbox 525 446 557 470; x_wconf 83' lang='lat' dir='ltr'>sit</span> <span class='ocrx_word' id='word_1_41' title='bbox 572 447 726 470; x_wconf 73' lang='lat' dir='ltr'>satisfacere.</span> 
     </span>
    </p>

    <p class='ocr_par' dir='ltr' id='par_1_6' title="bbox 218 481 910 581">
     <span class='ocr_line' id='line_1_9' title="bbox 218 481 909 511; baseline 0 -6"><span class='ocrx_word' id='word_1_42' title='bbox 218 482 313 509; x_wconf 78' lang='lat' dir='ltr'>Quaest.</span> <span class='ocrx_word' id='word_1_43' title='bbox 329 483 351 505; x_wconf 81' lang='lat'>4.</span> <span class='ocrx_word' id='word_1_44' title='bbox 363 483 398 505; x_wconf 79' lang='lat' dir='ltr'>An</span> <span class='ocrx_word' id='word_1_45' title='bbox 410 488 489 511; x_wconf 84' lang='lat' dir='ltr'>opera</span> <span class='ocrx_word' id='word_1_46' title='bbox 496 481 662 504; x_wconf 73' lang='lat' dir='ltr'>satisfactoria</span> <span class='ocrx_word' id='word_1_47' title='bbox 671 484 742 505; x_wconf 82' lang='lat' dir='ltr'>extra</span> <span class='ocrx_word' id='word_1_48' title='bbox 751 482 909 511; x_wconf 74' lang='lat' dir='ltr'>charitatem,</span> 
     </span>
     <span class='ocr_line' id='line_1_10' title="bbox 248 516 910 546; baseline 0 -6"><span class='ocrx_word' id='word_1_49' title='bbox 248 517 398 540; x_wconf 77' lang='lat' dir='ltr'>adveniente</span> <span class='ocrx_word' id='word_1_50' title='bbox 414 516 550 546; x_wconf 78' lang='lat' dir='ltr'>charitate,</span> <span class='ocrx_word' id='word_1_51' title='bbox 564 516 734 545; x_wconf 80' lang='lat' dir='ltr'>reviviscant,</span> <span class='ocrx_word' id='word_1_52' title='bbox 755 517 808 540; x_wconf 89' lang='lat' dir='ltr'>sive</span> <span class='ocrx_word' id='word_1_53' title='bbox 830 517 910 540; x_wconf 81' lang='lat' dir='ltr'>vivifi-</span> 
     </span>
     <span class='ocr_line' id='line_1_11' title="bbox 249 551 876 581; baseline 0.002 -6"><span class='ocrx_word' id='word_1_54' title='bbox 249 554 352 579; x_wconf 71' lang='lat' dir='ltr'>centur,</span> <span class='ocrx_word' id='word_1_55' title='bbox 369 553 393 575; x_wconf 85' lang='lat' dir='ltr'>et</span> <span class='ocrx_word' id='word_1_56' title='bbox 407 559 439 575; x_wconf 87' lang='lat' dir='ltr'>an</span> <span class='ocrx_word' id='word_1_57' title='bbox 454 551 563 575; x_wconf 79' lang='lat' dir='ltr'>debeant</span> <span class='ocrx_word' id='word_1_58' title='bbox 578 552 719 581; x_wconf 89' lang='lat' dir='ltr'>computari</span> <span class='ocrx_word' id='word_1_59' title='bbox 733 552 757 574; x_wconf 90' lang='lat' dir='ltr'>in</span> <span class='ocrx_word' id='word_1_60' title='bbox 773 554 876 576; x_wconf 82' lang='lat' dir='ltr'>sortem.</span> 
     </span>
    </p>

    <p class='ocr_par' dir='ltr' id='par_1_7' title="bbox 219 586 910 651">
     <span class='ocr_line' id='line_1_12' title="bbox 219 586 910 616; baseline 0.001 -7"><span class='ocrx_word' id='word_1_61' title='bbox 219 588 313 613; x_wconf 76' lang='lat' dir='ltr'>Quaest.</span> <span class='ocrx_word' id='word_1_62' title='bbox 326 588 350 610; x_wconf 82' lang='lat'>5.</span> <span class='ocrx_word' id='word_1_63' title='bbox 366 588 404 610; x_wconf 80' lang='lat' dir='ltr'>An</span> <span class='ocrx_word' id='word_1_64' title='bbox 419 586 497 609; x_wconf 88' lang='lat' dir='ltr'>homo</span> <span class='ocrx_word' id='word_1_65' title='bbox 511 593 558 615; x_wconf 89' lang='lat' dir='ltr'>per</span> <span class='ocrx_word' id='word_1_66' title='bbox 573 592 651 616; x_wconf 83' lang='lat' dir='ltr'>opera</span> <span class='ocrx_word' id='word_1_67' title='bbox 664 586 728 610; x_wconf 87' lang='lat' dir='ltr'>facta</span> <span class='ocrx_word' id='word_1_68' title='bbox 743 588 816 610; x_wconf 77' lang='lat' dir='ltr'>extra</span> <span class='ocrx_word' id='word_1_69' title='bbox 830 587 910 610; x_wconf 77' lang='lat' dir='ltr'>chari—</span> 
     </span>
     <span class='ocr_line' id='line_1_13' title="bbox 249 620 577 651; baseline 0.003 -8"><span class='ocrx_word' id='word_1_70' title='bbox 249 622 325 643; x_wconf 79' lang='lat' dir='ltr'>tatem</span> <span class='ocrx_word' id='word_1_71' title='bbox 337 620 429 651; x_wconf 83' lang='lat' dir='ltr'>aliquid</span> <span class='ocrx_word' id='word_1_72' title='bbox 442 622 577 644; x_wconf 82' lang='lat' dir='ltr'>mereatur.</span> 
     </span>
    </p>

    <p class='ocr_par' dir='ltr' id='par_1_8' title="bbox 217 655 910 721">
     <span class='ocr_line' id='line_1_14' title="bbox 217 655 910 685; baseline 0.003 -7"><span class='ocrx_word' id='word_1_73' title='bbox 217 655 310 683; x_wconf 78' lang='lat' dir='ltr'>Quaest.</span> <span class='ocrx_word' id='word_1_74' title='bbox 327 657 349 679; x_wconf 84' lang='grc'>6.</span> <span class='ocrx_word' id='word_1_75' title='bbox 371 656 408 678; x_wconf 82' lang='lat' dir='ltr'>An</span> <span class='ocrx_word' id='word_1_76' title='bbox 423 655 491 678; x_wconf 88' lang='lat' dir='ltr'>hona</span> <span class='ocrx_word' id='word_1_77' title='bbox 506 661 583 685; x_wconf 87' lang='lat' dir='ltr'>opera</span> <span class='ocrx_word' id='word_1_78' title='bbox 598 656 669 678; x_wconf 81' lang='lat' dir='ltr'>extra</span> <span class='ocrx_word' id='word_1_79' title='bbox 684 655 831 679; x_wconf 84' lang='lat' dir='ltr'>charitatem</span> <span class='ocrx_word' id='word_1_80' title='bbox 845 656 910 680; x_wconf 75' lang='lat' dir='ltr'>facta</span> 
     </span>
     <span class='ocr_line' id='line_1_15' title="bbox 249 690 732 721; baseline 0.002 -8"><span class='ocrx_word' id='word_1_81' title='bbox 249 690 347 714; x_wconf 82' lang='lat' dir='ltr'>valeant</span> <span class='ocrx_word' id='word_1_82' title='bbox 362 691 394 714; x_wconf 84' lang='lat' dir='ltr'>ad</span> <span class='ocrx_word' id='word_1_83' title='bbox 408 690 604 714; x_wconf 76' lang='lat' dir='ltr'>tolerabiliorem</span> <span class='ocrx_word' id='word_1_84' title='bbox 619 698 732 721; x_wconf 67' lang='lat' dir='ltr'>poenam.</span> 
     </span>
    </p>

    <p class='ocr_par' dir='ltr' id='par_1_9' title="bbox 219 727 334 749">
     <span class='ocr_line' id='line_1_16' title="bbox 219 727 334 749; baseline 0.009 -1"><span class='ocrx_word' id='word_1_85' title='bbox 219 727 287 749; x_wconf 57' lang='lat' dir='ltr'>Raus-</span> <span class='ocrx_word' id='word_1_86' title='bbox 305 732 334 749; x_wconf 86' lang='lat'>11.</span> 
     </span>
    </p>

    <p class='ocr_par' dir='ltr' id='par_1_10' title="bbox 218 761 459 790">
     <span class='ocr_line' id='line_1_17' title="bbox 218 761 459 790; baseline 0 -6"><span class='ocrx_word' id='word_1_87' title='bbox 218 761 348 790; x_wconf 75' lang='lat' dir='ltr'>Expositio</span> <span class='ocrx_word' id='word_1_88' title='bbox 366 762 459 784; x_wconf 79' lang='lat' dir='ltr'>textus.</span> 
     </span>
    </p>

    <p class='ocr_par' dir='ltr' id='par_1_11' title="bbox 218 796 908 897">
     <span class='ocr_line' id='line_1_18' title="bbox 218 796 908 826; baseline 0.003 -7"><span class='ocrx_word' id='word_1_89' title='bbox 218 797 279 819; x_wconf 71' lang='lat' dir='ltr'>AnT.</span> <span class='ocrx_word' id='word_1_90' title='bbox 305 801 322 820; x_wconf 87' lang='grc' dir='ltr'>Ι.</span> <span class='ocrx_word' id='word_1_91' title='bbox 351 797 444 824; x_wconf 81' lang='lat' dir='ltr'>Quaest.</span> <span class='ocrx_word' id='word_1_92' title='bbox 469 798 491 819; x_wconf 90' lang='lat'>1.</span> <span class='ocrx_word' id='word_1_93' title='bbox 518 798 554 819; x_wconf 80' lang='lat' dir='ltr'>An</span> <span class='ocrx_word' id='word_1_94' title='bbox 578 796 693 820; x_wconf 86' lang='lat' dir='ltr'>diffinitio</span> <span class='ocrx_word' id='word_1_95' title='bbox 719 797 908 826; x_wconf 79' lang='lat' dir='ltr'>satisfactionis,</span> 
     </span>
     <span class='ocr_line' id='line_1_19' title="bbox 247 831 908 863; baseline 0.003 -9"><span class='ocrx_word' id='word_1_96' title='bbox 247 838 322 861; x_wconf 84' lang='lat' dir='ltr'>quain</span> <span class='ocrx_word' id='word_1_97' title='bbox 339 831 456 861; x_wconf 75' lang='lat' dir='ltr'>Magister</span> <span class='ocrx_word' id='word_1_98' title='bbox 469 831 541 861; x_wconf 88' lang='lat' dir='ltr'>ponit</span> <span class='ocrx_word' id='word_1_99' title='bbox 556 831 583 854; x_wconf 91' lang='lat' dir='ltr'>in</span> <span class='ocrx_word' id='word_1_100' title='bbox 598 831 694 861; x_wconf 82' lang='lat' dir='ltr'>littera,</span> <span class='ocrx_word' id='word_1_101' title='bbox 712 834 736 855; x_wconf 85' lang='lat' dir='ltr'>et</span> <span class='ocrx_word' id='word_1_102' title='bbox 751 832 858 863; x_wconf 89' lang='lat' dir='ltr'>sumpsit</span> <span class='ocrx_word' id='word_1_103' title='bbox 877 832 908 856; x_wconf 76' lang='lat' dir='ltr'>ab</span> 
     </span>
     <span class='ocr_line' id='line_1_20' title="bbox 247 865 760 897; baseline 0.002 -8"><span class='ocrx_word' id='word_1_104' title='bbox 247 866 387 896; x_wconf 77' lang='lat' dir='ltr'>Augustino</span> <span class='ocrx_word' id='word_1_105' title='bbox 396 884 401 893; x_wconf 83' lang='lat'>‚</span> <span class='ocrx_word' id='word_1_106' title='bbox 417 866 448 889; x_wconf 89' lang='lat' dir='ltr'>sit</span> <span class='ocrx_word' id='word_1_107' title='bbox 462 865 615 889; x_wconf 79' lang='lat' dir='ltr'>sufficienter</span> <span class='ocrx_word' id='word_1_108' title='bbox 628 866 760 897; x_wconf 55' lang='lat' dir='ltr'>assignata.</span> 
     </span>
    </p>

    <p class='ocr_par' dir='ltr' id='par_1_12' title="bbox 215 901 907 960">
     <span class='ocr_line' id='line_1_21' title="bbox 215 901 907 931; baseline 0.001 -7"><span class='ocrx_word' id='word_1_109' title='bbox 215 904 309 929; x_wconf 59' lang='lat' dir='ltr'>Quaest.</span> <span class='ocrx_word' id='word_1_110' title='bbox 332 903 355 925; x_wconf 74' lang='lat'>2.</span> <span class='ocrx_word' id='word_1_111' title='bbox 371 902 458 925; x_wconf 70' lang='grc' dir='ltr'><strong>[ιι-11111</strong></span> <span class='ocrx_word' id='word_1_112' title='bbox 473 901 608 924; x_wconf 71' lang='lat' dir='ltr'>satisfactio</span> <span class='ocrx_word' id='word_1_113' title='bbox 620 901 652 924; x_wconf 88' lang='lat' dir='ltr'>sit</span> <span class='ocrx_word' id='word_1_114' title='bbox 666 902 719 924; x_wconf 89' lang='lat' dir='ltr'>Deo</span> <span class='ocrx_word' id='word_1_115' title='bbox 732 901 860 931; x_wconf 79' lang='lat' dir='ltr'>facienda,</span> <span class='ocrx_word' id='word_1_116' title='bbox 876 909 907 925; x_wconf 80' lang='lat' dir='ltr'>an</span> 
     </span>
     <span class='ocr_line' id='line_1_22' title="bbox 246 936 296 960; baseline 0.02 -1"><span class='ocrx_word' id='word_1_117' title='bbox 246 936 296 960; x_wconf 81' lang='lat' dir='ltr'>alii.</span> 
     </span>
    </p>

    <p class='ocr_par' dir='ltr' id='par_1_13' title="bbox 215 971 908 1037">
     <span class='ocr_line' id='line_1_23' title="bbox 215 971 908 1002; baseline 0.001 -7"><span class='ocrx_word' id='word_1_118' title='bbox 215 972 310 999; x_wconf 73' lang='lat' dir='ltr'>Quaest.</span> <span class='ocrx_word' id='word_1_119' title='bbox 330 973 354 995; x_wconf 85' lang='lat'>3.</span> <span class='ocrx_word' id='word_1_120' title='bbox 371 973 408 995; x_wconf 84' lang='lat' dir='ltr'>An</span> <span class='ocrx_word' id='word_1_121' title='bbox 430 971 566 995; x_wconf 66' lang='lat' dir='ltr'>satisfactio</span> <span class='ocrx_word' id='word_1_122' title='bbox 579 971 670 995; x_wconf 85' lang='lat' dir='ltr'>debeat</span> <span class='ocrx_word' id='word_1_123' title='bbox 684 971 736 995; x_wconf 82' lang='lat' dir='ltr'>fieri</span> <span class='ocrx_word' id='word_1_124' title='bbox 749 974 845 995; x_wconf 76' lang='lat' dir='ltr'>tantum</span> <span class='ocrx_word' id='word_1_125' title='bbox 863 979 908 1002; x_wconf 85' lang='lat' dir='ltr'>per</span> 
     </span>
     <span class='ocr_line' id='line_1_24' title="bbox 247 1007 459 1037; baseline 0 -7"><span class='ocrx_word' id='word_1_126' title='bbox 247 1014 324 1037; x_wconf 81' lang='lat' dir='ltr'>opera</span> <span class='ocrx_word' id='word_1_127' title='bbox 339 1007 459 1037; x_wconf 68' lang='lat' dir='ltr'>poenalia.</span> 
     </span>
    </p>

    <p class='ocr_par' dir='ltr' id='par_1_14' title="bbox 216 1041 906 1108">
     <span class='ocr_line' id='line_1_25' title="bbox 216 1041 906 1073; baseline 0.001 -8"><span class='ocrx_word' id='word_1_128' title='bbox 216 1043 308 1070; x_wconf 81' lang='lat' dir='ltr'>Quaest.</span> <span class='ocrx_word' id='word_1_129' title='bbox 326 1043 349 1066; x_wconf 76' lang='lat'>4.</span> <span class='ocrx_word' id='word_1_130' title='bbox 367 1043 405 1066; x_wconf 81' lang='lat' dir='ltr'>An</span> <span class='ocrx_word' id='word_1_131' title='bbox 422 1042 552 1072; x_wconf 75' lang='lat' dir='ltr'>contingat</span> <span class='ocrx_word' id='word_1_132' title='bbox 567 1041 709 1065; x_wconf 76' lang='lat' dir='ltr'>satisfacere</span> <span class='ocrx_word' id='word_1_133' title='bbox 720 1042 906 1073; x_wconf 81' lang='lat' dir='ltr'>perjejunium,</span> 
     </span>
     <span class='ocr_line' id='line_1_26' title="bbox 246 1076 658 1108; baseline 0 -8"><span class='ocrx_word' id='word_1_134' title='bbox 246 1077 403 1107; x_wconf 82' lang='lat' dir='ltr'>orationem,</span> <span class='ocrx_word' id='word_1_135' title='bbox 419 1079 444 1100; x_wconf 88' lang='lat' dir='ltr'>et</span> <span class='ocrx_word' id='word_1_136' title='bbox 459 1076 658 1108; x_wconf 74' lang='lat' dir='ltr'>eleemosynam.</span> 
     </span>
    </p>

    <p class='ocr_par' dir='ltr' id='par_1_15' title="bbox 215 1113 325 1135">
     <span class='ocr_line' id='line_1_27' title="bbox 215 1113 325 1135; baseline 0 0"><span class='ocrx_word' id='word_1_137' title='bbox 215 1113 279 1135; x_wconf 73' lang='lat' dir='ltr'>Aur.</span> <span class='ocrx_word' id='word_1_138' title='bbox 297 1118 325 1135; x_wconf 93' lang='grc'>11.</span> 
     </span>
    </p>

    <p class='ocr_par' dir='ltr' id='par_1_16' title="bbox 215 1146 906 1212">
     <span class='ocr_line' id='line_1_28' title="bbox 215 1146 906 1177; baseline 0 -7"><span class='ocrx_word' id='word_1_139' title='bbox 215 1148 310 1175; x_wconf 79' lang='lat' dir='ltr'>Quaest.</span> <span class='ocrx_word' id='word_1_140' title='bbox 328 1149 350 1170; x_wconf 87' lang='lat'>1.</span> <span class='ocrx_word' id='word_1_141' title='bbox 366 1148 405 1170; x_wconf 77' lang='lat' dir='ltr'>An</span> <span class='ocrx_word' id='word_1_142' title='bbox 421 1147 583 1177; x_wconf 64' lang='lat' dir='ltr'>eleemosyna</span> <span class='ocrx_word' id='word_1_143' title='bbox 602 1146 693 1170; x_wconf 84' lang='lat' dir='ltr'>debeat</span> <span class='ocrx_word' id='word_1_144' title='bbox 711 1147 764 1169; x_wconf 81' lang='lat' dir='ltr'>lieri</span> <span class='ocrx_word' id='word_1_145' title='bbox 779 1147 810 1170; x_wconf 82' lang='lat' dir='ltr'>de</span> <span class='ocrx_word' id='word_1_146' title='bbox 830 1147 906 1171; x_wconf 81' lang='lat' dir='ltr'>rebus</span> 
     </span>
     <span class='ocr_line' id='line_1_29' title="bbox 245 1181 773 1212; baseline 0 -8"><span class='ocrx_word' id='word_1_147' title='bbox 245 1181 355 1211; x_wconf 84' lang='lat' dir='ltr'>propriis</span> <span class='ocrx_word' id='word_1_148' title='bbox 363 1181 430 1211; x_wconf 87' lang='lat' dir='ltr'>juste</span> <span class='ocrx_word' id='word_1_149' title='bbox 445 1182 572 1212; x_wconf 82' lang='lat' dir='ltr'>acquisitis</span> <span class='ocrx_word' id='word_1_150' title='bbox 588 1183 613 1205; x_wconf 87' lang='lat' dir='ltr'>et</span> <span class='ocrx_word' id='word_1_151' title='bbox 625 1181 773 1204; x_wconf 86' lang='lat' dir='ltr'>necessariis</span> 
     </span>
    </p>

    <p class='ocr_par' dir='ltr' id='par_1_17' title="bbox 216 1216 820 1246">
     <span class='ocr_line' id='line_1_30' title="bbox 216 1216 820 1246; baseline -0.002 -6"><span class='ocrx_word' id='word_1_152' title='bbox 216 1219 310 1245; x_wconf 77' lang='lat' dir='ltr'>Quaest.</span> <span class='ocrx_word' id='word_1_153' title='bbox 323 1218 346 1240; x_wconf 78' lang='lat'>2.</span> <span class='ocrx_word' id='word_1_154' title='bbox 361 1218 398 1240; x_wconf 84' lang='lat' dir='ltr'>An</span> <span class='ocrx_word' id='word_1_155' title='bbox 410 1216 512 1246; x_wconf 86' lang='lat' dir='ltr'>jejunio</span> <span class='ocrx_word' id='word_1_156' title='bbox 527 1216 657 1246; x_wconf 74' lang='lat' dir='ltr'>contingat</span> <span class='ocrx_word' id='word_1_157' title='bbox 667 1216 820 1240; x_wconf 79' lang='lat' dir='ltr'>satisfacere.</span> 
     </span>
    </p>

    <p class='ocr_par' dir='ltr' id='par_1_18' title="bbox 215 1251 844 1282">
     <span class='ocr_line' id='line_1_31' title="bbox 215 1251 844 1282; baseline -0.002 -7"><span class='ocrx_word' id='word_1_158' title='bbox 215 1253 310 1280; x_wconf 80' lang='lat' dir='ltr'>Ouaest.</span> <span class='ocrx_word' id='word_1_159' title='bbox 328 1253 352 1276; x_wconf 86' lang='lat'>3.</span> <span class='ocrx_word' id='word_1_160' title='bbox 369 1253 407 1275; x_wconf 75' lang='lat' dir='ltr'>An</span> <span class='ocrx_word' id='word_1_161' title='bbox 422 1252 553 1282; x_wconf 85' lang='lat' dir='ltr'>contingat</span> <span class='ocrx_word' id='word_1_162' title='bbox 565 1251 709 1275; x_wconf 77' lang='lat' dir='ltr'>satisfacere</span> <span class='ocrx_word' id='word_1_163' title='bbox 721 1251 844 1275; x_wconf 84' lang='lat' dir='ltr'>oratione.</span> 
     </span>
    </p>

    <p class='ocr_par' dir='ltr' id='par_1_19' title="bbox 215 1285 860 1316">
     <span class='ocr_line' id='line_1_32' title="bbox 215 1285 860 1316; baseline -0.002 -6"><span class='ocrx_word' id='word_1_164' title='bbox 215 1288 311 1314; x_wconf 77' lang='lat' dir='ltr'>Quoest.</span> <span class='ocrx_word' id='word_1_165' title='bbox 327 1288 349 1310; x_wconf 75' lang='lat'>4.</span> <span class='ocrx_word' id='word_1_166' title='bbox 364 1288 400 1310; x_wconf 85' lang='lat' dir='ltr'>An</span> <span class='ocrx_word' id='word_1_167' title='bbox 417 1286 540 1310; x_wconf 82' lang='lat' dir='ltr'>restitutio</span> <span class='ocrx_word' id='word_1_168' title='bbox 556 1286 588 1310; x_wconf 85' lang='lat' dir='ltr'>sit</span> <span class='ocrx_word' id='word_1_169' title='bbox 602 1293 660 1316; x_wconf 85' lang='lat' dir='ltr'>pars</span> <span class='ocrx_word' id='word_1_170' title='bbox 675 1285 860 1310; x_wconf 77' lang='lat' dir='ltr'>satisfactionis.</span> 
     </span>
    </p>

    <p class='ocr_par' dir='ltr' id='par_1_20' title="bbox 215 1321 476 1345">
     <span class='ocr_line' id='line_1_33' title="bbox 215 1321 476 1345; baseline 0 -1"><span class='ocrx_word' id='word_1_171' title='bbox 215 1321 286 1345; x_wconf 76' lang='lat' dir='ltr'>Dis-r.</span> <span class='ocrx_word' id='word_1_172' title='bbox 304 1327 358 1344; x_wconf 79' lang='lat' dir='ltr'>xvi.</span> <span class='ocrx_word' id='word_1_173' title='bbox 377 1322 444 1345; x_wconf 72' lang='lat' dir='ltr'>PAns</span> <span class='ocrx_word' id='word_1_174' title='bbox 459 1327 476 1344; x_wconf 89' lang='lat'>1.</span> 
     </span>
    </p>

    <p class='ocr_par' dir='ltr' id='par_1_21' title="bbox 217 1356 449 1386">
     <span class='ocr_line' id='line_1_34' title="bbox 217 1356 449 1386; baseline -0.004 -6"><span class='ocrx_word' id='word_1_175' title='bbox 217 1356 345 1386; x_wconf 61' lang='lat' dir='ltr'>tixpositio</span> <span class='ocrx_word' id='word_1_176' title='bbox 358 1358 449 1380; x_wconf 75' lang='lat' dir='ltr'>textus.</span> 
     </span>
    </p>

    <p class='ocr_par' dir='ltr' id='par_1_22' title="bbox 217 1390 907 1491">
     <span class='ocr_line' id='line_1_35' title="bbox 217 1390 907 1421; baseline 0 -7"><span class='ocrx_word' id='word_1_177' title='bbox 217 1394 277 1414; x_wconf 74' lang='lat' dir='ltr'>Aur.</span> <span class='ocrx_word' id='word_1_178' title='bbox 294 1397 312 1414; x_wconf 89' lang='lat'>1.</span> <span class='ocrx_word' id='word_1_179' title='bbox 331 1392 424 1419; x_wconf 80' lang='lat' dir='ltr'>Quaest.</span> <span class='ocrx_word' id='word_1_180' title='bbox 441 1393 463 1414; x_wconf 90' lang='grc'>1.</span> <span class='ocrx_word' id='word_1_181' title='bbox 476 1392 514 1414; x_wconf 79' lang='lat' dir='ltr'>An</span> <span class='ocrx_word' id='word_1_182' title='bbox 529 1390 646 1414; x_wconf 84' lang='lat' dir='ltr'>contritio</span> <span class='ocrx_word' id='word_1_183' title='bbox 661 1393 784 1421; x_wconf 85' lang='lat' dir='ltr'>qnantum</span> <span class='ocrx_word' id='word_1_184' title='bbox 795 1391 825 1414; x_wconf 86' lang='lat' dir='ltr'>ad</span> <span class='ocrx_word' id='word_1_185' title='bbox 838 1391 907 1421; x_wconf 88' lang='lat' dir='ltr'>quid-</span> 
     </span>
     <span class='ocr_line' id='line_1_36' title="bbox 247 1426 907 1456; baseline 0 -7"><span class='ocrx_word' id='word_1_186' title='bbox 247 1426 350 1449; x_wconf 85' lang='lat' dir='ltr'>ditatem</span> <span class='ocrx_word' id='word_1_187' title='bbox 367 1426 398 1450; x_wconf 90' lang='lat' dir='ltr'>sit</span> <span class='ocrx_word' id='word_1_188' title='bbox 417 1426 491 1450; x_wconf 90' lang='lat' dir='ltr'>dolor</span> <span class='ocrx_word' id='word_1_189' title='bbox 509 1426 649 1450; x_wconf 84' lang='lat' dir='ltr'>voluntarie</span> <span class='ocrx_word' id='word_1_190' title='bbox 670 1433 717 1456; x_wconf 89' lang='lat' dir='ltr'>pro</span> <span class='ocrx_word' id='word_1_191' title='bbox 738 1426 847 1456; x_wconf 79' lang='lat' dir='ltr'>peccatis</span> <span class='ocrx_word' id='word_1_192' title='bbox 869 1433 907 1449; x_wconf 78' lang='lat' dir='ltr'>as-</span> 
     </span>
     <span class='ocr_line' id='line_1_37' title="bbox 245 1463 369 1491; baseline 0.008 -7"><span class='ocrx_word' id='word_1_193' title='bbox 245 1463 369 1491; x_wconf 85' lang='lat' dir='ltr'>sumptus.</span> 
     </span>
    </p>

    <p class='ocr_par' dir='ltr' id='par_1_23' title="bbox 215 1496 906 1554">
     <span class='ocr_line' id='line_1_38' title="bbox 215 1496 906 1526; baseline 0 -7"><span class='ocrx_word' id='word_1_194' title='bbox 215 1498 310 1524; x_wconf 78' lang='lat' dir='ltr'>Quaest.</span> <span class='ocrx_word' id='word_1_195' title='bbox 323 1498 346 1519; x_wconf 79' lang='lat'>2.</span> <span class='ocrx_word' id='word_1_196' title='bbox 365 1498 403 1520; x_wconf 81' lang='lat' dir='ltr'>An</span> <span class='ocrx_word' id='word_1_197' title='bbox 415 1496 534 1520; x_wconf 89' lang='lat' dir='ltr'>contritio</span> <span class='ocrx_word' id='word_1_198' title='bbox 546 1496 572 1519; x_wconf 91' lang='lat' dir='ltr'>in</span> <span class='ocrx_word' id='word_1_199' title='bbox 588 1502 680 1526; x_wconf 75' lang='lat' dir='ltr'>genere</span> <span class='ocrx_word' id='word_1_200' title='bbox 695 1496 774 1519; x_wconf 83' lang='lat' dir='ltr'>moris</span> <span class='ocrx_word' id='word_1_201' title='bbox 789 1496 821 1519; x_wconf 85' lang='lat' dir='ltr'>sit</span> <span class='ocrx_word' id='word_1_202' title='bbox 837 1497 906 1520; x_wconf 84' lang='lat' dir='ltr'>actus</span> 
     </span>
     <span class='ocr_line' id='line_1_39' title="bbox 244 1531 352 1554; baseline 0 0"><span class='ocrx_word' id='word_1_203' title='bbox 244 1531 352 1554; x_wconf 82' lang='lat' dir='ltr'>virtutis.</span> 
     </span>
    </p>

    <p class='ocr_par' dir='ltr' id='par_1_24' title="bbox 215 1565 904 1624">
     <span class='ocr_line' id='line_1_40' title="bbox 215 1565 904 1594; baseline 0.001 -6"><span class='ocrx_word' id='word_1_204' title='bbox 215 1567 276 1589; x_wconf 77' lang='lat' dir='ltr'>Anr.</span> <span class='ocrx_word' id='word_1_205' title='bbox 292 1566 419 1594; x_wconf 52' lang='lat' dir='ltr'>unumst.</span> <span class='ocrx_word' id='word_1_206' title='bbox 444 1567 466 1590; x_wconf 88' lang='grc'>1.</span> <span class='ocrx_word' id='word_1_207' title='bbox 485 1566 523 1589; x_wconf 80' lang='lat' dir='ltr'>An</span> <span class='ocrx_word' id='word_1_208' title='bbox 545 1572 648 1589; x_wconf 83' lang='lat' dir='ltr'>neeesse</span> <span class='ocrx_word' id='word_1_209' title='bbox 665 1566 696 1589; x_wconf 89' lang='lat' dir='ltr'>sit</span> <span class='ocrx_word' id='word_1_210' title='bbox 711 1565 824 1589; x_wconf 86' lang='lat' dir='ltr'>dolorem</span> <span class='ocrx_word' id='word_1_211' title='bbox 843 1572 904 1589; x_wconf 83' lang='lat' dir='ltr'>con-</span> 
     </span>
     <span class='ocr_line' id='line_1_41' title="bbox 246 1601 586 1624; baseline 0 0"><span class='ocrx_word' id='word_1_212' title='bbox 246 1601 354 1624; x_wconf 89' lang='lat' dir='ltr'>tritionis</span> <span class='ocrx_word' id='word_1_213' title='bbox 370 1608 424 1624; x_wconf 86' lang='lat' dir='ltr'>esse</span> <span class='ocrx_word' id='word_1_214' title='bbox 437 1601 586 1624; x_wconf 75' lang='lat' dir='ltr'>maximum.</span> 
     </span>
    </p>

    <p class='ocr_par' dir='ltr' id='par_1_25' title="bbox 215 1635 905 1694">
     <span class='ocr_line' id='line_1_42' title="bbox 215 1635 905 1666; baseline 0 -8"><span class='ocrx_word' id='word_1_215' title='bbox 215 1638 309 1664; x_wconf 71' lang='lat' dir='ltr'>Quzest.</span> <span class='ocrx_word' id='word_1_216' title='bbox 328 1637 350 1659; x_wconf 81' lang='lat'>2.</span> <span class='ocrx_word' id='word_1_217' title='bbox 366 1637 403 1659; x_wconf 81' lang='lat' dir='ltr'>An</span> <span class='ocrx_word' id='word_1_218' title='bbox 417 1635 537 1666; x_wconf 83' lang='lat' dir='ltr'>possibile</span> <span class='ocrx_word' id='word_1_219' title='bbox 552 1635 583 1659; x_wconf 84' lang='lat' dir='ltr'>sit</span> <span class='ocrx_word' id='word_1_220' title='bbox 600 1636 625 1659; x_wconf 86' lang='lat' dir='ltr'>in</span> <span class='ocrx_word' id='word_1_221' title='bbox 646 1635 733 1659; x_wconf 90' lang='lat' dir='ltr'>dolore</span> <span class='ocrx_word' id='word_1_222' title='bbox 749 1636 905 1659; x_wconf 83' lang='lat' dir='ltr'>contritionis</span> 
     </span>
     <span class='ocr_line' id='line_1_43' title="bbox 245 1671 494 1694; baseline -0.004 0"><span class='ocrx_word' id='word_1_223' title='bbox 245 1671 336 1694; x_wconf 85' lang='lat' dir='ltr'>cadere</span> <span class='ocrx_word' id='word_1_224' title='bbox 351 1677 494 1694; x_wconf 81' lang='lat' dir='ltr'>excessum.</span> 
     </span>
    </p>

    <p class='ocr_par' dir='ltr' id='par_1_26' title="bbox 215 1705 904 1771">
     <span class='ocr_line' id='line_1_44' title="bbox 215 1705 904 1734; baseline -0.003 -4"><span class='ocrx_word' id='word_1_225' title='bbox 215 1708 276 1731; x_wconf 70' lang='lat' dir='ltr'>Aur.</span> <span class='ocrx_word' id='word_1_226' title='bbox 298 1713 336 1730; x_wconf 84' lang='lat'>111.</span> <span class='ocrx_word' id='word_1_227' title='bbox 358 1708 452 1734; x_wconf 79' lang='lat' dir='ltr'>Quaest.</span> <span class='ocrx_word' id='word_1_228' title='bbox 479 1708 500 1729; x_wconf 91' lang='grc'>1.</span> <span class='ocrx_word' id='word_1_229' title='bbox 520 1706 609 1729; x_wconf 80' lang='lat' dir='ltr'>t‘trum</span> <span class='ocrx_word' id='word_1_230' title='bbox 631 1706 748 1729; x_wconf 83' lang='lat' dir='ltr'>contritio</span> <span class='ocrx_word' id='word_1_231' title='bbox 771 1705 802 1728; x_wconf 84' lang='lat' dir='ltr'>sit</span> <span class='ocrx_word' id='word_1_232' title='bbox 822 1706 904 1729; x_wconf 84' lang='lat' dir='ltr'>motus</span> 
     </span>
     <span class='ocr_line' id='line_1_45' title="bbox 244 1741 666 1771; baseline -0.002 -6"><span class='ocrx_word' id='word_1_233' title='bbox 244 1742 419 1765; x_wconf 79' lang='lat' dir='ltr'>instantaneus</span> <span class='ocrx_word' id='word_1_234' title='bbox 429 1759 437 1771; x_wconf 90' lang='lat'><em>‚</em></span> <span class='ocrx_word' id='word_1_235' title='bbox 454 1748 486 1764; x_wconf 83' lang='lat' dir='ltr'>an</span> <span class='ocrx_word' id='word_1_236' title='bbox 500 1741 666 1764; x_wconf 80' lang='lat' dir='ltr'>successivus.</span> 
     </span>
    </p>

    <p class='ocr_par' dir='ltr' id='par_1_27' title="bbox 214 1776 832 1805">
     <span class='ocr_line' id='line_1_46' title="bbox 214 1776 832 1805; baseline -0.002 -6"><span class='ocrx_word' id='word_1_237' title='bbox 214 1777 307 1804; x_wconf 79' lang='lat' dir='ltr'>Quaest.</span> <span class='ocrx_word' id='word_1_238' title='bbox 323 1778 345 1800; x_wconf 74' lang='lat'>2.</span> <span class='ocrx_word' id='word_1_239' title='bbox 361 1778 399 1800; x_wconf 77' lang='lat' dir='ltr'>An</span> <span class='ocrx_word' id='word_1_240' title='bbox 414 1776 505 1799; x_wconf 81' lang='lat' dir='ltr'>debent</span> <span class='ocrx_word' id='word_1_241' title='bbox 518 1776 596 1799; x_wconf 90' lang='lat' dir='ltr'>homo</span> <span class='ocrx_word' id='word_1_242' title='bbox 612 1782 712 1805; x_wconf 77' lang='lat' dir='ltr'>semper</span> <span class='ocrx_word' id='word_1_243' title='bbox 727 1776 832 1798; x_wconf 87' lang='lat' dir='ltr'>conteri.</span> 
     </span>
    </p>

    <p class='ocr_par' dir='ltr' id='par_1_28' title="bbox 214 1810 905 1840">
     <span class='ocr_line' id='line_1_47' title="bbox 214 1810 905 1840; baseline -0.001 -6"><span class='ocrx_word' id='word_1_244' title='bbox 214 1814 275 1835; x_wconf 84' lang='grc' dir='ltr'><strong>Α11τ.</strong></span> <span class='ocrx_word' id='word_1_245' title='bbox 293 1817 327 1835; x_wconf 77' lang='lat' dir='ltr'>tv.</span> <span class='ocrx_word' id='word_1_246' title='bbox 345 1812 439 1839; x_wconf 82' lang='lat' dir='ltr'>Quaest.</span> <span class='ocrx_word' id='word_1_247' title='bbox 458 1813 480 1834; x_wconf 92' lang='grc'>1.</span> <span class='ocrx_word' id='word_1_248' title='bbox 504 1812 541 1834; x_wconf 82' lang='lat' dir='ltr'>An</span> <span class='ocrx_word' id='word_1_249' title='bbox 558 1810 676 1834; x_wconf 88' lang='lat' dir='ltr'>contritio</span> <span class='ocrx_word' id='word_1_250' title='bbox 698 1810 778 1840; x_wconf 83' lang='lat' dir='ltr'>possit</span> <span class='ocrx_word' id='word_1_251' title='bbox 799 1810 905 1833; x_wconf 87' lang='lat' dir='ltr'>intendi.</span> 
     </span>
    </p>

    <p class='ocr_par' dir='ltr' id='par_1_29' title="bbox 215 1845 906 1943">
     <span class='ocr_line' id='line_1_48' title="bbox 215 1845 906 1876; baseline -0.003 -7"><span class='ocrx_word' id='word_1_252' title='bbox 215 1847 309 1874; x_wconf 79' lang='lat' dir='ltr'>Quaest.</span> <span class='ocrx_word' id='word_1_253' title='bbox 329 1847 352 1870; x_wconf 79' lang='lat'>2.</span> <span class='ocrx_word' id='word_1_254' title='bbox 367 1847 405 1870; x_wconf 82' lang='lat' dir='ltr'>An</span> <span class='ocrx_word' id='word_1_255' title='bbox 424 1853 469 1876; x_wconf 86' lang='lat' dir='ltr'>per</span> <span class='ocrx_word' id='word_1_256' title='bbox 485 1845 663 1869; x_wconf 86' lang='lat' dir='ltr'>contritionem</span> <span class='ocrx_word' id='word_1_257' title='bbox 683 1845 756 1875; x_wconf 83' lang='lat' dir='ltr'>plns,</span> <span class='ocrx_word' id='word_1_258' title='bbox 770 1845 810 1867; x_wconf 81' lang='lat' dir='ltr'>vel</span> <span class='ocrx_word' id='word_1_259' title='bbox 827 1845 906 1868; x_wconf 84' lang='lat' dir='ltr'>inten-</span> 
     </span>
     <span class='ocr_line' id='line_1_49' title="bbox 245 1879 905 1912; baseline -0.003 -8"><span class='ocrx_word' id='word_1_260' title='bbox 245 1881 297 1904; x_wconf 83' lang='lat' dir='ltr'>sius</span> <span class='ocrx_word' id='word_1_261' title='bbox 311 1883 428 1912; x_wconf 83' lang='lat' dir='ltr'>oporteat</span> <span class='ocrx_word' id='word_1_262' title='bbox 438 1880 533 1904; x_wconf 86' lang='lat' dir='ltr'>conteri</span> <span class='ocrx_word' id='word_1_263' title='bbox 547 1880 577 1903; x_wconf 86' lang='lat' dir='ltr'>de</span> <span class='ocrx_word' id='word_1_264' title='bbox 591 1886 642 1903; x_wconf 88' lang='lat' dir='ltr'>nno</span> <span class='ocrx_word' id='word_1_265' title='bbox 658 1881 773 1910; x_wconf 71' lang='lat' dir='ltr'>pem-ato,</span> <span class='ocrx_word' id='word_1_266' title='bbox 784 1886 859 1910; x_wconf 83' lang='lat' dir='ltr'>quam</span> <span class='ocrx_word' id='word_1_267' title='bbox 874 1879 905 1902; x_wconf 84' lang='lat' dir='ltr'>dc</span> 
     </span>
     <span class='ocr_line' id='line_1_50' title="bbox 246 1916 306 1943; baseline 0.017 -4"><span class='ocrx_word' id='word_1_268' title='bbox 246 1916 306 1943; x_wconf 73' lang='lat' dir='ltr'>alio.</span> 
     </span>
    </p>

    <p class='ocr_par' dir='ltr' id='par_1_30' title="bbox 216 1951 330 1975">
     <span class='ocr_line' id='line_1_51' title="bbox 216 1951 330 1975; baseline 0.009 -1"><span class='ocrx_word' id='word_1_269' title='bbox 216 1951 283 1974; x_wconf 56' lang='lat' dir='ltr'>Pin&lt;</span> <span class='ocrx_word' id='word_1_270' title='bbox 302 1956 330 1975; x_wconf 75' lang='grc'>11.</span> 
     </span>
    </p>

    <p class='ocr_par' dir='ltr' id='par_1_31' title="bbox 217 1986 457 2015">
     <span class='ocr_line' id='line_1_52' title="bbox 217 1986 457 2015; baseline 0 -7"><span class='ocrx_word' id='word_1_271' title='bbox 217 1986 346 2015; x_wconf 62' lang='grc' dir='ltr'><strong>Ιίκροε1110</strong></span> <span class='ocrx_word' id='word_1_272' title='bbox 364 1987 457 2008; x_wconf 76' lang='lat' dir='ltr'>textus.</span> 
     </span>
    </p>

    <p class='ocr_par' dir='ltr' id='par_1_32' title="bbox 215 2019 907 2085">
     <span class='ocr_line' id='line_1_53' title="bbox 215 2019 907 2050; baseline -0.004 -6"><span class='ocrx_word' id='word_1_273' title='bbox 215 2023 276 2044; x_wconf 76' lang='grc' dir='ltr'><strong>Λ11τ.</strong></span> <span class='ocrx_word' id='word_1_274' title='bbox 298 2026 314 2044; x_wconf 91' lang='grc'>1.</span> <span class='ocrx_word' id='word_1_275' title='bbox 331 2021 425 2048; x_wconf 75' lang='lat' dir='ltr'>Quaest.</span> <span class='ocrx_word' id='word_1_276' title='bbox 442 2022 463 2043; x_wconf 94' lang='grc'>1.</span> <span class='ocrx_word' id='word_1_277' title='bbox 482 2021 519 2043; x_wconf 75' lang='lat' dir='ltr'>An</span> <span class='ocrx_word' id='word_1_278' title='bbox 535 2022 651 2050; x_wconf 80' lang='lat' dir='ltr'>oporteat</span> <span class='ocrx_word' id='word_1_279' title='bbox 668 2020 807 2050; x_wconf 76' lang='lat' dir='ltr'>poenitere,</span> <span class='ocrx_word' id='word_1_280' title='bbox 824 2021 849 2042; x_wconf 84' lang='lat' dir='ltr'>ct</span> <span class='ocrx_word' id='word_1_281' title='bbox 866 2019 907 2042; x_wconf 68' lang='lat' dir='ltr'>:lo-</span> 
     </span>
     <span class='ocr_line' id='line_1_54' title="bbox 247 2055 613 2085; baseline 0 -7"><span class='ocrx_word' id='word_1_282' title='bbox 247 2056 298 2078; x_wconf 84' lang='lat' dir='ltr'>lcre</span> <span class='ocrx_word' id='word_1_283' title='bbox 309 2062 355 2085; x_wconf 89' lang='lat' dir='ltr'>pro</span> <span class='ocrx_word' id='word_1_284' title='bbox 370 2055 485 2085; x_wconf 81' lang='lat' dir='ltr'>originali</span> <span class='ocrx_word' id='word_1_285' title='bbox 499 2057 613 2085; x_wconf 83' lang='lat' dir='ltr'>peccato.</span> 
     </span>
    </p>

    <p class='ocr_par' dir='ltr' id='par_1_33' title="bbox 217 2089 907 2191">
     <span class='ocr_line' id='line_1_55' title="bbox 217 2089 907 2119; baseline -0.001 -6"><span class='ocrx_word' id='word_1_286' title='bbox 217 2092 310 2118; x_wconf 77' lang='lat' dir='ltr'>Quaest.</span> <span class='ocrx_word' id='word_1_287' title='bbox 323 2092 345 2114; x_wconf 73' lang='lat'>2.</span> <span class='ocrx_word' id='word_1_288' title='bbox 359 2091 396 2113; x_wconf 80' lang='lat' dir='ltr'>An</span> <span class='ocrx_word' id='word_1_289' title='bbox 412 2090 523 2113; x_wconf 87' lang='lat' dir='ltr'>adultum</span> <span class='ocrx_word' id='word_1_290' title='bbox 535 2090 697 2114; x_wconf 59' lang='lat' dir='ltr'>accedentem</span> <span class='ocrx_word' id='word_1_291' title='bbox 711 2090 741 2113; x_wconf 81' lang='lat' dir='ltr'>ml</span> <span class='ocrx_word' id='word_1_292' title='bbox 755 2089 907 2119; x_wconf 83' lang='lat' dir='ltr'>baptismum</span> 
     </span>
     <span class='ocr_line' id='line_1_56' title="bbox 248 2124 898 2154; baseline -0.002 -6"><span class='ocrx_word' id='word_1_293' title='bbox 248 2132 304 2148; x_wconf 86' lang='lat' dir='ltr'>cum</span> <span class='ocrx_word' id='word_1_294' title='bbox 328 2125 419 2148; x_wconf 77' lang='lat' dir='ltr'>actuali</span> <span class='ocrx_word' id='word_1_295' title='bbox 431 2143 438 2154; x_wconf 84' lang='lat'><em>,</em></span> <span class='ocrx_word' id='word_1_296' title='bbox 459 2132 562 2148; x_wconf 85' lang='lat' dir='ltr'>necesse</span> <span class='ocrx_word' id='word_1_297' title='bbox 577 2125 608 2148; x_wconf 82' lang='lat' dir='ltr'>sit</span> <span class='ocrx_word' id='word_1_298' title='bbox 629 2126 815 2148; x_wconf 68' lang='lat' dir='ltr'>sacramentali}</span> <span class='ocrx_word' id='word_1_299' title='bbox 830 2124 898 2154; x_wconf 65' lang='lat' dir='ltr'>pruni</span> 
     </span>
     <span class='ocr_line' id='line_1_57' title="bbox 248 2160 811 2191; baseline -0.002 -8"><span class='ocrx_word' id='word_1_300' title='bbox 248 2160 331 2184; x_wconf 81' lang='lat' dir='ltr'>tcntiae</span> <span class='ocrx_word' id='word_1_301' title='bbox 342 2162 399 2184; x_wconf 81' lang='lat' dir='ltr'>ante</span> <span class='ocrx_word' id='word_1_302' title='bbox 411 2160 526 2191; x_wconf 71' lang='lat' dir='ltr'>accipere</span> <span class='ocrx_word' id='word_1_303' title='bbox 539 2179 544 2189; x_wconf 79' lang='grc'><strong>,</strong></span> <span class='ocrx_word' id='word_1_304' title='bbox 558 2167 633 2191; x_wconf 80' lang='lat' dir='ltr'>quam</span> <span class='ocrx_word' id='word_1_305' title='bbox 650 2160 811 2189; x_wconf 74' lang='lat' dir='ltr'>baptismum.</span> 
     </span>
    </p>
   </div>
   <div class='ocr_carea' id='block_1_2' title="bbox 945 136 1073 168">
    <p class='ocr_par' dir='ltr' id='par_1_34' title="bbox 945 136 1073 168">
     <span class='ocr_line' id='line_1_58' title="bbox 945 136 1073 168; baseline 0.016 -2"><span class='ocrx_word' id='word_1_306' title='bbox 945 136 1073 168; x_wconf 88' lang='lat' dir='ltr'>INDEX.</span> 
     </span>
    </p>
   </div>
   <div class='ocr_carea' id='block_1_3' title="bbox 939 204 984 261">
    <p class='ocr_par' dir='ltr' id='par_1_35' title="bbox 939 204 984 261">
     <span class='ocr_line' id='line_1_59' title="bbox 939 204 983 226; baseline 0 0"><span class='ocrx_word' id='word_1_307' title='bbox 939 204 983 226; x_wconf 83' lang='lat'>585</span> 
     </span>
     <span class='ocr_line' id='line_1_60' title="bbox 939 239 984 261; baseline 0 0"><span class='ocrx_word' id='word_1_308' title='bbox 939 239 984 261; x_wconf 88' lang='grc'>586</span> 
     </span>
    </p>
   </div>
   <div class='ocr_carea' id='block_1_4' title="bbox 940 309 984 401">
    <p class='ocr_par' dir='ltr' id='par_1_36' title="bbox 940 309 984 401">
     <span class='ocr_line' id='line_1_61' title="bbox 940 309 984 331; baseline 0 0"><span class='ocrx_word' id='word_1_309' title='bbox 940 309 984 331; x_wconf 87' lang='grc'>589</span> 
     </span>
     <span class='ocr_line' id='line_1_62' title="bbox 941 379 984 401; baseline 0 0"><span class='ocrx_word' id='word_1_310' title='bbox 941 379 984 401; x_wconf 82' lang='grc'>590</span> 
     </span>
    </p>
   </div>
   <div class='ocr_carea' id='block_1_5' title="bbox 941 449 985 471">
    <p class='ocr_par' dir='ltr' id='par_1_37' title="bbox 941 449 985 471">
     <span class='ocr_line' id='line_1_63' title="bbox 941 449 985 471; baseline 0 0"><span class='ocrx_word' id='word_1_311' title='bbox 941 449 985 471; x_wconf 77' lang='lat'>592</span> 
     </span>
    </p>
   </div>
   <div class='ocr_carea' id='block_1_6' title="bbox 940 553 985 1031">
    <p class='ocr_par' dir='ltr' id='par_1_38' title="bbox 940 553 985 1031">
     <span class='ocr_line' id='line_1_64' title="bbox 942 553 985 576; baseline -0.023 0"><span class='ocrx_word' id='word_1_312' title='bbox 942 553 985 576; x_wconf 86' lang='grc'>593</span> 
     </span>
     <span class='ocr_line' id='line_1_65' title="bbox 943 623 985 645; baseline 0 0"><span class='ocrx_word' id='word_1_313' title='bbox 943 623 985 645; x_wconf 79' lang='grc'>595</span> 
     </span>
     <span class='ocr_line' id='line_1_66' title="bbox 942 693 984 716; baseline -0.048 0"><span class='ocrx_word' id='word_1_314' title='bbox 942 693 984 716; x_wconf 75' lang='lat'>597</span> 
     </span>
     <span class='ocr_line' id='line_1_67' title="bbox 941 729 985 751; baseline 0 0"><span class='ocrx_word' id='word_1_315' title='bbox 941 729 985 751; x_wconf 80' lang='lat'>598</span> 
     </span>
     <span class='ocr_line' id='line_1_68' title="bbox 941 764 985 786; baseline 0 0"><span class='ocrx_word' id='word_1_316' title='bbox 941 764 985 786; x_wconf 76' lang='grc'>602</span> 
     </span>
     <span class='ocr_line' id='line_1_69' title="bbox 941 869 984 891; baseline 0 0"><span class='ocrx_word' id='word_1_317' title='bbox 941 869 984 891; x_wconf 82' lang='grc'>607</span> 
     </span>
     <span class='ocr_line' id='line_1_70' title="bbox 940 939 984 961; baseline 0 0"><span class='ocrx_word' id='word_1_318' title='bbox 940 939 984 961; x_wconf 86' lang='grc'>608</span> 
     </span>
     <span class='ocr_line' id='line_1_71' title="bbox 940 1009 984 1031; baseline 0 0"><span class='ocrx_word' id='word_1_319' title='bbox 940 1009 984 1031; x_wconf 92' lang='grc'>610</span> 
     </span>
    </p>
   </div>
   <div class='ocr_carea' id='block_1_7' title="bbox 939 1079 984 1136">
    <p class='ocr_par' dir='ltr' id='par_1_39' title="bbox 939 1079 984 1136">
     <span class='ocr_line' id='line_1_72' title="bbox 939 1079 982 1101; baseline 0 0"><span class='ocrx_word' id='word_1_320' title='bbox 939 1079 982 1101; x_wconf 86' lang='grc'>611</span> 
     </span>
     <span class='ocr_line' id='line_1_73' title="bbox 940 1114 984 1136; baseline -0.023 0"><span class='ocrx_word' id='word_1_321' title='bbox 940 1114 984 1136; x_wconf 78' lang='lat'>612</span> 
     </span>
    </p>
   </div>
   <div class='ocr_carea' id='block_1_8' title="bbox 938 1183 983 1380">
    <p class='ocr_par' dir='ltr' id='par_1_40' title="bbox 938 1183 983 1380">
     <span class='ocr_line' id='line_1_74' title="bbox 939 1183 983 1206; baseline 0.023 -1"><span class='ocrx_word' id='word_1_322' title='bbox 939 1183 983 1206; x_wconf 88' lang='grc'>613</span> 
     </span>
     <span class='ocr_line' id='line_1_75' title="bbox 939 1218 982 1241; baseline 0 -1"><span class='ocrx_word' id='word_1_323' title='bbox 939 1218 982 1241; x_wconf 88' lang='grc'>615</span> 
     </span>
     <span class='ocr_line' id='line_1_76' title="bbox 939 1253 983 1276; baseline -0.023 0"><span class='ocrx_word' id='word_1_324' title='bbox 939 1253 983 1276; x_wconf 79' lang='grc'>617</span> 
     </span>
     <span class='ocr_line' id='line_1_77' title="bbox 938 1288 981 1310; baseline 0 0"><span class='ocrx_word' id='word_1_325' title='bbox 938 1288 981 1310; x_wconf 90' lang='grc'>618</span> 
     </span>
     <span class='ocr_line' id='line_1_78' title="bbox 938 1323 982 1345; baseline 0 0"><span class='ocrx_word' id='word_1_326' title='bbox 938 1323 982 1345; x_wconf 79' lang='grc'>620</span> 
     </span>
     <span class='ocr_line' id='line_1_79' title="bbox 938 1358 982 1380; baseline 0 0"><span class='ocrx_word' id='word_1_327' title='bbox 938 1358 982 1380; x_wconf 81' lang='lat'>622</span> 
     </span>
    </p>
   </div>
   <div class='ocr_carea' id='block_1_9' title="bbox 935 1462 982 1764">
    <p class='ocr_par' dir='ltr' id='par_1_41' title="bbox 935 1462 982 1764">
     <span class='ocr_line' id='line_1_80' title="bbox 937 1462 982 1485; baseline -0.022 0"><span class='ocrx_word' id='word_1_328' title='bbox 937 1462 982 1485; x_wconf 78' lang='lat'>628</span> 
     </span>
     <span class='ocr_line' id='line_1_81' title="bbox 935 1532 980 1555; baseline -0.022 0"><span class='ocrx_word' id='word_1_329' title='bbox 935 1532 980 1555; x_wconf 79' lang='lat'>631</span> 
     </span>
     <span class='ocr_line' id='line_1_82' title="bbox 937 1602 982 1624; baseline -0.022 0"><span class='ocrx_word' id='word_1_330' title='bbox 937 1602 982 1624; x_wconf 75' lang='grc'>632</span> 
     </span>
     <span class='ocr_line' id='line_1_83' title="bbox 937 1670 981 1692; baseline 0 0"><span class='ocrx_word' id='word_1_331' title='bbox 937 1670 981 1692; x_wconf 70' lang='grc'>634</span> 
     </span>
     <span class='ocr_line' id='line_1_84' title="bbox 937 1741 981 1764; baseline -0.023 0"><span class='ocrx_word' id='word_1_332' title='bbox 937 1741 981 1764; x_wconf 89' lang='grc'>636</span> 
     </span>
    </p>
   </div>
   <div class='ocr_carea' id='block_1_10' title="bbox 938 1776 982 1834">
    <p class='ocr_par' dir='ltr' id='par_1_42' title="bbox 938 1776 982 1834">
     <span class='ocr_line' id='line_1_85' title="bbox 938 1776 981 1798; baseline 0 0"><span class='ocrx_word' id='word_1_333' title='bbox 938 1776 981 1798; x_wconf 76' lang='grc'>637</span> 
     </span>
     <span class='ocr_line' id='line_1_86' title="bbox 938 1811 982 1834; baseline 0.023 -1"><span class='ocrx_word' id='word_1_334' title='bbox 938 1811 982 1834; x_wconf 80' lang='grc'>639</span> 
     </span>
    </p>
   </div>
   <div class='ocr_carea' id='block_1_11' title="bbox 938 1915 983 2007">
    <p class='ocr_par' dir='ltr' id='par_1_43' title="bbox 938 1915 983 2007">
     <span class='ocr_line' id='line_1_87' title="bbox 938 1915 979 1938; baseline 0.024 -1"><span class='ocrx_word' id='word_1_335' title='bbox 938 1915 979 1938; x_wconf 76' lang='grc'>641</span> 
     </span>
     <span class='ocr_line' id='line_1_88' title="bbox 939 1950 983 1972; baseline 0 -1"><span class='ocrx_word' id='word_1_336' title='bbox 939 1950 983 1972; x_wconf 69' lang='grc'>612</span> 
     </span>
     <span class='ocr_line' id='line_1_89' title="bbox 939 1985 982 2007; baseline 0 0"><span class='ocrx_word' id='word_1_337' title='bbox 939 1985 982 2007; x_wconf 67' lang='grc'><strong>6131</strong></span> 
     </span>
    </p>
   </div>
   <div class='ocr_carea' id='block_1_12' title="bbox 939 2054 982 2077">
    <p class='ocr_par' dir='ltr' id='par_1_44' title="bbox 939 2054 982 2077">
     <span class='ocr_line' id='line_1_90' title="bbox 939 2054 982 2077; baseline 0 0"><span class='ocrx_word' id='word_1_338' title='bbox 939 2054 982 2077; x_wconf 64' lang='lat'>645)</span> 
     </span>
    </p>
   </div>
   <div class='ocr_carea' id='block_1_13' title="bbox 1037 205 1731 2182">
    <p class='ocr_par' dir='ltr' id='par_1_45' title="bbox 1040 205 1726 272">
     <span class='ocr_line' id='line_1_91' title="bbox 1040 205 1726 240; baseline 0.012 -13"><span class='ocrx_word' id='word_1_339' title='bbox 1040 205 1102 227; x_wconf 73' lang='grc' dir='ltr'>ΑΜ.</span> <span class='ocrx_word' id='word_1_340' title='bbox 1120 206 1143 228; x_wconf 82' lang='grc'>2.</span> <span class='ocrx_word' id='word_1_341' title='bbox 1169 206 1262 233; x_wconf 80' lang='lat' dir='ltr'>Quaest.</span> <span class='ocrx_word' id='word_1_342' title='bbox 1281 208 1304 230; x_wconf 84' lang='lat'>1.</span> <span class='ocrx_word' id='word_1_343' title='bbox 1327 208 1365 230; x_wconf 80' lang='lat' dir='ltr'>An</span> <span class='ocrx_word' id='word_1_344' title='bbox 1383 215 1486 232; x_wconf 81' lang='lat' dir='ltr'>necesse</span> <span class='ocrx_word' id='word_1_345' title='bbox 1509 209 1539 232; x_wconf 88' lang='lat' dir='ltr'>sit</span> <span class='ocrx_word' id='word_1_346' title='bbox 1559 210 1681 240; x_wconf 72' lang='lat' dir='ltr'>poenitere</span> <span class='ocrx_word' id='word_1_347' title='bbox 1696 212 1726 235; x_wconf 81' lang='lat' dir='ltr'>de</span> 
     </span>
     <span class='ocr_line' id='line_1_92' title="bbox 1070 240 1624 272; baseline 0.011 -10"><span class='ocrx_word' id='word_1_348' title='bbox 1070 240 1218 264; x_wconf 79' lang='lat' dir='ltr'>mortalibus</span> <span class='ocrx_word' id='word_1_349' title='bbox 1232 248 1278 271; x_wconf 87' lang='lat' dir='ltr'>per</span> <span class='ocrx_word' id='word_1_350' title='bbox 1288 241 1458 272; x_wconf 77' lang='lat' dir='ltr'>ignorantiam</span> <span class='ocrx_word' id='word_1_351' title='bbox 1473 244 1624 268; x_wconf 88' lang='lat' dir='ltr'>commissis.</span> 
     </span>
    </p>

    <p class='ocr_par' dir='ltr' id='par_1_46' title="bbox 1040 274 1727 377">
     <span class='ocr_line' id='line_1_93' title="bbox 1040 274 1727 310; baseline 0.012 -13"><span class='ocrx_word' id='word_1_352' title='bbox 1040 274 1135 301; x_wconf 79' lang='lat' dir='ltr'>Quaest.</span> <span class='ocrx_word' id='word_1_353' title='bbox 1146 277 1170 299; x_wconf 78' lang='lat'>2.</span> <span class='ocrx_word' id='word_1_354' title='bbox 1184 276 1273 300; x_wconf 76' lang='lat' dir='ltr'>[trum</span> <span class='ocrx_word' id='word_1_355' title='bbox 1288 277 1318 300; x_wconf 90' lang='lat' dir='ltr'>de</span> <span class='ocrx_word' id='word_1_356' title='bbox 1331 278 1442 307; x_wconf 86' lang='lat' dir='ltr'>peccatis</span> <span class='ocrx_word' id='word_1_357' title='bbox 1454 278 1564 303; x_wconf 81' lang='lat' dir='ltr'>scienter</span> <span class='ocrx_word' id='word_1_358' title='bbox 1576 281 1727 310; x_wconf 79' lang='lat' dir='ltr'>commissis.</span> 
     </span>
     <span class='ocr_line' id='line_1_94' title="bbox 1070 310 1726 346; baseline 0.011 -13"><span class='ocrx_word' id='word_1_359' title='bbox 1070 310 1234 340; x_wconf 87' lang='lat' dir='ltr'>postmodum</span> <span class='ocrx_word' id='word_1_360' title='bbox 1258 311 1359 341; x_wconf 87' lang='lat' dir='ltr'>oblitis,</span> <span class='ocrx_word' id='word_1_361' title='bbox 1376 314 1492 337; x_wconf 86' lang='lat' dir='ltr'>teneatur</span> <span class='ocrx_word' id='word_1_362' title='bbox 1514 314 1591 338; x_wconf 91' lang='lat' dir='ltr'>homo</span> <span class='ocrx_word' id='word_1_363' title='bbox 1614 317 1726 346; x_wconf 88' lang='lat' dir='ltr'>conteri,</span> 
     </span>
     <span class='ocr_line' id='line_1_95' title="bbox 1069 345 1685 377; baseline 0.011 -10"><span class='ocrx_word' id='word_1_364' title='bbox 1069 351 1102 368; x_wconf 76' lang='lat' dir='ltr'>an</span> <span class='ocrx_word' id='word_1_365' title='bbox 1116 345 1196 375; x_wconf 87' lang='lat' dir='ltr'>possit</span> <span class='ocrx_word' id='word_1_366' title='bbox 1210 345 1241 369; x_wconf 86' lang='lat' dir='ltr'>de</span> <span class='ocrx_word' id='word_1_367' title='bbox 1253 346 1343 370; x_wconf 83' lang='lat' dir='ltr'>talibus</span> <span class='ocrx_word' id='word_1_368' title='bbox 1357 347 1410 370; x_wconf 90' lang='lat' dir='ltr'>sine</span> <span class='ocrx_word' id='word_1_369' title='bbox 1422 348 1572 377; x_wconf 61' lang='lat' dir='ltr'>prenitentia</span> <span class='ocrx_word' id='word_1_370' title='bbox 1585 350 1685 374; x_wconf 81' lang='lat' dir='ltr'>salvari.</span> 
     </span>
    </p>

    <p class='ocr_par' dir='ltr' id='par_1_47' title="bbox 1039 380 1728 440">
     <span class='ocr_line' id='line_1_96' title="bbox 1039 380 1728 415; baseline 0.012 -13"><span class='ocrx_word' id='word_1_371' title='bbox 1039 380 1101 402; x_wconf 75' lang='lat' dir='ltr'>An&#39;r.</span> <span class='ocrx_word' id='word_1_372' title='bbox 1120 385 1158 403; x_wconf 83' lang='lat'>111.</span> <span class='ocrx_word' id='word_1_373' title='bbox 1174 381 1267 408; x_wconf 85' lang='lat' dir='ltr'>Quaest.</span> <span class='ocrx_word' id='word_1_374' title='bbox 1288 383 1308 405; x_wconf 92' lang='grc'>1.</span> <span class='ocrx_word' id='word_1_375' title='bbox 1331 382 1369 405; x_wconf 81' lang='lat' dir='ltr'>An</span> <span class='ocrx_word' id='word_1_376' title='bbox 1385 382 1481 406; x_wconf 87' lang='lat' dir='ltr'>veniale</span> <span class='ocrx_word' id='word_1_377' title='bbox 1501 387 1634 414; x_wconf 88' lang='lat' dir='ltr'>peccatum</span> <span class='ocrx_word' id='word_1_378' title='bbox 1648 386 1728 415; x_wconf 83' lang='lat' dir='ltr'>possit</span> 
     </span>
     <span class='ocr_line' id='line_1_97' title="bbox 1070 414 1253 440; baseline 0.016 -3"><span class='ocrx_word' id='word_1_379' title='bbox 1070 414 1124 438; x_wconf 82' lang='lat' dir='ltr'>fieri</span> <span class='ocrx_word' id='word_1_380' title='bbox 1138 416 1253 440; x_wconf 84' lang='lat' dir='ltr'>mortale.</span> 
     </span>
    </p>

    <p class='ocr_par' dir='ltr' id='par_1_48' title="bbox 1040 449 1727 514">
     <span class='ocr_line' id='line_1_98' title="bbox 1040 449 1727 483; baseline 0.01 -11"><span class='ocrx_word' id='word_1_381' title='bbox 1040 449 1134 477; x_wconf 81' lang='lat' dir='ltr'>Quaest.</span> <span class='ocrx_word' id='word_1_382' title='bbox 1156 451 1179 473; x_wconf 76' lang='lat'>2.</span> <span class='ocrx_word' id='word_1_383' title='bbox 1195 451 1234 474; x_wconf 81' lang='lat' dir='ltr'>An</span> <span class='ocrx_word' id='word_1_384' title='bbox 1248 451 1304 481; x_wconf 84' lang='lat' dir='ltr'>quis</span> <span class='ocrx_word' id='word_1_385' title='bbox 1318 453 1432 476; x_wconf 80' lang='lat' dir='ltr'>teneatur</span> <span class='ocrx_word' id='word_1_386' title='bbox 1450 454 1572 483; x_wconf 64' lang='lat' dir='ltr'>poenitere</span> <span class='ocrx_word' id='word_1_387' title='bbox 1590 455 1621 478; x_wconf 89' lang='lat' dir='ltr'>de</span> <span class='ocrx_word' id='word_1_388' title='bbox 1637 456 1727 479; x_wconf 81' lang='lat' dir='ltr'>veniali</span> 
     </span>
     <span class='ocr_line' id='line_1_99' title="bbox 1070 487 1186 514; baseline 0 -6"><span class='ocrx_word' id='word_1_389' title='bbox 1070 487 1186 514; x_wconf 83' lang='lat' dir='ltr'>peccato.</span> 
     </span>
    </p>

    <p class='ocr_par' dir='ltr' id='par_1_49' title="bbox 1041 519 1311 544">
     <span class='ocr_line' id='line_1_100' title="bbox 1041 519 1311 544; baseline 0.007 -2"><span class='ocrx_word' id='word_1_390' title='bbox 1041 519 1112 543; x_wconf 81' lang='lat' dir='ltr'>D1sr.</span> <span class='ocrx_word' id='word_1_391' title='bbox 1127 525 1192 543; x_wconf 77' lang='lat' dir='ltr'>xvn.</span> <span class='ocrx_word' id='word_1_392' title='bbox 1210 521 1277 544; x_wconf 48' lang='lat' dir='ltr'>Paris</span> <span class='ocrx_word' id='word_1_393' title='bbox 1294 527 1311 544; x_wconf 85' lang='lat'>1.</span> 
     </span>
    </p>

    <p class='ocr_par' dir='ltr' id='par_1_50' title="bbox 1042 554 1273 585">
     <span class='ocr_line' id='line_1_101' title="bbox 1042 554 1273 585; baseline 0.004 -7"><span class='ocrx_word' id='word_1_394' title='bbox 1042 554 1171 585; x_wconf 79' lang='lat' dir='ltr'>Expositio</span> <span class='ocrx_word' id='word_1_395' title='bbox 1183 557 1273 579; x_wconf 85' lang='lat' dir='ltr'>textus.</span> 
     </span>
    </p>

    <p class='ocr_par' dir='ltr' id='par_1_51' title="bbox 1040 590 1728 655">
     <span class='ocr_line' id='line_1_102' title="bbox 1040 590 1728 625; baseline 0.007 -12"><span class='ocrx_word' id='word_1_396' title='bbox 1040 590 1101 613; x_wconf 79' lang='lat' dir='ltr'>ARr.</span> <span class='ocrx_word' id='word_1_397' title='bbox 1120 595 1138 613; x_wconf 90' lang='lat'>1.</span> <span class='ocrx_word' id='word_1_398' title='bbox 1163 591 1257 618; x_wconf 83' lang='lat' dir='ltr'>Quaest.</span> <span class='ocrx_word' id='word_1_399' title='bbox 1285 594 1305 614; x_wconf 91' lang='grc'>1.</span> <span class='ocrx_word' id='word_1_400' title='bbox 1325 593 1363 614; x_wconf 75' lang='lat' dir='ltr'>An</span> <span class='ocrx_word' id='word_1_401' title='bbox 1386 592 1416 615; x_wconf 81' lang='lat' dir='ltr'>ad</span> <span class='ocrx_word' id='word_1_402' title='bbox 1432 592 1637 622; x_wconf 74' lang='lat' dir='ltr'>justificationem</span> <span class='ocrx_word' id='word_1_403' title='bbox 1658 595 1728 625; x_wconf 83' lang='lat' dir='ltr'>impii</span> 
     </span>
     <span class='ocr_line' id='line_1_103' title="bbox 1071 624 1480 655; baseline 0.005 -9"><span class='ocrx_word' id='word_1_404' title='bbox 1071 624 1214 648; x_wconf 76' lang='lat' dir='ltr'>necessaria</span> <span class='ocrx_word' id='word_1_405' title='bbox 1231 625 1263 648; x_wconf 89' lang='lat' dir='ltr'>sit</span> <span class='ocrx_word' id='word_1_406' title='bbox 1277 625 1364 655; x_wconf 75' lang='lat' dir='ltr'>gratiae</span> <span class='ocrx_word' id='word_1_407' title='bbox 1378 625 1480 650; x_wconf 84' lang='lat' dir='ltr'>infusio.</span> 
     </span>
    </p>

    <p class='ocr_par' dir='ltr' id='par_1_52' title="bbox 1041 659 1730 718">
     <span class='ocr_line' id='line_1_104' title="bbox 1041 659 1730 690; baseline 0.01 -9"><span class='ocrx_word' id='word_1_408' title='bbox 1041 659 1133 687; x_wconf 76' lang='lat' dir='ltr'>Quaest.</span> <span class='ocrx_word' id='word_1_409' title='bbox 1151 660 1174 682; x_wconf 76' lang='lat'>2.</span> <span class='ocrx_word' id='word_1_410' title='bbox 1190 661 1228 683; x_wconf 86' lang='lat' dir='ltr'>An</span> <span class='ocrx_word' id='word_1_411' title='bbox 1250 660 1282 683; x_wconf 80' lang='lat' dir='ltr'>nd</span> <span class='ocrx_word' id='word_1_412' title='bbox 1299 660 1506 690; x_wconf 82' lang='lat' dir='ltr'>justificationem</span> <span class='ocrx_word' id='word_1_413' title='bbox 1524 662 1555 686; x_wconf 89' lang='lat' dir='ltr'>sit</span> <span class='ocrx_word' id='word_1_414' title='bbox 1573 664 1730 688; x_wconf 85' lang='lat' dir='ltr'>necessarius</span> 
     </span>
     <span class='ocr_line' id='line_1_105' title="bbox 1071 694 1363 718; baseline 0.003 -1"><span class='ocrx_word' id='word_1_415' title='bbox 1071 696 1155 717; x_wconf 84' lang='lat' dir='ltr'>motus</span> <span class='ocrx_word' id='word_1_416' title='bbox 1169 694 1240 717; x_wconf 86' lang='lat' dir='ltr'>liberi</span> <span class='ocrx_word' id='word_1_417' title='bbox 1258 695 1363 718; x_wconf 82' lang='lat' dir='ltr'>arbitrii.</span> 
     </span>
    </p>

    <p class='ocr_par' dir='ltr' id='par_1_53' title="bbox 1041 729 1730 788">
     <span class='ocr_line' id='line_1_106' title="bbox 1041 729 1730 760; baseline 0.009 -9"><span class='ocrx_word' id='word_1_418' title='bbox 1041 729 1136 756; x_wconf 85' lang='lat' dir='ltr'>Qnaest.</span> <span class='ocrx_word' id='word_1_419' title='bbox 1159 731 1181 753; x_wconf 87' lang='grc'>3.</span> <span class='ocrx_word' id='word_1_420' title='bbox 1206 731 1243 753; x_wconf 78' lang='lat' dir='ltr'>An</span> <span class='ocrx_word' id='word_1_421' title='bbox 1264 731 1293 753; x_wconf 83' lang='lat' dir='ltr'>ad</span> <span class='ocrx_word' id='word_1_422' title='bbox 1315 730 1522 760; x_wconf 78' lang='lat' dir='ltr'>justificationem</span> <span class='ocrx_word' id='word_1_423' title='bbox 1540 733 1682 757; x_wconf 70' lang='lat' dir='ltr'>necessaria</span> <span class='ocrx_word' id='word_1_424' title='bbox 1699 734 1730 757; x_wconf 88' lang='lat' dir='ltr'>sit</span> 
     </span>
     <span class='ocr_line' id='line_1_107' title="bbox 1072 764 1200 788; baseline 0.008 -1"><span class='ocrx_word' id='word_1_425' title='bbox 1072 764 1200 788; x_wconf 85' lang='lat' dir='ltr'>contritio.</span> 
     </span>
    </p>

    <p class='ocr_par' dir='ltr' id='par_1_54' title="bbox 1041 799 1730 857">
     <span class='ocr_line' id='line_1_108' title="bbox 1041 799 1730 829; baseline 0.007 -7"><span class='ocrx_word' id='word_1_426' title='bbox 1041 799 1134 826; x_wconf 82' lang='lat' dir='ltr'>Quaest.</span> <span class='ocrx_word' id='word_1_427' title='bbox 1152 800 1174 823; x_wconf 68' lang='lat'>4.</span> <span class='ocrx_word' id='word_1_428' title='bbox 1196 801 1234 823; x_wconf 84' lang='lat' dir='ltr'>An</span> <span class='ocrx_word' id='word_1_429' title='bbox 1257 800 1287 823; x_wconf 86' lang='lat' dir='ltr'>ad</span> <span class='ocrx_word' id='word_1_430' title='bbox 1306 800 1513 829; x_wconf 81' lang='lat' dir='ltr'>justificationem</span> <span class='ocrx_word' id='word_1_431' title='bbox 1535 803 1678 826; x_wconf 82' lang='lat' dir='ltr'>necessaria</span> <span class='ocrx_word' id='word_1_432' title='bbox 1698 803 1730 827; x_wconf 87' lang='lat' dir='ltr'>sit</span> 
     </span>
     <span class='ocr_line' id='line_1_109' title="bbox 1071 834 1203 857; baseline 0 0"><span class='ocrx_word' id='word_1_433' title='bbox 1071 834 1203 857; x_wconf 87' lang='lat' dir='ltr'>confessio.</span> 
     </span>
    </p>

    <p class='ocr_par' dir='ltr' id='par_1_55' title="bbox 1040 869 1729 934">
     <span class='ocr_line' id='line_1_110' title="bbox 1040 869 1729 900; baseline 0.007 -9"><span class='ocrx_word' id='word_1_434' title='bbox 1040 869 1103 892; x_wconf 75' lang='lat' dir='ltr'>Anr.</span> <span class='ocrx_word' id='word_1_435' title='bbox 1121 874 1149 892; x_wconf 84' lang='grc'>11.</span> <span class='ocrx_word' id='word_1_436' title='bbox 1169 869 1262 896; x_wconf 84' lang='lat' dir='ltr'>Quaest.</span> <span class='ocrx_word' id='word_1_437' title='bbox 1277 872 1296 893; x_wconf 86' lang='lat'>1.</span> <span class='ocrx_word' id='word_1_438' title='bbox 1317 872 1354 893; x_wconf 81' lang='lat' dir='ltr'>An</span> <span class='ocrx_word' id='word_1_439' title='bbox 1373 871 1459 900; x_wconf 74' lang='lat' dir='ltr'>gratiae</span> <span class='ocrx_word' id='word_1_440' title='bbox 1474 871 1565 895; x_wconf 88' lang='lat' dir='ltr'>infusio</span> <span class='ocrx_word' id='word_1_441' title='bbox 1586 873 1729 896; x_wconf 89' lang='lat' dir='ltr'>necessario</span> 
     </span>
     <span class='ocr_line' id='line_1_111' title="bbox 1070 903 1489 934; baseline 0.005 -8"><span class='ocrx_word' id='word_1_442' title='bbox 1070 903 1199 932; x_wconf 78' lang='lat' dir='ltr'>praecedat</span> <span class='ocrx_word' id='word_1_443' title='bbox 1211 903 1290 933; x_wconf 80' lang='lat' dir='ltr'>culpae</span> <span class='ocrx_word' id='word_1_444' title='bbox 1306 905 1489 934; x_wconf 72' lang='lat' dir='ltr'>expulsionem.</span> 
     </span>
    </p>

    <p class='ocr_par' dir='ltr' id='par_1_56' title="bbox 1040 939 1719 997">
     <span class='ocr_line' id='line_1_112' title="bbox 1040 939 1719 972; baseline 0.006 -11"><span class='ocrx_word' id='word_1_445' title='bbox 1040 939 1135 966; x_wconf 78' lang='lat' dir='ltr'>Quaest.</span> <span class='ocrx_word' id='word_1_446' title='bbox 1149 940 1170 962; x_wconf 82' lang='lat'>1.</span> <span class='ocrx_word' id='word_1_447' title='bbox 1184 939 1222 961; x_wconf 81' lang='lat' dir='ltr'>An</span> <span class='ocrx_word' id='word_1_448' title='bbox 1233 939 1347 969; x_wconf 80' lang='lat' dir='ltr'>expulsio</span> <span class='ocrx_word' id='word_1_449' title='bbox 1358 940 1437 970; x_wconf 62' lang='lat' dir='ltr'>culpae</span> <span class='ocrx_word' id='word_1_450' title='bbox 1450 941 1592 965; x_wconf 80' lang='lat' dir='ltr'>necessario</span> <span class='ocrx_word' id='word_1_451' title='bbox 1602 942 1719 972; x_wconf 78' lang='lat' dir='ltr'>praeceda</span> 
     </span>
     <span class='ocr_line' id='line_1_113' title="bbox 1071 973 1257 997; baseline 0.011 -2"><span class='ocrx_word' id='word_1_452' title='bbox 1071 973 1257 997; x_wconf 86' lang='lat' dir='ltr'>contritionem.</span> 
     </span>
    </p>

    <p class='ocr_par' dir='ltr' id='par_1_57' title="bbox 1040 1008 1731 1073">
     <span class='ocr_line' id='line_1_114' title="bbox 1040 1008 1731 1040; baseline 0.006 -10"><span class='ocrx_word' id='word_1_453' title='bbox 1040 1008 1135 1035; x_wconf 82' lang='lat' dir='ltr'>Quaest.</span> <span class='ocrx_word' id='word_1_454' title='bbox 1154 1009 1176 1031; x_wconf 90' lang='lat'>3.</span> <span class='ocrx_word' id='word_1_455' title='bbox 1192 1010 1230 1031; x_wconf 88' lang='lat' dir='ltr'>An</span> <span class='ocrx_word' id='word_1_456' title='bbox 1247 1015 1352 1032; x_wconf 82' lang='lat' dir='ltr'>necesse</span> <span class='ocrx_word' id='word_1_457' title='bbox 1369 1009 1402 1032; x_wconf 83' lang='lat' dir='ltr'>sit</span> <span class='ocrx_word' id='word_1_458' title='bbox 1416 1010 1484 1039; x_wconf 87' lang='lat' dir='ltr'>quod</span> <span class='ocrx_word' id='word_1_459' title='bbox 1499 1010 1593 1033; x_wconf 82' lang='lat' dir='ltr'>attritio</span> <span class='ocrx_word' id='word_1_460' title='bbox 1605 1011 1731 1040; x_wconf 67' lang='lat' dir='ltr'>praecedat</span> 
     </span>
     <span class='ocr_line' id='line_1_115' title="bbox 1071 1042 1646 1073; baseline 0.007 -8"><span class='ocrx_word' id='word_1_461' title='bbox 1071 1042 1142 1072; x_wconf 82' lang='lat' dir='ltr'>impii</span> <span class='ocrx_word' id='word_1_462' title='bbox 1152 1043 1358 1073; x_wconf 76' lang='lat' dir='ltr'>Justificationem</span> <span class='ocrx_word' id='word_1_463' title='bbox 1367 1061 1374 1072; x_wconf 94' lang='lat'><strong><em>,</em></strong></span> <span class='ocrx_word' id='word_1_464' title='bbox 1389 1044 1441 1067; x_wconf 77' lang='lat' dir='ltr'>sive</span> <span class='ocrx_word' id='word_1_465' title='bbox 1458 1045 1646 1069; x_wconf 82' lang='lat' dir='ltr'>contritionem.</span> 
     </span>
    </p>

    <p class='ocr_par' dir='ltr' id='par_1_58' title="bbox 1040 1078 1730 1136">
     <span class='ocr_line' id='line_1_116' title="bbox 1040 1078 1730 1110; baseline 0.006 -10"><span class='ocrx_word' id='word_1_466' title='bbox 1040 1078 1133 1104; x_wconf 82' lang='lat' dir='ltr'>Quaest.</span> <span class='ocrx_word' id='word_1_467' title='bbox 1149 1078 1171 1101; x_wconf 84' lang='lat'>4.</span> <span class='ocrx_word' id='word_1_468' title='bbox 1187 1078 1224 1101; x_wconf 86' lang='lat' dir='ltr'>An</span> <span class='ocrx_word' id='word_1_469' title='bbox 1238 1078 1363 1102; x_wconf 84' lang='lat' dir='ltr'>confessio</span> <span class='ocrx_word' id='word_1_470' title='bbox 1376 1079 1519 1103; x_wconf 83' lang='lat' dir='ltr'>necessario</span> <span class='ocrx_word' id='word_1_471' title='bbox 1532 1080 1730 1110; x_wconf 83' lang='lat' dir='ltr'>sequaturjusti-</span> 
     </span>
     <span class='ocr_line' id='line_1_117' title="bbox 1070 1111 1222 1136; baseline 0.02 -3"><span class='ocrx_word' id='word_1_472' title='bbox 1070 1111 1222 1136; x_wconf 77' lang='lat' dir='ltr'>ficationem.</span> 
     </span>
    </p>

    <p class='ocr_par' dir='ltr' id='par_1_59' title="bbox 1040 1147 1156 1170">
     <span class='ocr_line' id='line_1_118' title="bbox 1040 1147 1156 1170; baseline 0.009 -1"><span class='ocrx_word' id='word_1_473' title='bbox 1040 1147 1107 1170; x_wconf 66' lang='lat' dir='ltr'>PARS</span> <span class='ocrx_word' id='word_1_474' title='bbox 1125 1153 1156 1170; x_wconf 89' lang='grc'>11.</span> 
     </span>
    </p>

    <p class='ocr_par' dir='ltr' id='par_1_60' title="bbox 1039 1181 1277 1211">
     <span class='ocr_line' id='line_1_119' title="bbox 1039 1181 1277 1211; baseline 0.004 -7"><span class='ocrx_word' id='word_1_475' title='bbox 1039 1181 1169 1211; x_wconf 76' lang='lat' dir='ltr'>Expositio</span> <span class='ocrx_word' id='word_1_476' title='bbox 1184 1183 1277 1205; x_wconf 79' lang='lat' dir='ltr'>textus.</span> 
     </span>
    </p>

    <p class='ocr_par' dir='ltr' id='par_1_61' title="bbox 1039 1217 1727 1282">
     <span class='ocr_line' id='line_1_120' title="bbox 1039 1217 1727 1244; baseline 0.006 -5"><span class='ocrx_word' id='word_1_477' title='bbox 1039 1218 1100 1240; x_wconf 70' lang='grc' dir='ltr'>ΛΠ.</span> <span class='ocrx_word' id='word_1_478' title='bbox 1117 1223 1134 1240; x_wconf 92' lang='grc'>1.</span> <span class='ocrx_word' id='word_1_479' title='bbox 1151 1217 1244 1244; x_wconf 81' lang='lat' dir='ltr'>Quaest.</span> <span class='ocrx_word' id='word_1_480' title='bbox 1264 1219 1284 1241; x_wconf 92' lang='grc'>1.</span> <span class='ocrx_word' id='word_1_481' title='bbox 1305 1219 1342 1240; x_wconf 84' lang='lat' dir='ltr'>An</span> <span class='ocrx_word' id='word_1_482' title='bbox 1359 1218 1506 1241; x_wconf 86' lang='lat' dir='ltr'>mandatum</span> <span class='ocrx_word' id='word_1_483' title='bbox 1523 1218 1554 1242; x_wconf 86' lang='lat' dir='ltr'>de</span> <span class='ocrx_word' id='word_1_484' title='bbox 1569 1219 1727 1243; x_wconf 76' lang='lat' dir='ltr'>confessione</span> 
     </span>
     <span class='ocr_line' id='line_1_121' title="bbox 1068 1251 1457 1282; baseline 0.005 -8"><span class='ocrx_word' id='word_1_485' title='bbox 1068 1251 1194 1280; x_wconf 80' lang='lat' dir='ltr'>pertineat</span> <span class='ocrx_word' id='word_1_486' title='bbox 1208 1252 1239 1275; x_wconf 91' lang='lat' dir='ltr'>ad</span> <span class='ocrx_word' id='word_1_487' title='bbox 1253 1251 1335 1282; x_wconf 83' lang='lat' dir='ltr'>legem</span> <span class='ocrx_word' id='word_1_488' title='bbox 1350 1255 1457 1276; x_wconf 70' lang='lat' dir='ltr'>naturae.</span> 
     </span>
    </p>

    <p class='ocr_par' dir='ltr' id='par_1_62' title="bbox 1039 1287 1727 1351">
     <span class='ocr_line' id='line_1_122' title="bbox 1039 1287 1727 1319; baseline 0.004 -10"><span class='ocrx_word' id='word_1_489' title='bbox 1039 1287 1131 1314; x_wconf 71' lang='lat' dir='ltr'>Qucest.</span> <span class='ocrx_word' id='word_1_490' title='bbox 1155 1288 1179 1310; x_wconf 80' lang='lat'>2.</span> <span class='ocrx_word' id='word_1_491' title='bbox 1202 1287 1239 1310; x_wconf 85' lang='lat' dir='ltr'>An</span> <span class='ocrx_word' id='word_1_492' title='bbox 1259 1287 1384 1311; x_wconf 86' lang='lat' dir='ltr'>confessio</span> <span class='ocrx_word' id='word_1_493' title='bbox 1404 1287 1480 1311; x_wconf 81' lang='lat' dir='ltr'>fuerit</span> <span class='ocrx_word' id='word_1_494' title='bbox 1496 1287 1608 1312; x_wconf 86' lang='lat' dir='ltr'>instituta</span> <span class='ocrx_word' id='word_1_495' title='bbox 1629 1288 1652 1311; x_wconf 91' lang='lat' dir='ltr'>in</span> <span class='ocrx_word' id='word_1_496' title='bbox 1672 1288 1727 1319; x_wconf 84' lang='lat' dir='ltr'>lege</span> 
     </span>
     <span class='ocr_line' id='line_1_123' title="bbox 1068 1321 1170 1351; baseline 0.01 -7"><span class='ocrx_word' id='word_1_497' title='bbox 1068 1321 1170 1351; x_wconf 64' lang='lat' dir='ltr'>scripta,</span> 
     </span>
    </p>

    <p class='ocr_par' dir='ltr' id='par_1_63' title="bbox 1038 1357 1729 1422">
     <span class='ocr_line' id='line_1_124' title="bbox 1038 1357 1729 1384; baseline 0.004 -5"><span class='ocrx_word' id='word_1_498' title='bbox 1038 1357 1132 1384; x_wconf 70' lang='lat' dir='ltr'>Queest.</span> <span class='ocrx_word' id='word_1_499' title='bbox 1160 1357 1184 1379; x_wconf 90' lang='grc'>3.</span> <span class='ocrx_word' id='word_1_500' title='bbox 1210 1357 1298 1380; x_wconf 67' lang='lat' dir='ltr'>Utrum</span> <span class='ocrx_word' id='word_1_501' title='bbox 1323 1357 1450 1381; x_wconf 86' lang='lat' dir='ltr'>confessio</span> <span class='ocrx_word' id='word_1_502' title='bbox 1477 1357 1552 1381; x_wconf 86' lang='lat' dir='ltr'>fuerit</span> <span class='ocrx_word' id='word_1_503' title='bbox 1575 1358 1687 1382; x_wconf 85' lang='lat' dir='ltr'>instituta</span> <span class='ocrx_word' id='word_1_504' title='bbox 1715 1366 1729 1382; x_wconf 87' lang='lat' dir='ltr'>a</span> 
     </span>
     <span class='ocr_line' id='line_1_125' title="bbox 1068 1390 1446 1422; baseline 0.005 -9"><span class='ocrx_word' id='word_1_505' title='bbox 1068 1390 1180 1419; x_wconf 78' lang='lat' dir='ltr'>Christo,</span> <span class='ocrx_word' id='word_1_506' title='bbox 1197 1398 1229 1414; x_wconf 86' lang='lat' dir='ltr'>an</span> <span class='ocrx_word' id='word_1_507' title='bbox 1244 1391 1275 1414; x_wconf 85' lang='lat' dir='ltr'>ab</span> <span class='ocrx_word' id='word_1_508' title='bbox 1290 1391 1372 1422; x_wconf 87' lang='lat' dir='ltr'>aliquo</span> <span class='ocrx_word' id='word_1_509' title='bbox 1387 1392 1446 1415; x_wconf 85' lang='lat' dir='ltr'>alio.</span> 
     </span>
    </p>

    <p class='ocr_par' dir='ltr' id='par_1_64' title="bbox 1038 1426 1727 1485">
     <span class='ocr_line' id='line_1_126' title="bbox 1038 1426 1727 1458; baseline 0.003 -9"><span class='ocrx_word' id='word_1_510' title='bbox 1038 1427 1100 1449; x_wconf 67' lang='grc' dir='ltr'><strong>ΛΒΤ.</strong></span> <span class='ocrx_word' id='word_1_511' title='bbox 1114 1431 1141 1449; x_wconf 90' lang='grc'>11.</span> <span class='ocrx_word' id='word_1_512' title='bbox 1155 1426 1248 1453; x_wconf 80' lang='lat' dir='ltr'>Quaest.</span> <span class='ocrx_word' id='word_1_513' title='bbox 1261 1428 1283 1450; x_wconf 82' lang='lat'>1.</span> <span class='ocrx_word' id='word_1_514' title='bbox 1296 1428 1334 1450; x_wconf 83' lang='lat' dir='ltr'>An</span> <span class='ocrx_word' id='word_1_515' title='bbox 1347 1433 1436 1450; x_wconf 87' lang='lat' dir='ltr'>omnes</span> <span class='ocrx_word' id='word_1_516' title='bbox 1446 1426 1534 1456; x_wconf 82' lang='lat' dir='ltr'>adulti,</span> <span class='ocrx_word' id='word_1_517' title='bbox 1548 1428 1607 1451; x_wconf 83' lang='lat' dir='ltr'>boni</span> <span class='ocrx_word' id='word_1_518' title='bbox 1623 1429 1648 1452; x_wconf 90' lang='lat' dir='ltr'>et</span> <span class='ocrx_word' id='word_1_519' title='bbox 1659 1428 1727 1458; x_wconf 83' lang='lat' dir='ltr'>maii,</span> 
     </span>
     <span class='ocr_line' id='line_1_127' title="bbox 1068 1460 1456 1485; baseline 0.003 -2"><span class='ocrx_word' id='word_1_520' title='bbox 1068 1460 1099 1483; x_wconf 87' lang='lat' dir='ltr'>ad</span> <span class='ocrx_word' id='word_1_521' title='bbox 1114 1460 1301 1484; x_wconf 84' lang='lat' dir='ltr'>confessionem</span> <span class='ocrx_word' id='word_1_522' title='bbox 1314 1463 1456 1485; x_wconf 87' lang='lat' dir='ltr'>teneantur.</span> 
     </span>
    </p>

    <p class='ocr_par' dir='ltr' id='par_1_65' title="bbox 1037 1496 1727 1554">
     <span class='ocr_line' id='line_1_128' title="bbox 1037 1496 1727 1527; baseline 0.003 -9"><span class='ocrx_word' id='word_1_523' title='bbox 1037 1496 1133 1523; x_wconf 77' lang='lat' dir='ltr'>Quaest.</span> <span class='ocrx_word' id='word_1_524' title='bbox 1148 1497 1170 1519; x_wconf 84' lang='lat'>2.</span> <span class='ocrx_word' id='word_1_525' title='bbox 1187 1497 1225 1519; x_wconf 79' lang='lat' dir='ltr'>An</span> <span class='ocrx_word' id='word_1_526' title='bbox 1237 1497 1356 1525; x_wconf 85' lang='lat' dir='ltr'>peccator</span> <span class='ocrx_word' id='word_1_527' title='bbox 1367 1496 1461 1527; x_wconf 72' lang='lat' dir='ltr'>statim,</span> <span class='ocrx_word' id='word_1_528' title='bbox 1474 1503 1531 1520; x_wconf 89' lang='lat' dir='ltr'>cum</span> <span class='ocrx_word' id='word_1_529' title='bbox 1543 1496 1631 1526; x_wconf 84' lang='lat' dir='ltr'>possit,</span> <span class='ocrx_word' id='word_1_530' title='bbox 1644 1498 1727 1520; x_wconf 80' lang='lat' dir='ltr'>tenea-</span> 
     </span>
     <span class='ocr_line' id='line_1_129' title="bbox 1068 1530 1249 1554; baseline 0 -1"><span class='ocrx_word' id='word_1_531' title='bbox 1068 1532 1107 1554; x_wconf 91' lang='lat' dir='ltr'>tur</span> <span class='ocrx_word' id='word_1_532' title='bbox 1126 1530 1249 1554; x_wconf 82' lang='lat' dir='ltr'>confiteri.</span> 
     </span>
    </p>

    <p class='ocr_par' dir='ltr' id='par_1_66' title="bbox 1037 1565 1729 1624">
     <span class='ocr_line' id='line_1_130' title="bbox 1037 1565 1729 1596; baseline 0 -7"><span class='ocrx_word' id='word_1_533' title='bbox 1037 1566 1134 1593; x_wconf 77' lang='lat' dir='ltr'>Quaest.</span> <span class='ocrx_word' id='word_1_534' title='bbox 1144 1567 1166 1588; x_wconf 85' lang='lat'>3.</span> <span class='ocrx_word' id='word_1_535' title='bbox 1179 1566 1216 1588; x_wconf 79' lang='lat' dir='ltr'>An</span> <span class='ocrx_word' id='word_1_536' title='bbox 1232 1565 1286 1595; x_wconf 83' lang='lat' dir='ltr'>quis</span> <span class='ocrx_word' id='word_1_537' title='bbox 1297 1565 1422 1596; x_wconf 80' lang='lat' dir='ltr'>obligetur</span> <span class='ocrx_word' id='word_1_538' title='bbox 1436 1572 1466 1589; x_wconf 81' lang='lat' dir='ltr'>ex</span> <span class='ocrx_word' id='word_1_539' title='bbox 1482 1566 1601 1589; x_wconf 78' lang='lat' dir='ltr'>charitate</span> <span class='ocrx_word' id='word_1_540' title='bbox 1617 1566 1647 1589; x_wconf 83' lang='lat' dir='ltr'>ad</span> <span class='ocrx_word' id='word_1_541' title='bbox 1663 1573 1729 1589; x_wconf 90' lang='lat' dir='ltr'>con-</span> 
     </span>
     <span class='ocr_line' id='line_1_131' title="bbox 1067 1600 1211 1624; baseline 0 -1"><span class='ocrx_word' id='word_1_542' title='bbox 1067 1600 1211 1624; x_wconf 84' lang='lat' dir='ltr'>sessionem.</span> 
     </span>
    </p>

    <p class='ocr_par' dir='ltr' id='par_1_67' title="bbox 1038 1636 1171 1659">
     <span class='ocr_line' id='line_1_132' title="bbox 1038 1636 1171 1659; baseline -0.023 0"><span class='ocrx_word' id='word_1_543' title='bbox 1038 1636 1115 1659; x_wconf 64' lang='lat' dir='ltr'>PARs.</span> <span class='ocrx_word' id='word_1_544' title='bbox 1135 1640 1171 1657; x_wconf 84' lang='lat'>111.</span> 
     </span>
    </p>

    <p class='ocr_par' dir='ltr' id='par_1_68' title="bbox 1038 1669 1277 1698">
     <span class='ocr_line' id='line_1_133' title="bbox 1038 1669 1277 1698; baseline -0.004 -6"><span class='ocrx_word' id='word_1_545' title='bbox 1038 1669 1167 1698; x_wconf 81' lang='lat' dir='ltr'>Expositio</span> <span class='ocrx_word' id='word_1_546' title='bbox 1186 1669 1277 1692; x_wconf 74' lang='lat' dir='ltr'>textus⁷</span> 
     </span>
    </p>

    <p class='ocr_par' dir='ltr' id='par_1_69' title="bbox 1039 1704 1671 1731">
     <span class='ocr_line' id='line_1_134' title="bbox 1039 1704 1671 1731; baseline 0.002 -4"><span class='ocrx_word' id='word_1_547' title='bbox 1039 1708 1099 1728; x_wconf 77' lang='lat' dir='ltr'>ART.</span> <span class='ocrx_word' id='word_1_548' title='bbox 1117 1710 1134 1727; x_wconf 86' lang='lat'>1.</span> <span class='ocrx_word' id='word_1_549' title='bbox 1152 1704 1239 1731; x_wconf 71' lang='lat' dir='ltr'>Quaest</span> <span class='ocrx_word' id='word_1_550' title='bbox 1264 1706 1285 1727; x_wconf 94' lang='grc'>1.</span> <span class='ocrx_word' id='word_1_551' title='bbox 1301 1706 1339 1727; x_wconf 78' lang='lat' dir='ltr'>An</span> <span class='ocrx_word' id='word_1_552' title='bbox 1351 1704 1459 1727; x_wconf 82' lang='lat' dir='ltr'>sufficiat</span> <span class='ocrx_word' id='word_1_553' title='bbox 1473 1705 1587 1728; x_wconf 74' lang='lat' dir='ltr'>confiteri</span> <span class='ocrx_word' id='word_1_554' title='bbox 1598 1705 1671 1728; x_wconf 81' lang='lat' dir='ltr'>laico.</span> 
     </span>
    </p>

    <p class='ocr_par' dir='ltr' id='par_1_70' title="bbox 1038 1739 1728 1839">
     <span class='ocr_line' id='line_1_135' title="bbox 1038 1739 1728 1769; baseline 0.001 -7"><span class='ocrx_word' id='word_1_555' title='bbox 1038 1740 1130 1767; x_wconf 77' lang='lat' dir='ltr'>Quaest.</span> <span class='ocrx_word' id='word_1_556' title='bbox 1142 1740 1164 1762; x_wconf 76' lang='lat'>2.</span> <span class='ocrx_word' id='word_1_557' title='bbox 1178 1740 1266 1762; x_wconf 68' lang='lat' dir='ltr'>strum</span> <span class='ocrx_word' id='word_1_558' title='bbox 1277 1741 1365 1762; x_wconf 87' lang='lat' dir='ltr'>contra</span> <span class='ocrx_word' id='word_1_559' title='bbox 1375 1739 1532 1762; x_wconf 69' lang='lat' dir='ltr'>voluntatem</span> <span class='ocrx_word' id='word_1_560' title='bbox 1543 1739 1638 1769; x_wconf 82' lang='lat' dir='ltr'>proprii</span> <span class='ocrx_word' id='word_1_561' title='bbox 1649 1747 1728 1763; x_wconf 82' lang='lat' dir='ltr'>sacer-</span> 
     </span>
     <span class='ocr_line' id='line_1_136' title="bbox 1069 1773 1727 1804; baseline 0.002 -7"><span class='ocrx_word' id='word_1_562' title='bbox 1069 1774 1134 1797; x_wconf 87' lang='lat' dir='ltr'>dotis</span> <span class='ocrx_word' id='word_1_563' title='bbox 1149 1773 1223 1797; x_wconf 77' lang='lat' dir='ltr'>liceat</span> <span class='ocrx_word' id='word_1_564' title='bbox 1235 1773 1352 1797; x_wconf 81' lang='lat' dir='ltr'>confiteri</span> <span class='ocrx_word' id='word_1_565' title='bbox 1363 1774 1403 1796; x_wconf 88' lang='lat' dir='ltr'>alii</span> <span class='ocrx_word' id='word_1_566' title='bbox 1414 1774 1565 1804; x_wconf 81' lang='lat' dir='ltr'>discretiori,</span> <span class='ocrx_word' id='word_1_567' title='bbox 1575 1781 1606 1797; x_wconf 88' lang='lat' dir='ltr'>an</span> <span class='ocrx_word' id='word_1_568' title='bbox 1617 1781 1678 1798; x_wconf 86' lang='lat' dir='ltr'>vero</span> <span class='ocrx_word' id='word_1_569' title='bbox 1693 1777 1727 1798; x_wconf 84' lang='lat' dir='ltr'>te-</span> 
     </span>
     <span class='ocr_line' id='line_1_137' title="bbox 1069 1808 1668 1839; baseline 0.002 -8"><span class='ocrx_word' id='word_1_570' title='bbox 1069 1811 1159 1832; x_wconf 83' lang='lat' dir='ltr'>neatur</span> <span class='ocrx_word' id='word_1_571' title='bbox 1172 1808 1278 1839; x_wconf 80' lang='lat' dir='ltr'>quisque</span> <span class='ocrx_word' id='word_1_572' title='bbox 1289 1809 1403 1832; x_wconf 83' lang='lat' dir='ltr'>confiteri</span> <span class='ocrx_word' id='word_1_573' title='bbox 1418 1809 1520 1839; x_wconf 87' lang='lat' dir='ltr'>proprio</span> <span class='ocrx_word' id='word_1_574' title='bbox 1535 1809 1668 1832; x_wconf 79' lang='lat' dir='ltr'>sacerdoti.</span> 
     </span>
    </p>

    <p class='ocr_par' dir='ltr' id='par_1_71' title="bbox 1039 1843 1727 1936">
     <span class='ocr_line' id='line_1_138' title="bbox 1039 1843 1727 1874; baseline 0 -8"><span class='ocrx_word' id='word_1_575' title='bbox 1039 1845 1132 1871; x_wconf 75' lang='lat' dir='ltr'>Quaest.</span> <span class='ocrx_word' id='word_1_576' title='bbox 1157 1844 1181 1866; x_wconf 86' lang='lat'>3.</span> <span class='ocrx_word' id='word_1_577' title='bbox 1205 1844 1294 1866; x_wconf 70' lang='lat' dir='ltr'>[trum</span> <span class='ocrx_word' id='word_1_578' title='bbox 1312 1850 1414 1866; x_wconf 78' lang='lat' dir='ltr'>necesse</span> <span class='ocrx_word' id='word_1_579' title='bbox 1436 1844 1467 1866; x_wconf 89' lang='lat' dir='ltr'>sit</span> <span class='ocrx_word' id='word_1_580' title='bbox 1490 1843 1603 1866; x_wconf 81' lang='lat' dir='ltr'>confiteri</span> <span class='ocrx_word' id='word_1_581' title='bbox 1626 1844 1727 1874; x_wconf 83' lang='lat' dir='ltr'>proprio</span> 
     </span>
     <span class='ocr_line' id='line_1_139' title="bbox 1069 1878 1727 1908; baseline 0.002 -7"><span class='ocrx_word' id='word_1_582' title='bbox 1069 1878 1194 1901; x_wconf 71' lang='lat' dir='ltr'>sacerdoti</span> <span class='ocrx_word' id='word_1_583' title='bbox 1209 1884 1295 1901; x_wconf 86' lang='lat' dir='ltr'>coram</span> <span class='ocrx_word' id='word_1_584' title='bbox 1319 1878 1414 1908; x_wconf 84' lang='lat' dir='ltr'>populo</span> <span class='ocrx_word' id='word_1_585' title='bbox 1425 1898 1430 1907; x_wconf 85' lang='lat'><em>‚</em></span> <span class='ocrx_word' id='word_1_586' title='bbox 1446 1885 1477 1901; x_wconf 81' lang='lat' dir='ltr'>an</span> <span class='ocrx_word' id='word_1_587' title='bbox 1493 1878 1598 1902; x_wconf 77' lang='lat' dir='ltr'>sufficiat</span> <span class='ocrx_word' id='word_1_588' title='bbox 1613 1878 1727 1902; x_wconf 81' lang='lat' dir='ltr'>confiteri</span> 
     </span>
     <span class='ocr_line' id='line_1_140' title="bbox 1070 1912 1217 1936; baseline -0.007 0"><span class='ocrx_word' id='word_1_589' title='bbox 1070 1913 1094 1936; x_wconf 92' lang='lat' dir='ltr'>in</span> <span class='ocrx_word' id='word_1_590' title='bbox 1109 1912 1217 1936; x_wconf 83' lang='lat' dir='ltr'>occulto.</span> 
     </span>
    </p>

    <p class='ocr_par' dir='ltr' id='par_1_72' title="bbox 1039 1948 1726 2013">
     <span class='ocr_line' id='line_1_141' title="bbox 1039 1948 1726 1978; baseline 0 -7"><span class='ocrx_word' id='word_1_591' title='bbox 1039 1950 1099 1971; x_wconf 74' lang='lat' dir='ltr'>An&#39;r.</span> <span class='ocrx_word' id='word_1_592' title='bbox 1117 1953 1145 1971; x_wconf 85' lang='grc'>11.</span> <span class='ocrx_word' id='word_1_593' title='bbox 1164 1949 1257 1975; x_wconf 70' lang='lat' dir='ltr'>Qumst.</span> <span class='ocrx_word' id='word_1_594' title='bbox 1276 1950 1295 1970; x_wconf 95' lang='lat' dir='ltr'>l.</span> <span class='ocrx_word' id='word_1_595' title='bbox 1315 1948 1351 1971; x_wconf 81' lang='lat' dir='ltr'>Au</span> <span class='ocrx_word' id='word_1_596' title='bbox 1367 1949 1481 1978; x_wconf 81' lang='lat' dir='ltr'>oporteat</span> <span class='ocrx_word' id='word_1_597' title='bbox 1496 1948 1608 1971; x_wconf 76' lang='lat' dir='ltr'>confiteri</span> <span class='ocrx_word' id='word_1_598' title='bbox 1624 1954 1726 1971; x_wconf 89' lang='lat' dir='ltr'>omnem</span> 
     </span>
     <span class='ocr_line' id='line_1_142' title="bbox 1070 1983 1316 2013; baseline -0.008 -6"><span class='ocrx_word' id='word_1_599' title='bbox 1070 1983 1168 2013; x_wconf 80' lang='lat' dir='ltr'>culpan]</span> <span class='ocrx_word' id='word_1_600' title='bbox 1183 1983 1316 2005; x_wconf 84' lang='lat' dir='ltr'>vcnialcrn.</span> 
     </span>
    </p>

    <p class='ocr_par' dir='ltr' id='par_1_73' title="bbox 1039 2017 1728 2118">
     <span class='ocr_line' id='line_1_143' title="bbox 1039 2017 1725 2047; baseline 0 -7"><span class='ocrx_word' id='word_1_601' title='bbox 1039 2019 1133 2047; x_wconf 75' lang='lat' dir='ltr'>Quaest.</span> <span class='ocrx_word' id='word_1_602' title='bbox 1150 2019 1173 2041; x_wconf 79' lang='lat'>2.</span> <span class='ocrx_word' id='word_1_603' title='bbox 1192 2018 1228 2040; x_wconf 77' lang='lat' dir='ltr'>An</span> <span class='ocrx_word' id='word_1_604' title='bbox 1243 2018 1275 2040; x_wconf 86' lang='lat' dir='ltr'>sit</span> <span class='ocrx_word' id='word_1_605' title='bbox 1289 2018 1431 2041; x_wconf 76' lang='lat' dir='ltr'>confitenda</span> <span class='ocrx_word' id='word_1_606' title='bbox 1450 2017 1533 2041; x_wconf 83' lang='lat' dir='ltr'>omnis</span> <span class='ocrx_word' id='word_1_607' title='bbox 1547 2018 1642 2047; x_wconf 85' lang='lat' dir='ltr'>peccati</span> <span class='ocrx_word' id='word_1_608' title='bbox 1660 2025 1725 2041; x_wconf 80' lang='lat' dir='ltr'>nior-</span> 
     </span>
     <span class='ocr_line' id='line_1_144' title="bbox 1070 2052 1728 2082; baseline -0.002 -6"><span class='ocrx_word' id='word_1_609' title='bbox 1070 2052 1126 2077; x_wconf 86' lang='lat' dir='ltr'>talis</span> <span class='ocrx_word' id='word_1_610' title='bbox 1149 2052 1289 2075; x_wconf 73' lang='lat' dir='ltr'>differentia</span> <span class='ocrx_word' id='word_1_611' title='bbox 1309 2059 1315 2074; x_wconf 88' lang='lat'>:</span> <span class='ocrx_word' id='word_1_612' title='bbox 1341 2054 1472 2082; x_wconf 72' lang='lat' dir='ltr'>pet-catum</span> <span class='ocrx_word' id='word_1_613' title='bbox 1499 2052 1582 2075; x_wconf 81' lang='lat' dir='ltr'>cordis</span> <span class='ocrx_word' id='word_1_614' title='bbox 1592 2070 1599 2080; x_wconf 93' lang='lat'><em>,</em></span> <span class='ocrx_word' id='word_1_615' title='bbox 1624 2052 1674 2076; x_wconf 89' lang='lat' dir='ltr'>oris</span> <span class='ocrx_word' id='word_1_616' title='bbox 1704 2054 1728 2075; x_wconf 85' lang='lat' dir='ltr'>et</span> 
     </span>
     <span class='ocr_line' id='line_1_145' title="bbox 1070 2087 1728 2118; baseline 0 -7"><span class='ocrx_word' id='word_1_617' title='bbox 1070 2088 1168 2118; x_wconf 81' lang='lat' dir='ltr'>operis;</span> <span class='ocrx_word' id='word_1_618' title='bbox 1182 2089 1312 2118; x_wconf 89' lang='lat' dir='ltr'>peccatum</span> <span class='ocrx_word' id='word_1_619' title='bbox 1324 2087 1398 2111; x_wconf 82' lang='lat' dir='ltr'>etiam</span> <span class='ocrx_word' id='word_1_620' title='bbox 1407 2088 1495 2116; x_wconf 81' lang='lat' dir='ltr'>latens,</span> <span class='ocrx_word' id='word_1_621' title='bbox 1509 2088 1547 2111; x_wconf 80' lang='lat' dir='ltr'>vel</span> <span class='ocrx_word' id='word_1_622' title='bbox 1558 2088 1728 2111; x_wconf 84' lang='lat' dir='ltr'>manifestum.</span> 
     </span>
    </p>

    <p class='ocr_par' dir='ltr' id='par_1_74' title="bbox 1040 2123 1727 2182">
     <span class='ocr_line' id='line_1_146' title="bbox 1040 2123 1727 2153; baseline 0.001 -8"><span class='ocrx_word' id='word_1_623' title='bbox 1040 2125 1135 2151; x_wconf 69' lang='lat' dir='ltr'>Qinmst.</span> <span class='ocrx_word' id='word_1_624' title='bbox 1150 2125 1173 2146; x_wconf 88' lang='grc'>3.</span> <span class='ocrx_word' id='word_1_625' title='bbox 1188 2124 1225 2146; x_wconf 82' lang='lat' dir='ltr'>An</span> <span class='ocrx_word' id='word_1_626' title='bbox 1242 2124 1373 2146; x_wconf 82' lang='lat' dir='ltr'>teneamur</span> <span class='ocrx_word' id='word_1_627' title='bbox 1392 2123 1504 2146; x_wconf 76' lang='lat' dir='ltr'>confiteri</span> <span class='ocrx_word' id='word_1_628' title='bbox 1520 2129 1622 2146; x_wconf 80' lang='lat' dir='ltr'>omnem</span> <span class='ocrx_word' id='word_1_629' title='bbox 1634 2123 1727 2153; x_wconf 84' lang='lat' dir='ltr'>peccati</span> 
     </span>
     <span class='ocr_line' id='line_1_147' title="bbox 1071 2158 1293 2182; baseline 0.005 -2"><span class='ocrx_word' id='word_1_630' title='bbox 1071 2158 1293 2182; x_wconf 74' lang='lat' dir='ltr'>circumstantiam.</span> 
     </span>
    </p>
   </div>
   <div class='ocr_carea' id='block_1_14' title="bbox 824 2308 1202 2329">
    <p class='ocr_par' dir='ltr' id='par_1_75' title="bbox 824 2308 1202 2329">
     <span class='ocr_line' id='line_1_148' title="bbox 824 2308 1202 2329; baseline 0 -4"><span class='ocrx_word' id='word_1_631' title='bbox 824 2309 889 2327; x_wconf 61' lang='grc' dir='ltr'>ΡΙΝΙ.ἰ</span> <span class='ocrx_word' id='word_1_632' title='bbox 911 2309 1005 2327; x_wconf 59' lang='lat' dir='ltr'>lix&#39;rvtffls</span> <span class='ocrx_word' id='word_1_633' title='bbox 1024 2309 1086 2326; x_wconf 59' lang='lat' dir='ltr'>&#39;rom</span> <span class='ocrx_word' id='word_1_634' title='bbox 1102 2308 1202 2329; x_wconf 76' lang='lat' dir='ltr'>QUINTI.</span> 
     </span>
    </p>
   </div>
   <div class='ocr_carea' id='block_1_15' title="bbox 669 2583 1370 2600">
    <p class='ocr_par' dir='ltr' id='par_1_76' title="bbox 669 2583 1370 2600">
     <span class='ocr_line' id='line_1_149' title="bbox 669 2583 1370 2600; baseline 0.001 -3"><span class='ocrx_word' id='word_1_635' title='bbox 669 2585 676 2597; x_wconf 59' lang='grc' dir='ltr'>ἱ</span> <span class='ocrx_word' id='word_1_636' title='bbox 686 2585 742 2599; x_wconf 62' lang='grc'><strong>[5115</strong></span> <span class='ocrx_word' id='word_1_637' title='bbox 751 2585 756 2599; x_wconf 89' lang='grc' dir='ltr'>Ι</span> <span class='ocrx_word' id='word_1_638' title='bbox 764 2585 828 2599; x_wconf 63' lang='lat' dir='ltr'>iuml.</span> <span class='ocrx_word' id='word_1_639' title='bbox 839 2591 867 2594; x_wconf 82' lang='lat'>—-</span> <span class='ocrx_word' id='word_1_640' title='bbox 883 2584 909 2598; x_wconf 64' lang='lat' dir='ltr'>PX</span> <span class='ocrx_word' id='word_1_641' title='bbox 924 2584 934 2599; x_wconf 80' lang='lat' dir='ltr'>‘i</span> <span class='ocrx_word' id='word_1_642' title='bbox 942 2585 949 2599; x_wconf 77' lang='lat' dir='ltr'>l</span> <span class='ocrx_word' id='word_1_643' title='bbox 958 2584 992 2599; x_wconf 66' lang='lat' dir='ltr'>ris</span> <span class='ocrx_word' id='word_1_644' title='bbox 1006 2584 1286 2600; x_wconf 52' lang='lat' dir='ltr'>(11¹1ursis-tttulmmtnr.</span> <span class='ocrx_word' id='word_1_645' title='bbox 1301 2583 1370 2599; x_wconf 66' lang='grc' dir='ltr'><strong>Ι’“ΙΙ,ΙΙ.</strong></span> 
     </span>
    </p>
   </div>
   <div class='ocr_carea' id='block_1_16' title="bbox 1748 148 1804 271">
    <p class='ocr_par' dir='ltr' id='par_1_77' title="bbox 1748 148 1804 271">
     <span class='ocr_line' id='line_1_150' title="bbox 1748 148 1804 176; baseline 0 -1"><span class='ocrx_word' id='word_1_646' title='bbox 1748 148 1804 176; x_wconf 82' lang='lat'>715</span> 
     </span>
     <span class='ocr_line' id='line_1_151' title="bbox 1760 249 1803 271; baseline 0.023 -1"><span class='ocrx_word' id='word_1_647' title='bbox 1760 249 1803 271; x_wconf 73' lang='lat'>648</span> 
     </span>
    </p>
   </div>
   <div class='ocr_carea' id='block_1_17' title="bbox 1759 352 1805 723">
    <p class='ocr_par' dir='ltr' id='par_1_78' title="bbox 1759 352 1805 723">
     <span class='ocr_line' id='line_1_152' title="bbox 1759 352 1803 375; baseline 0.023 -1"><span class='ocrx_word' id='word_1_648' title='bbox 1759 352 1803 375; x_wconf 76' lang='lat'>649</span> 
     </span>
     <span class='ocr_line' id='line_1_153' title="bbox 1759 423 1802 445; baseline 0 0"><span class='ocrx_word' id='word_1_649' title='bbox 1759 423 1802 445; x_wconf 86' lang='grc'><strong>650</strong></span> 
     </span>
     <span class='ocr_line' id='line_1_154' title="bbox 1759 492 1803 514; baseline 0 0"><span class='ocrx_word' id='word_1_650' title='bbox 1759 492 1803 514; x_wconf 83' lang='grc'>652</span> 
     </span>
     <span class='ocr_line' id='line_1_155' title="bbox 1760 527 1803 549; baseline 0 0"><span class='ocrx_word' id='word_1_651' title='bbox 1760 527 1803 549; x_wconf 76' lang='grc'>654</span> 
     </span>
     <span class='ocr_line' id='line_1_156' title="bbox 1760 562 1804 584; baseline 0 0"><span class='ocrx_word' id='word_1_652' title='bbox 1760 562 1804 584; x_wconf 84' lang='grc'>656</span> 
     </span>
     <span class='ocr_line' id='line_1_157' title="bbox 1760 631 1804 654; baseline -0.023 0"><span class='ocrx_word' id='word_1_653' title='bbox 1760 631 1804 654; x_wconf 87' lang='grc'>659</span> 
     </span>
     <span class='ocr_line' id='line_1_158' title="bbox 1762 700 1805 723; baseline 0 0"><span class='ocrx_word' id='word_1_654' title='bbox 1762 700 1805 723; x_wconf 91' lang='grc'>660</span> 
     </span>
    </p>
   </div>
   <div class='ocr_carea' id='block_1_18' title="bbox 1761 770 1801 792">
    <p class='ocr_par' dir='ltr' id='par_1_79' title="bbox 1761 770 1801 792">
     <span class='ocr_line' id='line_1_159' title="bbox 1761 770 1801 792; baseline 0 0"><span class='ocrx_word' id='word_1_655' title='bbox 1761 770 1801 792; x_wconf 88' lang='grc'>661</span> 
     </span>
    </p>
   </div>
   <div class='ocr_carea' id='block_1_19' title="bbox 1759 1603 1803 1732">
    <p class='ocr_par' dir='ltr' id='par_1_80' title="bbox 1759 1603 1803 1732">
     <span class='ocr_line' id='line_1_160' title="bbox 1760 1603 1803 1624; baseline 0 0"><span class='ocrx_word' id='word_1_656' title='bbox 1760 1603 1803 1624; x_wconf 84' lang='grc'>688</span> 
     </span>
     <span class='ocr_line' id='line_1_161' title="bbox 1759 1637 1803 1659; baseline 0.023 -1"><span class='ocrx_word' id='word_1_657' title='bbox 1759 1637 1803 1659; x_wconf 88' lang='grc'><strong>690</strong></span> 
     </span>
     <span class='ocr_line' id='line_1_162' title="bbox 1759 1671 1802 1694; baseline 0 0"><span class='ocrx_word' id='word_1_658' title='bbox 1759 1671 1802 1694; x_wconf 81' lang='lat'>693</span> 
     </span>
     <span class='ocr_line' id='line_1_163' title="bbox 1760 1707 1803 1732; baseline 0 -3"><span class='ocrx_word' id='word_1_659' title='bbox 1760 1707 1803 1732; x_wconf 84' lang='grc'>695</span> 
     </span>
    </p>
   </div>
   <div class='ocr_carea' id='block_1_20' title="bbox 1760 1812 1801 1834">
    <p class='ocr_par' dir='ltr' id='par_1_81' title="bbox 1760 1812 1801 1834">
     <span class='ocr_line' id='line_1_164' title="bbox 1760 1812 1801 1834; baseline 0 -1"><span class='ocrx_word' id='word_1_660' title='bbox 1760 1812 1801 1834; x_wconf 78' lang='grc'>697</span> 
     </span>
    </p>
   </div>
   <div class='ocr_carea' id='block_1_21' title="bbox 1759 1914 1802 1937">
    <p class='ocr_par' dir='ltr' id='par_1_82' title="bbox 1759 1914 1802 1937">
     <span class='ocr_line' id='line_1_165' title="bbox 1759 1914 1802 1937; baseline 0.023 -1"><span class='ocrx_word' id='word_1_661' title='bbox 1759 1914 1802 1937; x_wconf 80' lang='lat'>700</span> 
     </span>
    </p>
   </div>
   <div class='ocr_carea' id='block_1_22' title="bbox 1760 1984 1803 2007">
    <p class='ocr_par' dir='ltr' id='par_1_83' title="bbox 1760 1984 1803 2007">
     <span class='ocr_line' id='line_1_166' title="bbox 1760 1984 1803 2007; baseline 0.047 -2"><span class='ocrx_word' id='word_1_662' title='bbox 1760 1984 1803 2007; x_wconf 75' lang='lat'>702</span> 
     </span>
    </p>
   </div>
   <div class='ocr_carea' id='block_1_23' title="bbox 1761 2089 1803 2111">
    <p class='ocr_par' dir='ltr' id='par_1_84' title="bbox 1761 2089 1803 2111">
     <span class='ocr_line' id='line_1_167' title="bbox 1761 2089 1803 2111; baseline 0 -1"><span class='ocrx_word' id='word_1_663' title='bbox 1761 2089 1803 2111; x_wconf 70' lang='grc'><strong>’1011</strong></span> 
     </span>
    </p>
   </div>
   <div class='ocr_carea' id='block_1_24' title="bbox 1759 2158 1803 2180">
    <p class='ocr_par' dir='ltr' id='par_1_85' title="bbox 1759 2158 1803 2180">
     <span class='ocr_line' id='line_1_168' title="bbox 1759 2158 1803 2180; baseline 0 0"><span class='ocrx_word' id='word_1_664' title='bbox 1759 2158 1803 2180; x_wconf 84' lang='grc'><strong>’106</strong></span> 
     </span>
    </p>
   </div>
  </div>
 </body>
</html>
