2017 2948
211 160 269 188 204

214 224 315 263 ipsum
333 225 531 263 regentibus,
548 235 587 256 ne
610 226 794 258 inveniatur
821 227 982 258 dissimilis

214 277 335 308 veritati
352 278 517 309 invocatae.

534 368 600 389 DUB.
622 369 654 390 11.

428 427 454 450 Si
469 429 552 451 antem
567 428 697 458 qmeritnr,
713 430 762 451 etc.

253 489 359 520 innuit
372 491 522 529 Magister
537 492 619 530 quod
647 492 751 529 mag-*is
777 494 902 523 tenetur
925 493 980 532 qui

208 543 294 582 jurat
309 552 364 582 per
379 543 486 581 ileum,
505 554 602 583 quani
618 545 769 584 quijnrat
785 555 840 584 per
853 549 979 577 creatu-

210 604 271 633 ras,
289 596 338 626 vel
351 596 571 635 Evangelium.
593 597 629 627 Et
643 598 796 629 rationem
814 599 912 638 hujus
929 608 978 630 as-

209 649 324 687 signat,
341 650 416 689 quia
441 652 528 680 tanto
553 650 659 681 minus
678 654 723 681 est
742 653 976 691 Juramentum‚

209 704 266 733 etc.
284 702 343 733 Sed
359 705 467 733 contra
484 714 490 733 :
507 703 622 734 Jurans
637 713 692 743 per
706 708 897 742 creaturam,
916 716 978 737 non

205 756 293 793 jurat
308 756 367 785 nisi
381 765 436 795 per
451 756 559 794 Deum,
577 757 651 797 quia
666 767 728 788 non
742 759 876 790 intendit
892 760 979 789 invo-

208 817 279 838 care
293 811 471 839 creaturam
496 812 617 848 testem,
644 811 695 841 sed
718 812 896 842 Creatorem
922 822 928 842 :
953 813 978 842 si

208 871 286 901 ergo
312 862 394 893 idem
420 866 465 893 ost
487 864 656 904 utrobique
684 874 739 904 per
762 866 846 905 quoti
869 868 975 905 jurat,

207 924 285 954 ergo
299 916 409 947 eadem
424 919 470 947 est
483 917 647 955 obligatio,
660 921 691 948 et
703 919 884 956 uniformis3
898 929 978 958 ergo

208 977 311 998 unum
327 978 391 999 non
406 972 451 999 est
474 971 577 1009 majus
591 971 705 1008 altr-ro3
731 974 760 1002 et
785 974 903 1011 quanto
925 982 975 1003 so-

207 1021 343 1051 lemnius
366 1024 413 1052 est
434 1025 675 1062 jin-amentum,
706 1027 790 1055 lanto
816 1028 977 1064 transgre-

207 1073 295 1103 diens
305 1078 351 1105 est
367 1075 524 1113 infamior,
538 1080 568 1106 et
582 1080 671 1107 tanto
684 1078 835 1115 obligatio
851 1080 952 1118 maj0r
969 1090 975 1109 :

207 1127 259 1157 sed
276 1136 349 1158 cum
369 1129 480 1168 maj0ri
503 1129 699 1160 solemnitate
725 1132 887 1162 consuevit
910 1132 977 1162 fieri

203 1180 424 1218 juramentum
434 1182 518 1221 quod
531 1183 566 1212 fit
575 1192 630 1222 per
641 1184 864 1223 Evangelium,
877 1194 973 1224 quam

206 1233 290 1272 quod
304 1234 340 1263 fit
355 1243 410 1273 per
432 1234 531 1265 Deum
549 1247 555 1266 :
573 1246 662 1275 erge,
688 1240 745 1268 etc.
769 1238 845 1268 ltem
870 1239 974 1278 magis

206 1288 252 1316 est
273 1290 474 1318 contemnere
499 1289 590 1327 plura
612 1290 705 1328 bona,
729 1301 825 1330 quam
848 1302 949 1322 unum
967 1302 972 1320 :

206 1339 258 1369 sed
274 1341 328 1379 qui
339 1341 428 1380 jurat
442 1351 496 1381 per
511 1345 700 1382 creaturam,
716 1345 740 1374 si
756 1346 886 1384 peierat,
901 1355 975 1376 con—

206 1393 317 1423 temnit
338 1393 515 1425 Creatorem
548 1399 577 1426 et
602 1400 799 1435 creatui·an1;
822 1399 876 1438 qui
898 1408 974 1429 vero

205 1447 290 1485 jurat
304 1457 359 1487 per
377 1449 491 1487 licum,
509 1452 539 1480 et
562 1452 691 1490 pejerat,
709 1453 882 1482 contemnit
901 1453 976 1483 alte-

204 1509 277 1530 rum
296 1503 419 1532 tantum
445 1512 454 1532 :
479 1512 556 1542 ergo
577 1505 800 1543 juramentum
829 1505 913 1545 quod
940 1506 975 1536 fit

205 1561 261 1592 per
289 1557 465 1585 creaturam
481 1580 489 1593 ,
520 1559 565 1586 est
602 1558 704 1596 magis
733 1558 973 1597 obligatorium,

205 1615 300 1645 quam
313 1609 534 1647 ,juramentum
550 1611 633 1649 quod
649 1611 683 1640 fit
699 1620 754 1650 per
771 1611 879 1642 Deum.

244 1659 334 1700 Resp.
354 1661 527 1692 Dicendum
543 1663 625 1702 quoti
651 1665 810 1704 responsio
826 1665 969 1704 Magistri

204 1715 233 1742 et
249 1715 445 1745 confirmatio
461 1715 674 1754 chrysostomi
690 1718 880 1756 regulariter
897 1728 972 1750 vera

203 1768 265 1803 est;
282 1767 356 1806 quia
372 1771 489 1807 quanto
499 1769 636 1799 sanctius
651 1772 696 1800 est
712 1779 766 1809 per
782 1771 865 1810 quod
877 1773 968 1810 jura-

202 1820 264 1855 tur,
280 1821 366 1850 tanto
381 1821 601 1859 juramentum
625 1826 671 1853 est
690 1824 791 1862 magis
817 1824 972 1863 obligato-

202 1871 296 1908 rium⁷
314 1873 372 1903 hoc
383 1874 451 1904 (lico
466 1876 587 1905 caeteris
597 1876 741 1915 paribus,
753 1877 809 1907 ulii
825 1878 971 1908 solemni-

202 1927 246 1954 tas
261 1926 460 1958 observatur.
481 1928 576 1966 Unde,
593 1930 675 1960 sicut
695 1930 767 1960 dicit
784 1931 968 1970 Chrysosto-

202 1988 285 2016 mnS,
301 1980 407 2011 minus
425 1982 463 2020 (a)
487 1982 713 2021 obligatorium
735 1986 781 2014 est
804 1985 968 2023 juramen-

202 2033 269 2061 tum
285 2033 367 2071 quod
387 2033 423 2063 fit
437 2043 492 2072 per
507 2037 695 2073 creaturam,
712 2046 810 2075 quam
834 2039 917 2077 quoi]
935 2040 970 2068 fit

201 2085 369 2124 perDeum.
380 2086 427 2117 Ad
443 2087 520 2117 illud
533 2097 607 2118 vero
618 2089 700 2128 quod
710 2090 869 2128 objicitur,
884 2091 969 2130 qnod

197 2138 335 2176 ,iurando
367 2148 423 2178 per
453 2142 629 2171 creaturam
661 2142 749 2180 jnrat
784 2143 881 2173 homo
915 2154 970 2183 ρει·

201 2191 312 2229 Deum,
329 2192 495 2223 dicendum
510 2195 605 2233 quod⁷
622 2203 692 2225 cum
715 2195 786 2235 quis
806 2197 895 2234 jurat
915 2206 970 2235 ρει·

201 2247 389 2283 creaturam,
402 2246 534 2277 intentio
549 2249 649 2278 fertur
663 2249 700 2278 ad
717 2248 826 2286 Deum,
839 2250 892 2280 sed
909 2250 968 2280 hoc

201 2299 326 2328 tantum
340 2299 616 2338 habitudinaliter;
634 2311 706 2331 cum
732 2311 808 2332 vero
827 2303 898 2342 quis
913 2304 968 2342 ju-

200 2352 248 2380 rat
261 2360 317 2390 per
330 2351 440 2390 Deum,
458 2361 523 2383 non
541 2355 664 2384 tantum
688 2355 787 2385 fertur
808 2356 967 2386 habitudi-

201 2404 331 2442 naliter⁷
362 2405 415 2435 sed
443 2405 537 2436 etiam
561 2406 735 2438 actualiter.
752 2407 790 2438 Et
817 2409 968 2448 quoniam

201 2456 336 2496 amplior
355 2460 402 2488 est
421 2459 584 2489 conversio
598 2460 746 2498 actualis,
763 2470 859 2500 quam
883 2461 970 2492 habi-

201 2510 370 2546 tudinalis·‚
396 2511 471 2541 hinc
494 2514 540 2542 est
566 2513 650 2552 quod
679 2514 853 2544 secundum
870 2515 969 2554 ipsam

202 2563 304 2602 major
315 2563 487 2594 attenditur
500 2564 663 2604 obligatio,
680 2568 711 2596 et
724 2567 853 2606 majoris
868 2567 970 2607 culpae

233 2627 265 2657 (u)
283 2628 344 2652 Coee.
362 2628 421 2653 edet.
438 2630 527 2661 magis.

727 159 1037 191 SENTENTIARUM
1059 160 1131 191 LIB.
1155 161 1207 192 ΙΙΙ.

1037 229 1083 258 est
1098 228 1164 267 ipsa
1179 229 1398 267 transgressio.
1410 229 1456 258 Ad
1472 228 1548 259 illud
1559 229 1643 269 quod
1658 230 1807 269 objicitur

1036 279 1074 310 de
1094 281 1278 319 juramento
1293 282 1372 312 facto
1389 291 1444 321 ρει·
1464 281 1676 320 Evangelium
1687 306 1696 321 ,
1720 284 1806 323 quod

1036 335 1081 363 est
1108 333 1300 372 solemnius,
1318 334 1500 374 responderi
1518 338 1619 374 potest
1629 336 1805 375 dupliciter.

1037 386 1159 423 Primo,
1189 390 1263 427 quia
1292 397 1356 418 non
1385 390 1509 418 tantum
1525 388 1560 418 fit
1585 389 1806 427 juramentum

1036 449 1092 480 per
1120 440 1304 480 Evangelia,
1323 442 1375 471 sed
1399 451 1453 481 per
1477 441 1654 480 Evangelia
1669 441 1738 479 Dei3
1763 442 1807 473 ita

1035 494 1119 532 quod
1144 503 1208 525 non
1231 494 1450 525 tantummodo
1465 495 1520 524 siat
1545 495 1584 525 ad
1599 495 1704 535 ipsum
1728 504 1806 526 con—

1035 547 1140 577 versio
1164 547 1390 577 habitudinalis
1421 547 1540 578 ratione
1569 548 1619 578 sui
1649 548 1804 586 effectus,

1034 600 1196 630 sedetiam
1215 600 1346 630 actualis
1368 600 1400 630 in
1421 610 1470 637 se,
1491 603 1521 630 ct
1547 600 1587 631 ad
1609 603 1806 641 assumptam

1034 653 1266 683 humanitatem
1282 677 1292 690 ,
1319 656 1348 683 et
1387 653 1426 683 nd
1460 654 1654 692 propalatam
1687 655 1805 685 verita-

1034 708 1098 735 tem
1129 714 1135 734 :
1163 708 1193 736 et
1227 706 1295 736 ideo
1322 706 1381 735 tale
1409 707 1633 745 Juramentunl
1671 707 1807 738 rationa-

1034 758 1139 788 biliter
1154 758 1244 788 debet
1261 758 1328 788 sieri
1345 768 1418 788 cum
1432 759 1546 798 maj0ri
1558 759 1765 798 solemnitate,
1776 762 1807 792 et

1033 811 1220 850 ampliorem
1237 811 1354 841 inducit
1370 811 1610 849 obligationem.
1625 812 1695 843 Alio
1710 814 1806 844 modo

1033 864 1091 895 dici
1104 867 1212 904 potest,
1223 864 1307 904 qnod
1323 865 1382 895 hoc
1394 865 1503 895 accidit
1518 867 1646 904 propter
1660 866 1806 897 solemni-

1032 921 1127 948 tatem
1143 918 1389 958 superadditam,
1407 928 1502 958 quam
1519 928 1630 949 omnes
1655 919 1687 949 in
1704 920 1806 950 forma

1033 972 1085 1001 illu
1100 972 1278 1002 observant.
1298 972 1343 1002 Ad
1361 971 1438 1002 illud
1449 972 1533 1011 quod
1547 972 1708 1011 objicitur,
1719 973 1805 1012 quod

1034 1024 1103 1063 plus
1125 1028 1171 1055 est
1187 1028 1389 1055 contemnere
1409 1025 1483 1061 duo,
1501 1034 1598 1064 quam
1621 1034 1737 1062 unum,
1753 1025 1804 1056 di-

1032 1079 1168 1109 cendum
1197 1079 1280 1116 quod
1321 1081 1465 1108 creatura
1503 1078 1535 1107 in
1569 1078 1804 1117 comparatione

1033 1131 1186 1163 Creatoris
1208 1133 1287 1163 nihil
1313 1135 1358 1163 est
1375 1142 1380 1161 :
1400 1132 1484 1162 unde
1502 1132 1594 1171 quasi
1617 1131 1696 1161 nihil
1717 1131 1804 1162 addit

1032 1195 1128 1225 supra
1142 1186 1282 1217 divinam
1298 1185 1526 1222 excellentiam,
1543 1187 1573 1215 et
1593 1194 1648 1224 per
1669 1184 1730 1215 hoc
1744 1194 1802 1215 nee

1032 1241 1231 1279 contemptus
1258 1241 1328 1279 ejus
1357 1247 1453 1278 super
1481 1240 1699 1277 contemptum
1733 1237 1796 1268 Dei.

1033 1291 1189 1322 Praeterea
1217 1301 1281 1322 non
1311 1292 1388 1321 adeo
1419 1291 1634 1321 contemnitur
1663 1290 1744 1321 Deus
1769 1290 1802 1321 in

1032 1347 1188 1382 creatura,
1205 1345 1285 1375 sicut
1300 1344 1514 1375 contemnitur
1525 1344 1559 1374 in
1575 1343 1688 1383 seipso.

1348 1458 1415 1479 DUB.
1439 1457 1484 1479 111.

1099 1536 1200 1565 iurare,
1218 1534 1315 1558 scilicet
1329 1534 1410 1558 Deum
1425 1534 1516 1557 testem
1532 1532 1668 1564 adhibere,
1682 1535 1730 1557 etc.

1070 1610 1205 1641 Contra:
1223 1610 1254 1640 Si
1275 1609 1335 1639 hoc
1358 1618 1471 1639 verum
1497 1610 1553 1645 est,
1570 1610 1646 1639 tunc
1671 1608 1798 1639 videtur

1028 1664 1113 1704 quod
1128 1665 1229 1694 forma
1249 1664 1308 1693 ista
1325 1662 1466 1702 JuraudL
1488 1674 1501 1691 (ι
1517 1662 1599 1692 Deus
1615 1662 1694 1692 mihi
1712 1662 1799 1693 testis

1028 1720 1084 1755 est,
1100 1722 1154 1747 »et
1174 1716 1274 1747 «Juro
1291 1725 1345 1756 per
1358 1715 1469 1752 Deum,
1482 1725 1496 1743 ι)
1507 1724 1570 1745 non
1585 1715 1648 1745 sint
1661 1715 1797 1746 diversae

1027 1772 1137 1802 formae
1154 1771 1295 1810 jurandi.
1320 1770 1415 1800 Juxta
1444 1769 1503 1799 hoc
1527 1769 1699 1808 quaeritur,
1722 1778 1797 1800 cum

1026 1824 1195 1864 aliqnando
1208 1824 1355 1863 juremus
1369 1831 1424 1862 per
1438 1821 1520 1852 lianc
1539 1821 1796 1860 praepositionem

1023 1885 1090 1917 per,
1106 1877 1275 1917 aliquando
1298 1886 1355 1915 per
1370 1876 1452 1906 hanc
1467 1875 1723 1915 praepositionem
1747 1877 1796 1912 in,

1026 1931 1200 1961 secundum
1215 1930 1299 1969 quod
1315 1929 1387 1959 dicit
1398 1929 1566 1969 Apostolus
1580 1929 1587 1945 ¹
1607 1928 1796 1961 :Veritatem

1026 1985 1097 2016 dico
1113 1985 1149 2016 in
1175 1984 1295 2015 Christo
1315 1983 1395 2020 ἄθεα,
1412 1986 1441 2013 et
1459 1990 1523 2013 non
1542 1982 1702 2020 mentior,·
1723 1989 1795 2021 quae

1026 2039 1065 2068 sit
1080 2038 1160 2067 inter
1171 2038 1229 2067 has
1244 2036 1431 2067 differentia.
1447 2035 1525 2064 ltem
1540 2034 1704 2074 quaeritur,
1721 2043 1795 2064 cum

1025 2091 1059 2121 in
1075 2090 1173 2121 veteri
1196 2089 1395 2119 Testamento
1412 2089 1576 2126 juraretur
1594 2087 1653 2117 hoc
1674 2086 1768 2118 modo
1785 2098 1792 2117 :

1030 2144 1120 2175 Vivit
1133 2143 1297 2179 Dominus,
1312 2143 1341 2171 et
1355 2150 1366 2170 .·
1382 2141 1454 2171 Hoec
1469 2140 1550 2171 mihi
1561 2140 1674 2178 faciat,
1689 2143 1718 2172 et
1728 2139 1794 2171 hoec

1025 2196 1138 2233 addat,
1152 2196 1184 2225 in
1200 2194 1361 2234 primitiva
1371 2202 1446 2223 vero
1458 2193 1593 2223 Ecclesia
1606 2193 1664 2223 hoc
1679 2193 1791 2224 modo:

1028 2251 1126 2282 Testis
1141 2254 1187 2282 cst
1199 2249 1281 2280 mihi
1291 2249 1383 2285 Deus,
1399 2251 1429 2278 et
1444 2248 1476 2277 in
1491 2250 1631 2287 tempore
1642 2248 1794 2279 moderno

1020 2305 1149 2343 juretur
1164 2311 1218 2342 per
1234 2301 1350 2338 Deurm
1368 2300 1452 2331 uude
1474 2301 1580 2331 veniat
1595 2301 1656 2330 ista
1676 2301 1795 2332 forma-

1025 2366 1097 2388 rum
1112 2354 1298 2392 differentia,
1316 2353 1492 2384 secundum
1502 2353 1628 2384 diversa
1637 2355 1791 2393 tempora.

1065 2410 1155 2448 Hesp.
1177 2407 1347 2438 Dicendum
1361 2406 1446 2446 quod
1459 2406 1493 2436 in
1507 2406 1608 2437 forma
1617 2406 1794 2446 juramenti

1025 2462 1237 2495 introducitur
1250 2461 1318 2500 ipsa
1334 2459 1450 2490 veritas
1464 2459 1498 2489 in
1512 2459 1740 2490 testimonium.
1755 2458 1794 2490 Et

1025 2517 1085 2548 hoc
1100 2517 1200 2556 potest
1213 2523 1279 2545 esse
1306 2512 1521 2552 multipliciter
1537 2522 1544 2542 :
1562 2514 1616 2542 aut
1640 2512 1673 2542 in
1689 2520 1791 2551 quan-

1025 2573 1094 2602 tum
1109 2570 1192 2599 tenet
1208 2567 1364 2598 rationem
1386 2564 1604 2606 praecipientis,
1621 2566 1652 2595 et
1674 2565 1718 2595 sic
1736 2565 1793 2604 Ju-

1060 2633 1064 2646 ¹
1083 2631 1160 2659 Item„
1175 2635 1214 2655 lx.
1230 2631 1251 2653 1.

1818 1952 1910 1973 jurandi

1825 1983 1900 2004 modus

1830 2014 1899 2034 multi-

1837 2045 1894 2072 plex.
