2017 2948
77 1687 107 1706 Ad
129 1694 179 1714 opp.

590 148 685 179 DIST.
707 148 772 179 XII.
796 148 905 180 PART.
930 149 954 179 I.
976 148 1067 179 ART.
1092 147 1129 178 ΙΙ.
1154 147 1301 184 QUAEST.
1326 148 1377 177 lIl.
1725 150 1782 178 519

193 221 272 252 ergo
295 213 396 243 forma
416 213 631 243 substantialis
655 214 737 243 nihil
752 215 866 254 privat,
882 215 961 255 quin

192 266 361 296 accidentia
374 268 521 296 moveant
536 274 675 303 sensum,
692 266 864 298 dummodo
879 267 960 298 acci-

193 319 299 348 dentia
314 319 448 348 habeant
462 327 529 348 esse
543 328 549 348 :
567 327 644 357 ergo
657 327 713 358 per
727 321 874 350 naturam
890 329 961 351 mo-

195 373 279 401 vent.

234 424 310 454 Item
322 433 431 454 sensus
439 425 484 454 est
492 423 688 462 susceptivus
697 424 873 463 specierum
884 434 963 464 pree-

193 479 240 507 ter
255 477 431 513 materiam,
448 478 554 506 tamen
568 477 626 506 sub
642 477 875 507 conditionibus
894 487 962 508 ma-

193 529 357 559 terialibus
371 528 422 558 hic
436 530 465 558 et
476 538 577 559 nunc:
593 529 617 558 si
632 538 710 568 ergo
720 531 765 559 est
775 529 879 569 aliqua
892 540 960 569 spe-

193 581 254 611 cies
273 582 432 612 sensibilis
453 582 520 611 sine
545 582 677 612 materia
689 606 696 620 ,
713 582 833 612 habens
858 585 963 613 tamen

194 634 370 664 materiales
394 634 607 672 conditiones,
629 634 682 665 illa
708 635 847 666 maxime
870 635 964 666 habet

193 696 322 718 movere
336 696 465 718 sensum
482 698 488 717 ε
508 696 585 726 ergo
599 697 672 718 cum
693 687 878 727 hujusmodi
901 689 964 719 sint

193 740 263 771 istae
280 741 409 780 species,
426 742 521 780 patet,
539 742 597 770 etc.

234 793 323 831 Item,
339 793 398 824 hoc
413 794 498 833 patet
512 802 568 832 per
589 793 691 824 simile
708 805 714 823 :
733 794 758 823 si
773 793 895 824 idolum
910 802 960 824 re-

193 847 389 886 linqueretur
418 847 452 877 in
476 847 622 887 speculo,
646 847 804 877 abstracto
832 856 963 887 corpore

193 900 327 939 obJecto,
339 902 481 930 moveret
499 901 604 930 visum
618 911 624 930 z
637 903 667 930 et
681 903 788 930 tamen
801 900 921 931 idolum
932 901 965 931 in

194 953 320 992 speculo
335 952 430 983 habet
445 962 512 983 esse
527 953 687 992 spirituale
704 964 710 983 ι
728 961 807 991 ergo
824 953 961 991 videtur,

194 1008 277 1046 quod
293 1007 410 1047 species
435 1007 496 1038 illae
515 1016 590 1037 cum
614 1007 676 1037 sint
701 1007 744 1037 ibi
764 1007 879 1037 relictae
897 1007 965 1038 sine

195 1060 337 1098 materia,
354 1061 438 1100 quod
452 1060 569 1091 habent
585 1060 771 1090 naturaliter
781 1060 962 1091 immutare.

235 1112 311 1142 Item
327 1113 353 1142 si
368 1113 458 1142 navis
480 1122 535 1152 per
551 1112 743 1142 miraculum
757 1112 918 1143 levaretur
932 1113 965 1143 in

194 1175 278 1202 aera,
299 1165 370 1196 licet
384 1165 550 1196 existentia
566 1165 655 1195 navis
676 1165 709 1194 in
722 1174 792 1195 aere
808 1167 888 1196 esset
902 1167 963 1196 mi-

194 1218 347 1256 raculosa,
360 1221 466 1248 tamen
475 1218 650 1248 existentiae
662 1220 768 1248 nautae
783 1218 817 1248 in
830 1219 906 1248 navi
922 1228 966 1249 es-

194 1274 240 1301 set
265 1270 431 1307 naturalis,
457 1272 487 1300 et
509 1270 707 1309 operationes
736 1273 963 1310 consequentes

195 1324 281 1353 illam
297 1323 493 1353 existentiam
509 1324 611 1352 essent
625 1322 785 1352 naturales
798 1333 804 1352 :
822 1332 894 1352 cum
906 1322 966 1362 igi-

195 1379 248 1407 tur
272 1376 443 1406 accidentia
471 1375 644 1405 fundentur
667 1375 700 1405 in
726 1375 919 1414 quantitate,
936 1377 966 1406 et

195 1429 353 1468 quantitas
368 1429 401 1458 in
416 1428 548 1458 materia
560 1451 569 1465 ‚
586 1428 759 1458 sublevatio
780 1428 965 1467 quantitatis

196 1491 214 1511 a
228 1481 360 1511 materia
374 1483 420 1510 est
432 1480 631 1517 miraculosa,
652 1481 705 1510 sed
714 1481 882 1510 existentia
892 1481 966 1511 alio-

196 1543 268 1564 rum
284 1533 491 1564 accidentium
507 1536 552 1563 est
566 1534 719 1564 naturalis
737 1545 743 1565 z
762 1543 841 1572 ergo
856 1543 966 1574 opera-

196 1587 279 1617 tioin
293 1587 436 1617 sensibus
446 1595 642 1626 consequens
652 1587 740 1618 illam
751 1588 962 1626 existentiam,

195 1642 242 1670 est
255 1639 419 1670 naturalis.

235 1692 349 1723 Contra
366 1703 374 1724 ι
392 1692 603 1732 Philosophus
615 1717 622 1730 ,
639 1694 678 1732 ,in
702 1693 713 1724 Ι
735 1693 774 1725 de
798 1696 936 1726 Αηίνηα1
954 1706 960 1726 :

199 1757 214 1774 α
238 1745 386 1783 Rectum,
404 1746 437 1776 in
462 1748 620 1785 quantum
639 1750 780 1786 rectum,
804 1749 965 1788 contingit

195 1801 327 1838 tangere
341 1807 463 1829 aeneam
487 1798 646 1837 sphaeram
671 1800 846 1830 secundum
861 1810 964 1840 punc-

194 1855 262 1883 tum
283 1863 289 1883 :
310 1852 414 1890 tangit
436 1853 543 1882 autem
571 1861 740 1891 nunquam
768 1856 962 1893 separatum,

194 1905 269 1945 quia
283 1914 372 1935 aenea
381 1904 506 1943 sphaera
520 1913 584 1934 non
606 1907 652 1934 est
672 1907 746 1935 nata
765 1906 853 1945 tangi
870 1907 929 1937 nisi
946 1917 964 1937 a

194 1957 341 1988 naturali.
353 1957 409 1987 »Si
425 1966 504 1995 ergo
518 1959 639 1987 rectum
658 1961 840 1997 separatum
855 1961 964 1999 tange-

194 2014 241 2041 ret
257 2019 380 2041 aeneam
396 2010 555 2048 sphaeram
566 2033 574 2047 ,
590 2009 649 2039 hoc
663 2013 742 2040 esset
759 2020 854 2051 supra
869 2015 964 2043 natu-

193 2073 274 2101 ram,
291 2063 341 2093 vel
355 2065 482 2093 contra:
498 2071 571 2092 cum
585 2062 686 2101 igitur
701 2072 812 2093 sensus
828 2065 964 2103 particu-

194 2118 268 2147 laris
283 2117 321 2147 sit
336 2118 428 2146 natus
438 2115 601 2145 immutari
612 2125 631 2145 a
645 2116 746 2155 specie
763 2117 915 2148 existente
930 2119 963 2149 in

195 2170 338 2205 materia,
355 2169 380 2198 si
404 2169 468 2199 imo
485 2170 625 2199 mutetur
639 2178 658 2198 a
672 2172 826 2208 separata,
844 2170 963 2203 immu-

195 2224 269 2254 tatio
284 2224 343 2253 ista
356 2231 420 2253 non
436 2225 482 2253 est
492 2222 656 2253 naturalis.

236 2276 329 2314 Item,
355 2276 436 2306 sicut
461 2284 492 2306 se
520 2276 615 2306 habet
638 2284 750 2306 sensus
771 2276 901 2308 interior
924 2278 963 2309 ad

195 2329 330 2370 speciem
352 2329 418 2358 sine
442 2329 590 2366 materia,
608 2329 652 2359 sic
676 2329 814 2360 exterior
835 2331 873 2361 ad
890 2340 961 2370 spe-

195 2384 274 2414 ciem
298 2383 331 2412 in
350 2382 499 2412 materia:
528 2390 605 2420 ergo
628 2383 853 2421 permutatim,
881 2384 963 2414 sicut

196 2437 325 2467 interior
339 2436 378 2465 ad
395 2435 530 2474 speciem
552 2436 583 2465 in
599 2436 732 2467 materia
744 2459 752 2473 ,
769 2437 812 2467 sic
826 2438 962 2468 exterior

195 2491 234 2520 ad
250 2489 385 2530 speciem
401 2489 468 2519 sine
488 2489 618 2519 materIa
636 2500 641 2519 :
666 2489 718 2520 sed
734 2489 863 2521 interior
878 2501 960 2521 nun-

230 2569 337 2599 ¹Arist.‚
358 2568 387 2591 (Ie
411 2569 515 2597 Anima,
540 2568 582 2591 lib.
605 2569 622 2598 l,
645 2577 666 2593 c,
687 2575 745 2599 X1¹15
769 2570 852 2601 Phys,
871 2571 914 2594 lib.
931 2571 961 2601 V,

197 2613 218 2627 v.
234 2610 295 2628 xxx.

1016 224 1111 254 quam
1138 213 1323 244 naturaliter
1350 214 1559 253 apprehendit
1589 215 1724 254 speciem
1749 215 1783 246 in

1016 267 1148 297 materia
1161 289 1168 302 ,
1185 266 1238 297 sed
1255 267 1462 297 abstractam:
1482 275 1559 306 ergo
1574 276 1631 298 nec
1646 268 1783 298 exterior

1016 320 1151 360 speciem
1165 321 1340 360 separatam
1355 329 1373 349 a
1390 320 1531 350 materia.

1058 372 1135 403 Item
1154 372 1264 403 formae
1279 372 1425 402 convenit
1440 380 1506 402 esse
1525 371 1576 402 hic
1591 374 1621 402 et
1634 381 1718 403 nunc
1733 381 1783 402 ra·

1017 425 1101 455 tione
1125 425 1284 455 materiae:
1307 424 1359 454 sed
1383 433 1438 464 per
1453 433 1523 454 eam
1547 426 1713 471 naturam,
1730 434 1786 464 per

1018 486 1114 517 quam
1137 479 1184 507 est
1201 477 1251 507 hic
1273 479 1303 507 et
1325 485 1430 515 nunc,
1448 477 1543 507 habet
1566 486 1694 507 movere
1713 486 1783 508 sen-

1018 540 1089 560 snm
1107 540 1113 560 ε
1131 539 1209 569 ergo
1234 539 1308 560 cum
1330 530 1389 561 hoc
1411 530 1450 560 sit
1469 539 1487 560 a
1503 529 1635 560 materia
1656 531 1785 560 natura—

1019 583 1109 621 liter,
1126 592 1203 622 ergo
1219 583 1314 613 habet
1329 592 1457 614 movere
1472 594 1478 612 :
1497 591 1576 621 ergo
1592 582 1617 612 si
1631 582 1686 612 fiat
1698 591 1788 621 sepa—

1018 635 1097 665 ratio
1113 645 1131 665 a
1144 635 1294 674 materia,
1309 637 1377 675 jam
1399 645 1464 666 non
1486 635 1669 667 movebitur
1694 636 1787 665 natu-

1018 688 1138 718 raliter.

1060 741 1137 770 Item
1170 740 1223 770 illa
1250 741 1367 780 species
1403 741 1521 772 motiva
1555 750 1665 771 sensus
1695 741 1791 772 habet

1020 792 1176 832 triplicem
1200 793 1488 832 comparationem,
1515 794 1631 824 scilicet
1654 794 1693 824 ad
1712 794 1788 824 sub-

1015 846 1151 885 jectum,
1182 845 1220 876 ad
1245 846 1405 883 medium,
1431 849 1460 876 et
1483 847 1522 877 ad
1546 856 1730 886 organum:
1761 849 1791 877 et

1020 901 1094 930 sunt
1122 900 1190 929 istae
1219 899 1469 938 comparationes
1497 899 1649 930 ordinatae
1672 910 1679 929 z
1711 909 1791 939 ergo

1020 947 1180 977 destructa
1193 947 1306 986 prima,
1323 949 1353 977 et
1367 947 1575 977 destruuntur
1590 948 1660 978 alife
1676 957 1789 978 conse-

1020 1002 1153 1040 quenter
1169 1011 1175 1030 z
1195 1009 1274 1039 ergo
1289 1000 1314 1029 si
1328 1000 1442 1030 habeat
1464 1001 1581 1040 species
1596 1000 1649 1030 illa
1664 1009 1792 1040 compa-

1020 1053 1156 1083 rationes
1180 1053 1259 1083 duas
1288 1055 1454 1093 sequentes
1478 1054 1544 1084 sine
1572 1054 1694 1093 prima,
1723 1063 1790 1086 non

1020 1106 1114 1136 habet
1128 1106 1324 1144 naturaliter,
1341 1107 1395 1136 sed
1410 1106 1610 1137 miraculose.

1061 1159 1203 1190 Secundo
1218 1159 1373 1198 quaeritur
1387 1159 1425 1190 de
1446 1168 1538 1199 opere
1555 1159 1789 1190 transmutatio-
1833 1164 1911 1188 Qnoesi⁴

1020 1212 1079 1250 nis,
1097 1214 1127 1242 et
1143 1212 1281 1242 maxime
1299 1212 1336 1242 de
1350 1212 1593 1252 putrefactione,
1610 1215 1720 1243 utrum
1735 1212 1791 1244 sei·
1806 1197 1910 1248 ‘riffigm

1021 1265 1092 1295 licet
1103 1265 1142 1295 sit
1157 1265 1328 1303 naturalis;
1345 1267 1375 1295 et
1386 1266 1470 1304 quod
1486 1266 1538 1304 sic,
1557 1266 1699 1297 videtur:
1718 1266 1792 1306 quia

1021 1318 1105 1357 quod
1139 1318 1287 1348 convenit
1315 1318 1408 1348 alicui
1436 1319 1642 1356 naturaliter,
1672 1319 1792 1350 salvata

1021 1374 1152 1408 natura,
1169 1373 1273 1403 adhue
1288 1372 1332 1402 illi
1355 1374 1525 1404 convenit:
1549 1374 1603 1404 sed
1626 1374 1791 1414 speciebus

1021 1425 1082 1455 illis
1103 1426 1288 1456 naturaliter
1306 1426 1454 1457 convenit
1472 1428 1632 1467 corrumpi
1657 1429 1688 1458 et
1713 1428 1789 1458 defi-

1021 1487 1100 1516 cere,
1112 1478 1162 1507 vel
1177 1480 1303 1518 propter
1316 1478 1471 1510 detectum
1486 1480 1613 1511 virtutis
1624 1480 1788 1518 naturalis,

1021 1531 1071 1561 vel
1086 1531 1161 1570 quia
1176 1534 1346 1562 causantur
1361 1541 1379 1561 a
1391 1533 1555 1563 contrariis
1568 1533 1788 1572 qualitatibus;

1021 1587 1051 1614 et
1074 1584 1192 1614 habent
1216 1585 1372 1614 contraria
1380 1595 1387 1621 ;
1414 1586 1444 1614 et
1468 1587 1590 1616 constat
1617 1585 1703 1626 quod
1727 1585 1790 1617 illae

1021 1639 1139 1678 species
1163 1638 1326 1669 salvantur
1348 1638 1381 1669 in
1403 1638 1513 1669 eadem
1536 1640 1674 1670 natura:
1691 1647 1786 1678 ergo,

1021 1696 1080 1724 etc.

1062 1747 1140 1777 Item
1158 1747 1316 1786 corruptio
1331 1755 1386 1786 per
1400 1746 1652 1777 contrarietatem
1667 1748 1713 1777 est
1730 1756 1790 1778 na-

1020 1800 1132 1830 turalis
1144 1824 1153 1838 ,
1170 1800 1230 1830 hoc
1244 1801 1345 1839 patet:
1364 1799 1417 1830 sed
1432 1799 1549 1839 species
1563 1799 1606 1829 ibi
1621 1799 1791 1830 existentes

1020 1853 1137 1884 habent
1160 1862 1234 1889 vere
1261 1854 1409 1882 naturam
1434 1852 1686 1883 contrarietatis:
1713 1861 1790 1892 ergo

1021 1908 1095 1937 sunt
1119 1905 1336 1945 corruptibiles
1357 1905 1554 1936 naturaliter.
1579 1904 1682 1935 Minor
1706 1907 1790 1945 patet

1020 1959 1073 1989 sic.
1096 1958 1153 1989 Ubi
1170 1958 1327 1988 contraria
1339 1960 1412 1988 sunt
1426 1958 1601 1989 secundum
1616 1967 1682 1989 esse
1695 1958 1787 1998 spiri-

1020 2013 1124 2049 tuale,
1141 2011 1236 2042 simul
1257 2013 1389 2051 possunt
1404 2020 1471 2041 esse
1493 2011 1526 2041 in
1542 2011 1667 2048 eodem,
1684 2013 1714 2041 et
1738 2020 1787 2042 se-

1020 2066 1160 2097 cundum
1182 2066 1285 2102 idem,
1307 2067 1343 2095 ut
1367 2066 1400 2096 in
1421 2065 1529 2096 eodem
1555 2065 1677 2102 medio,
1700 2066 1736 2096 ut
1756 2065 1787 2095 in

1020 2128 1116 2149 sensu
1139 2120 1169 2148 et
1194 2118 1353 2149 intellectu
1375 2117 1523 2148 contrarii
1550 2118 1687 2148 colores:
1716 2127 1788 2148 cum

1019 2181 1097 2212 ergo
1112 2171 1163 2202 hic
1180 2180 1245 2201 non
1261 2171 1381 2211 possint
1401 2180 1467 2202 esse
1482 2171 1631 2201 contrarii
1653 2170 1787 2209 colores,

1019 2234 1077 2255 nec
1105 2233 1230 2264 sapores
1259 2223 1371 2261 simul,
1396 2224 1460 2254 imo
1486 2226 1600 2255 mutuo
1629 2232 1661 2254 se
1687 2223 1790 2263 expel-

1019 2278 1104 2316 lunt,
1125 2278 1242 2308 habent
1264 2277 1365 2316 igitur
1385 2279 1532 2308 naturam
1553 2285 1639 2308 verae
1660 2277 1789 2307 contra-

1020 2331 1148 2361 rietatis

1060 2384 1137 2414 Item
1151 2383 1205 2414 ubi
1220 2384 1292 2413 sunt
1302 2383 1418 2423 species
1434 2382 1609 2413 secundum
1623 2381 1786 2421 spirituale

1019 2446 1096 2474 esse,
1111 2436 1296 2467 excellentia
1310 2435 1381 2465 talis
1396 2435 1509 2474 speciei
1520 2444 1584 2465 non
1598 2436 1644 2464 est
1657 2442 1788 2473 corrup-

1019 2491 1099 2528 tiva;
1117 2490 1142 2519 si
1160 2490 1260 2528 igitur
1275 2489 1307 2519 in
1331 2488 1493 2528 speciebus
1508 2487 1789 2518 sacramentalibus

1020 2543 1203 2574 excellentia
1231 2542 1426 2573 sensibilium
1451 2541 1612 2572 contristat
1635 2549 1786 2578 sensum,

1020 2605 1099 2636 ergo
1120 2598 1167 2627 est
1190 2595 1233 2626 ihi
1255 2594 1373 2635 species
1394 2594 1513 2625 habens
1533 2595 1682 2625 naturam
1704 2601 1790 2624 verae

1819 382 1897 407 Quaest-

1800 418 1844 436 tum
1855 417 1873 436 ί.
