2017 2948
155 139 213 168 238

157 203 248 233 istam
260 201 470 231 differentiam
483 198 654 239 opponitur
670 198 726 227 sic.
741 197 774 226 ln
787 194 925 225 secunda

157 255 307 285 canonica
320 253 451 284 dicitur-¹
466 264 472 282 z
486 252 642 284 Mandata
658 251 725 290 ejus
739 250 853 289 qravm
863 256 926 279 non

158 311 243 339 sunt.
274 307 358 345 Ergo
381 307 406 336 si
430 306 482 336 lex
497 308 589 335 vetus
616 303 754 333 continet
780 301 927 331 mandata

159 361 223 397 Dei,
232 360 356 390 videtur
367 358 452 399 quod
461 368 525 388 non
537 358 576 387 sit
584 364 728 392 onerosa,
741 363 797 385 nec
806 354 925 393 gravis.

199 416 228 443 ⁶2.
248 413 369 443 ltem²:
394 412 458 450 Qui
480 411 589 449 diliyz'c
611 408 807 447 proximum,
832 406 929 445 leqem

159 464 314 504 implevit.
340 463 399 493 Sed
415 463 475 492 hoc
496 463 542 491 est
566 459 657 490 valde
672 458 772 494 facile,
797 466 870 487 cum
891 456 929 486 sit

160 517 290 547 omnino
304 516 338 546 in
352 515 454 545 cordis
475 513 575 544 nostri
591 513 743 552 potestate
761 521 767 540 τ
784 518 863 548 ergo
883 509 928 538 fa-

161 570 218 600 cile
239 569 298 599 suit
311 569 478 599 observare
499 566 606 604 legem
625 576 632 595 :
649 573 728 603 ergo
744 563 795 593 lex
810 562 862 592 illa
877 562 929 592 de-

162 623 215 652 het
229 621 288 651 dici
302 621 353 651 lex
369 619 536 655 facilitatis,
552 627 618 648 non
634 616 810 656 gravitatis

204 679 232 705 3.
248 674 337 710 Item,
355 673 380 703 si
395 673 446 702 lex
461 671 598 701 mosaica
618 670 732 700 dicitur
747 669 800 699 lex
823 668 930 707 gravi-

163 728 245 765 tatis⁷
266 729 322 756 aut
342 726 402 755 hoc
423 724 537 755 dicitur
551 724 695 762 respectu
707 721 846 752 hominis
868 721 934 751 vir-

166 780 257 817 tuosi,
271 781 326 809 aut
348 779 493 817 respectu
513 775 683 816 peccatoris
702 777 732 804 et
755 773 891 813 injusti:
909 772 935 802 si

164 835 307 873 respectu
319 832 464 868 virtuosi,
481 833 589 861 contra
602 841 608 860 2
626 828 685 866 Qui
701 829 862 859 virtuosus
877 828 934 864 est,

165 886 349 917 charitatem
365 885 470 921 babet,
496 886 525 913 et
539 885 635 918 amat,
659 884 690 912 et
705 881 813 912 omnia
836 879 937 910 facilia

166 941 240 969 sunt
254 938 388 975 amanti3
413 937 439 966 si
454 938 598 975 respectu
613 935 797 974 peccatoris,
820 933 872 963 sed
887 941 936 962 re-

168 994 276 1031 spectu
290 991 361 1021 talis
382 990 433 1020 lex
448 988 616 1027 Evangelii
632 997 694 1018 non
718 985 938 1017 tantummodo

168 1047 215 1074 est
229 1044 339 1082 gravis
356 1053 363 1071 :
387 1043 451 1072 imo
465 1041 597 1072 omnino
611 1039 819 1079 importabilis
837 1048 844 1068 :
861 1046 939 1076 ergo

168 1105 233 1127 non
255 1096 382 1127 videtur
402 1094 486 1134 quod
507 1103 602 1133 penes
626 1092 815 1131 gravitatem
831 1091 941 1121 debent

169 1149 345 1179 differentia
356 1148 436 1186 legis
450 1155 543 1177 novae
559 1148 589 1176 et
602 1145 718 1176 veteris
733 1143 898 1182 assignari.

209 1203 239 1231 4.
255 1201 333 1231 Item
347 1200 496 1239 objicitur
510 1201 618 1229 contra
633 1198 804 1228 secundam
819 1198 941 1235 partem

170 1254 367 1290 differentiae,
383 1253 458 1292 quia
472 1261 524 1282 ars
538 1255 567 1282 et
585 1251 688 1281 virtus
703 1252 748 1280 est
763 1250 846 1279 circa
860 1248 943 1278 diffi-

171 1307 262 1337 cilia:
282 1315 360 1345 ergo
376 1306 431 1336 ubi
454 1306 558 1345 maj01·
577 1307 624 1334 est
638 1303 750 1340 virtus,
777 1302 819 1331 ibi
842 1302 944 1340 major

172 1360 262 1390 debet
275 1368 342 1389 esse
356 1358 525 1389 difficultas
543 1366 550 1387 :
566 1357 620 1387 sed
634 1355 827 1395 perfectioris
841 1354 945 1383 virtu-

173 1413 212 1443 tis
225 1415 300 1443 sunt
314 1412 460 1442 homines
475 1412 507 1441 in
523 1411 594 1449 lege
610 1418 694 1439 nova
709 1417 805 1447 quam
821 1407 919 1438 veteri
936 1416 943 1436 :

175 1475 253 1504 ergo
271 1465 413 1502 videtur,
439 1464 600 1503 quoddlex
622 1470 706 1492 nova
730 1461 856 1491 deberet
879 1468 946 1490 esse

175 1518 303 1556 maJ'oris
319 1517 482 1555 gravitatis
496 1519 525 1546 et
538 1514 739 1546 difficultatis.

216 1572 245 1600 5.
264 1570 352 1606 ltem,
369 1569 527 1600 difficilius
541 1570 587 1597 θεῖ
603 1567 749 1597 cohibere
770 1574 903 1595 manum
918 1566 949 1594 et

176 1623 331 1659 animum,
348 1631 445 1661 quam
461 1629 593 1651 manum
610 1622 736 1649 tantum
753 1629 760 1649 z
777 1619 830 1648 sed
847 1618 948 1648 Evan-

177 1676 298 1714 gelium
308 1675 431 1705 cohibet
445 1682 576 1704 manum
587 1675 617 1703 et.
630 1672 774 1702 animum
786 1681 792 1708 ς
810 1671 861 1700 lex
871 1679 948 1700 vero

178 1737 311 1759 manum
334 1730 482 1758 tantum:
507 1734 586 1764 ergo
610 1724 740 1763 majoris
760 1723 951 1754 difficultatis

179 1784 226 1812 est
239 1782 291 1811 lex
305 1780 499 1819 evangelica,
517 1787 613 1818 quam
629 1777 778 1808 mosaica.

220 1837 248 1864 6.
267 1834 356 1866 Item,
373 1833 457 1873 quod
473 1831 603 1871 apponit
620 1831 660 1860 ad
674 1830 823 1867 alterum,
839 1831 886 1859 θεῖ
899 1828 952 1858 illo

181 1887 338 1918 difficilius
354 1897 360 1916 :
377 1886 431 1916 sed
443 1885 496 1915 lex
510 1883 675 1922 Evangelii
692 1892 724 1912 se
739 1882 834 1912 habet
847 1890 887 1911 ex
903 1881 954 1911 ad-

182 1941 299 1971 ditione
323 1940 361 1970 ad
386 1939 491 1977 legem
515 1939 673 1973 veterem,
698 1936 778 1966 sicut
806 1937 890 1974 patet
915 1943 955 1964 ex

183 1993 328 2024 Mattlm'o
342 2001 353 2020 .·
369 2001 447 2030 ergo
463 1992 564 2029 major
584 1992 630 2019 est
644 1988 811 2019 difficultas
827 1991 857 2018 et
880 1996 953 2026 gra-

183 2047 264 2077 vitas
279 2046 312 2075 iu
326 2045 397 2083 lege
417 2043 613 2082 evangelica,
640 2050 738 2081 quam
761 2041 795 2070 in
809 2041 879 2078 lege
899 2049 954 2070 ve-

186 2099 243 2129 teri
259 2110 266 2128 :
281 2107 359 2136 ergo
374 2097 461 2127 nulla
476 2098 522 2126 est
537 2094 686 2134 praedicta
702 2092 889 2123 differentia.

454 2171 679 2204 CONCLUSIO.

187 2245 240 2270 Leae
262 2242 416 2276 evangelica
436 2240 524 2275 quoad
548 2239 732 2272 difficultatem
750 2240 774 2264 et
800 2238 961 2265 arduitatem

221 2284 414 2317 proeceptorum
430 2283 467 2306 est
483 2280 592 2312 oravior
605 2279 690 2304 veteri
702 2286 710 2311 3
724 2277 812 2311 quoad
826 2285 961 2304 munerum

225 2330 285 2349 vero
300 2324 336 2348 est
350 2330 362 2348 e
377 2322 484 2351 contra,
506 2319 552 2345 sed
566 2319 671 2344 racione
691 2318 820 2343 moventis
844 2319 942 2343 amoris
952 2338 960 2351 ‚

228 2365 251 2389 el
264 2363 370 2389 ratione
382 2361 605 2388 sacramentorum
620 2357 809 2390 adjuvantium
824 2359 860 2382 esc
880 2357 964 2383 levior

231 2404 284 2436 leffe
298 2403 391 2428 veteri.

235 2470 325 2509 ltesp.
341 2469 381 2499 ad
395 2476 466 2506 arg.
482 2467 529 2497 Ad
544 2465 770 2506 praedictorum
786 2463 966 2502 intelligen-

230 2551 235 2563 ¹
253 2550 352 2577 lloun„
368 2556 396 2575 v,
413 2549 426 2571 3
438 2548 486 2564 —2
499 2547 576 2575 Rom„
591 2550 650 2572 xm,
667 2545 726 2567 8.-
737 2542 748 2558 ³
763 2543 847 2568 Rern..
865 2544 895 2566 dc
907 2544 966 2568 Nat.

199 2585 291 2609 amoris
306 2583 410 2607 Dede-⁸
424 2581 514 2609 Exod„
529 2586 594 2608 xvu,
615 2582 649 2602 12.

705 127 1014 162 SENTENTIARUM
1035 128 1108 160 ΗΒ.
1132 129 1184 160 lll.

983 196 1057 226 tiam
1073 198 1120 226 est
1137 196 1322 234 notandum,
1349 196 1433 236 quod
1447 196 1485 226 de
1499 195 1549 226 his
1564 195 1687 226 duabus
1708 194 1752 224 le-

984 249 1080 287 gibus
1097 251 1143 279 est
1161 249 1246 289 loqui
1262 249 1425 288 tripliciter
1441 260 1448 279 :
1466 251 1521 278 aut
1537 248 1657 279 ratione
1672 256 1756 286 prae-

984 303 1146 340 ceptorum
1161 301 1384 339 obligantium,
1401 303 1456 331 aut
1471 301 1592 331 ratione
1608 300 1756 331 affectio-

985 362 1063 383 num
1073 353 1282 391 moventium,
1291 355 1344 384 aut
1352 354 1472 384 ratione
1482 355 1757 384 sacramentorum

986 406 1218 445 adjuvantium.
1245 406 1276 436 Si
1293 406 1415 437 ratione
1431 409 1662 446 praeceptorum
1678 405 1756 435 obli-

989 459 1149 497 gantiam,
1169 459 1212 489 sic
1235 468 1266 488 εθ
1289 459 1407 490 habent
1431 459 1513 489 sieut
1535 458 1718 489 excedentia
1731 459 1763 488 et

990 521 1128 543 excessa.
1152 511 1231 542 Nam
1254 515 1409 552 quantum
1432 512 1469 542 ad
1494 520 1685 548 numerum,
1711 510 1763 541 lex

990 565 1058 593 erat
1074 562 1204 601 gravior
1220 565 1346 601 propter
1371 562 1607 592 multitudinem
1628 560 1765 600 judicia-

989 616 1072 646 lium
1090 618 1120 646 et
1144 615 1434 652 caeremonialium3
1460 616 1615 654 quantum
1636 622 1712 644 vero
1726 611 1766 643 ad

990 668 1211 708 perfectionem
1232 671 1261 699 et
1276 668 1477 705 arduitatem,
1493 667 1626 706 gravius
1639 668 1669 696 et
1681 665 1764 696 diffi-

991 722 1082 752 cilius
1105 725 1150 752 est
1172 721 1402 759 Evangelium,
1429 721 1510 750 sicut
1542 718 1700 751 difficilius
1721 720 1768 749 est

992 775 1101 805 vivere
1124 774 1299 805 secundum
1331 774 1526 813 exigentiam
1556 771 1766 812 perfectionis,

992 836 1087 867 quam
1106 827 1278 857 secundum
1294 827 1517 857 sufficientiam
1529 825 1613 865 jin-is
1627 833 1768 854 commu-

993 881 1052 910 nis.
1071 880 1108 910 Et
1121 881 1163 909 sic
1178 880 1315 919 quodam
1327 879 1422 909 modo
1438 879 1557 909 ratione
1572 877 1676 908 oneris
1690 885 1769 916 prae-

994 935 1157 972 ceptorum
1173 933 1294 963 excedit
1309 932 1373 963 Lex
1388 933 1419 962 in
1435 932 1616 963 difficultate
1632 929 1768 970 quodam

996 986 1089 1016 modo
1109 985 1338 1024 Evangelium.
1361 986 1430 1016 Alio
1453 985 1546 1015 modo
1572 986 1619 1014 est
1641 991 1771 1022 compa-

995 1048 1065 1069 rare
1082 1039 1156 1069 istas
1174 1039 1252 1069 duas
1271 1038 1358 1077 leges
1373 1038 1410 1068 ad
1428 1038 1562 1068 invicem
1578 1037 1700 1067 ratione
1725 1035 1772 1065 af-

996 1092 1166 1122 fectionum
1208 1091 1405 1121 moventium
1422 1102 1429 1128 3
1461 1094 1491 1120 et
1526 1090 1570 1120 sic
1598 1089 1701 1120 levius
1726 1089 1774 1119 est

997 1144 1221 1183 Evangelium,
1245 1144 1320 1183 quia
1335 1153 1407 1173 cum
1429 1143 1462 1173 in
1477 1142 1679 1173 observantia
1692 1141 1774 1180 legis

997 1197 1192 1235 evangelicae
1216 1199 1342 1227 moveat
1368 1197 1407 1236 (a)
1432 1205 1542 1232 amor,
1567 1195 1622 1235 qui
1648 1194 1775 1224 alleviat

999 1259 1091 1287 onus,
1108 1253 1137 1280 et
1152 1259 1217 1280 non
1232 1250 1324 1279 sentit
1346 1249 1498 1286 laborem,
1519 1249 1599 1278 sicut
1613 1247 1686 1277 dicit
1697 1245 1774 1276 Ber-

999 1303 1148 1340 nardus³‚
1163 1303 1217 1333 sed
1231 1303 1336 1342 potius
1346 1302 1585 1332 delectationem
1596 1301 1629 1330 in
1641 1308 1677 1330 eo
1692 1298 1775 1339 quod

1000 1356 1070 1385 facit
1084 1380 1092 1392 ‚
1108 1356 1230 1386 ratione
1244 1355 1420 1385 allectionis
1434 1353 1601 1391 moventis,
1618 1353 1668 1384 lex
1683 1361 1778 1384 evan-

1001 1408 1104 1447 gelica
1119 1411 1166 1438 est
1188 1408 1286 1438 facilis
1301 1410 1331 1438 et
1347 1408 1465 1438 suavis.
1492 1406 1552 1437 Sed
1574 1416 1590 1436 e
1605 1407 1714 1436 contra
1728 1405 1778 1435 af-

1002 1462 1092 1492 fectio
1110 1470 1242 1491 movens
1257 1461 1295 1490 ad
1311 1461 1547 1490 observantiam
1563 1459 1645 1497 legis
1660 1458 1777 1489 mosai-

1003 1524 1048 1544 cae
1063 1515 1158 1544 timor
1173 1515 1250 1551 erat,
1265 1515 1295 1542 et
1308 1513 1351 1542 illi
1368 1512 1472 1542 timori
1493 1513 1605 1551 juncta
1620 1514 1687 1541 erat
1702 1520 1780 1550 gra-

1003 1567 1052 1596 vis
1066 1567 1205 1606 punitio;
1226 1566 1310 1605 quod
1324 1565 1540 1604 significatum
1557 1567 1614 1602 est,
1633 1564 1687 1595 ubi
1702 1564 1779 1595 dici-

1005 1622 1055 1650 tur
1071 1619 1080 1635 '⁴
1107 1619 1191 1658 quod
1217 1627 1332 1648 manus
1357 1618 1453 1657 Moysi
1480 1620 1569 1648 eraut
1593 1626 1718 1656 graves.
1744 1616 1781 1648 Et

1005 1673 1082 1712 quia
1098 1673 1191 1702 timor
1207 1671 1245 1702 de
1261 1680 1294 1701 se
1316 1680 1442 1710 poenam
1459 1671 1566 1707 habet,
1592 1673 1623 1700 et
1641 1669 1781 1700 exterius

1001 1727 1132 1764 Junctus
1147 1726 1193 1754 cst
1212 1733 1326 1763 poenae3
1354 1723 1427 1753 hinc
1452 1723 1598 1762 estquod
1623 1724 1780 1762 quantum

1007 1778 1044 1808 ad
1069 1778 1129 1808 hoc
1156 1777 1207 1807 lex
1240 1776 1378 1806 mosaica
1409 1776 1511 1806 multo
1537 1775 1668 1814 gravior
1697 1776 1781 1812 erat,

1007 1839 1105 1870 quam
1119 1830 1172 1860 lex
1186 1829 1382 1868 evangelica.
1408 1828 1511 1858 Tertio
1530 1828 1624 1858 modo
1648 1830 1695 1858 est
1709 1827 1784 1857 istas

1008 1883 1096 1921 leges
1111 1891 1294 1922 comparare
1317 1882 1354 1911 ad
1379 1881 1515 1911 invicem
1529 1881 1650 1911 ratione
1676 1888 1784 1910 sacra-

1011 1938 1193 1966 mentorum
1213 1935 1437 1973 adjuvantium
1446 1943 1455 1972 3
1476 1934 1559 1964 etsie
1572 1933 1672 1964 multo
1683 1932 1786 1964 levior

1010 1989 1062 2019 lex
1079 1991 1126 2018 est
1147 1988 1331 2026 evangelica
1345 1997 1443 2027 quam
1459 1986 1594 2017 mosaica
1610 1997 1616 2015 :
1635 1986 1710 2025 quia
1735 1993 1785 2015 sa-

1012 2043 1172 2072 cramenta
1188 2041 1272 2071 illius
1284 2041 1366 2079 legis
1383 2040 1521 2070 multum
1538 2038 1698 2069 habebant
1708 2045 1789 2077 pon-

1013 2095 1107 2130 deris,
1123 2096 1154 2124 et
1167 2102 1280 2133 parum
1293 2093 1330 2122 de
1345 2092 1484 2122 efficacia
1493 2091 1634 2128 virtutis;
1652 2100 1669 2120 e
1680 2091 1789 2120 contra

1013 2150 1060 2177 est
1076 2147 1109 2176 in
1122 2146 1328 2176 sacramentis
1345 2154 1437 2175 novae
1453 2144 1544 2183 legis,
1569 2152 1641 2183 quae
1656 2150 1788 2182 parvam

1015 2200 1131 2229 habent
1145 2198 1362 2228 difficultatem
1373 2221 1381 2234 ,
1399 2200 1428 2226 θῖ
1445 2196 1578 2226 multam
1595 2196 1714 2226 habent
1726 2195 1790 2225 uti-

1016 2253 1149 2282 litatem.
1169 2251 1249 2281 Hinc
1262 2253 1307 2280 θεῖ
1322 2250 1404 2289 quod
1421 2249 1596 2279 secundum
1609 2249 1691 2278 hanc
1704 2256 1792 2278 com—

1017 2305 1215 2345 parationem
1230 2303 1282 2333 lex
1297 2310 1380 2334 nova
1398 2311 1459 2331 uon
1480 2301 1699 2332 tantummodo
1714 2300 1792 2330 dici-

1018 2361 1070 2388 tur
1084 2357 1184 2387 levior
1198 2356 1271 2394 lege
1291 2355 1443 2391 mosaic-33
1467 2354 1531 2384 imo
1547 2354 1661 2384 dicitur
1670 2354 1791 2392 ,iugum

1020 2410 1164 2447 levitatis,
1176 2411 1207 2439 et
1222 2408 1276 2438 illa
1292 2408 1405 2437 dicitur
1418 2416 1499 2437 onus
1512 2406 1691 2446 gravitatis.
1705 2403 1793 2435 Unde

1020 2461 1255 2494 concedendum
1289 2463 1334 2490 est
1367 2459 1550 2499 praedictam
1582 2457 1793 2489 differentiam

1022 2525 1088 2547 esse
1101 2517 1184 2546 recte
1199 2513 1405 2552 assignatam.

1055 2578 1088 2609 (a)
1105 2577 1166 2601 Coet.
1179 2576 1239 2599 edit.
1256 2577 1398 2599 moveatur.
