2017 2948
276 231 313 260 20
850 220 1170 258 SENTENTIARUM,
1183 220 1255 252 LIB.
1280 221 1332 252 111.

277 304 339 326 non
354 292 429 333 quia
449 290 575 322 habitus
596 290 776 321 destruatur
804 291 835 320 et
855 291 1044 326 evacuetur;

276 347 329 378 sed
352 346 426 386 quia
456 344 575 375 tollitur
595 343 645 374 ille
669 342 785 373 sciendi
805 342 917 373 modus
930 342 997 381 qui⁷
1012 343 1047 372 ut

274 401 394 431 dictum
408 402 464 435 est,
480 399 575 429 habet
590 396 658 427 fieri
673 405 728 436 per
742 396 930 426 discursum.

315 456 344 485 2.
372 453 420 484 Ad
449 452 526 482 illud
549 450 633 491 quod
665 449 812 489 objicitur
837 449 874 479 de
897 447 1044 487 Hugone,

275 508 359 549 quod
374 506 514 538 scientiae
526 505 664 535 inventae
679 505 752 533 sunt
768 501 1047 542 propterindigen-

274 562 362 599 tiam,
379 560 547 592 dicendum
562 557 647 598 quod
663 556 759 595 Ilugo
771 565 835 586 non
848 555 988 593 assignat
1003 555 1046 583 to-

274 617 339 646 tam
355 621 482 645 causam
495 636 503 650 ‚
520 611 573 641 sed
588 610 730 648 assignat
745 617 874 639 causam
889 615 961 647 quae
978 614 1046 636 mo-

272 669 325 698 vet
359 666 504 697 homines
534 662 707 694 secundum
738 664 856 692 statum
883 659 1047 700 praesentis

273 720 348 751 vitae
382 719 420 750 ad
454 717 671 749 inventionem
706 715 855 745 scientiae.
894 712 1046 750 Quamvis

273 773 359 803 enim
375 771 520 802 homines
535 769 612 800 moti
626 768 744 799 fuerint
760 769 887 807 propter
899 765 1045 804 indigen-

271 826 330 856 tias
350 823 559 860 amovendas,
585 820 768 860 hujusmodi
791 821 898 849 tamen
919 818 1046 848 habitus

272 878 375 917 magis
387 876 524 907 ordinari
539 874 658 905 habent
673 873 711 904 ad
727 871 951 911 intelligentias
971 880 1043 901 nos-

271 934 336 962 tras
349 928 555 970 perficiendas
571 939 578 958 ·.
595 927 680 967 quod
696 926 824 966 quidem
842 934 906 955 non
920 926 1045 955 tantum

272 984 421 1025 competit
435 982 529 1014 statui
543 982 615 1018 viae,
633 980 685 1011 sed
703 980 797 1010 etiam
812 978 934 1019 patriae.

313 1040 342 1069 3.
368 1037 416 1068 Ad
438 1035 514 1066 illud
536 1034 621 1074 quod
645 1033 802 1072 objicitur,
828 1031 912 1071 quod
937 1030 1046 1061 anima

272 1090 379 1122 omnia
400 1088 563 1128 cognoscit
582 1087 615 1117 in
629 1085 732 1117 Verbo
748 1086 832 1122 actu,
849 1086 920 1121 etc„
936 1084 1045 1114 dicen-

271 1145 348 1176 dum
363 1143 459 1184 quod,
475 1142 555 1172 sicut
569 1141 687 1171 dictum
701 1139 760 1169 fuit
769 1138 806 1169 de
817 1138 949 1175 Christo,
961 1137 1045 1176 quod

271 1199 377 1230 anima
393 1197 505 1229 Christi
519 1204 583 1226 non
599 1193 798 1225 solummodo
812 1192 925 1223 habuit
939 1191 1047 1230 cogni-

271 1252 392 1282 tionem
415 1258 523 1281 rerum
546 1249 581 1278 in
605 1247 728 1285 Verbo,
749 1246 802 1276 sed
820 1245 915 1276 etiam
932 1253 1044 1275 secun-

271 1304 349 1335 dum
369 1312 401 1334 se
419 1311 475 1343 per
489 1301 634 1332 habitum
650 1299 709 1329 sibi
724 1299 887 1335 innatum3
906 1299 936 1327 et
949 1306 1046 1336 ange-

271 1357 310 1387 lis
329 1356 428 1387 beatis
451 1353 597 1386 convenit
618 1352 703 1383 idem
725 1353 852 1391 propter
881 1350 1046 1389 perfectio-

271 1418 346 1440 nem
359 1407 560 1448 cognitionis,
578 1414 643 1436 non
658 1404 761 1435 solum
776 1405 921 1442 respectu
938 1402 1046 1433 diver-

272 1462 369 1493 sitatis
394 1459 656 1500 cognoscibilium
669 1482 677 1496 ‚
702 1457 755 1487 sed
777 1456 871 1487 etiam
889 1457 1046 1495 quantum

272 1516 312 1546 ad
327 1514 453 1546 varium
476 1510 685 1551 cognoscendi
708 1510 859 1540 modum:
888 1509 931 1539 ita
951 1509 1045 1538 etiam

272 1567 305 1598 in
319 1567 417 1597 beatis
429 1564 672 1604 intelligendum
692 1565 737 1593 cst
751 1571 828 1599 esse,
845 1563 921 1602 quia
936 1562 1047 1601 cogni-

272 1621 317 1652 tio
340 1629 447 1651 rerum
467 1619 500 1649 in
520 1618 636 1655 Verbo,
657 1619 687 1647 et
710 1617 742 1646 in
764 1616 890 1656 proprio
917 1625 1044 1655 genere,

273 1673 369 1704 simul
383 1682 415 1703 se
429 1672 565 1711 compati
590 1671 721 1710 possunt
735 1671 890 1709 quantum
904 1669 941 1700 ad
957 1668 1047 1698 habi-

273 1729 343 1757 tum
360 1728 391 1757 et
405 1728 562 1765 quantum
575 1724 614 1754 ad
627 1725 745 1761 actum,
762 1722 837 1762 quia
846 1731 910 1752 una
921 1721 959 1752 ad
974 1721 1048 1752 alte-

273 1789 342 1810 ram
353 1779 528 1809 ordinatur.

314 1835 344 1863 4.
360 1832 407 1863 Ad
423 1832 498 1861 illud
515 1830 600 1870 quod
615 1829 774 1868 objicitur,
791 1828 875 1868 quod
890 1828 967 1858 fides
977 1828 1047 1867 plus

274 1887 368 1917 habet
386 1885 424 1916 de
446 1884 576 1915 veritate
598 1885 629 1913 et
653 1882 785 1919 lumine,
808 1890 904 1920 quam
919 1881 1047 1911 habitus

274 1938 423 1976 scientioe,
450 1936 617 1968 dicendum
645 1935 731 1975 quod
760 1934 818 1965 etsi
846 1934 923 1965 illud
952 1934 1047 1973 possit

274 1991 422 2028 concedi,
445 1992 552 2020 tamen
575 1998 614 2019 ex
637 1988 697 2018 hoc
711 1997 775 2018 non
792 1987 946 2026 sequitur,
963 1987 1047 2026 quod

274 2044 388 2075 habeat
403 2042 562 2078 evacuari,
583 2041 658 2080 quia
671 2041 780 2071 lumen
792 2040 876 2077 fidei,
894 2040 928 2070 in
945 2049 1047 2079 quan·

274 2099 343 2128 tum
358 2094 542 2135 hujusmodi
555 2096 611 2131 est,
624 2093 718 2124 habet
729 2092 979 2132 inseparabiliter
986 2092 1046 2123 sibi

275 2149 323 2189 adj
329 2151 461 2180 unctum
475 2146 610 2187 aliquid,
627 2145 711 2186 quod
733 2154 799 2176 non
813 2147 859 2175 est
873 2146 1045 2184 compossi-

275 2202 336 2234 bile
355 2211 429 2233 cum
447 2202 529 2231 statu
552 2199 663 2239 gloriae
676 2222 684 2236 ‚
700 2198 780 2228 sicut
795 2198 827 2228 in
842 2198 1044 2238 praecedenti-

275 2255 335 2286 bus
349 2257 510 2286 ostensum
526 2253 596 2283 fuit.
619 2251 686 2282 Non
701 2251 745 2281 sic
759 2253 865 2282 autem
880 2253 926 2282 est
940 2251 978 2282 de
992 2252 1046 2283 ha-

275 2308 343 2339 bitu
370 2307 506 2338 scientIae
519 2329 527 2343 ,
543 2305 618 2345 qui,
634 2306 791 2344 quantum
814 2306 860 2334 est
874 2304 911 2335 de
927 2314 984 2335 sua
999 2314 1047 2336 ra-

274 2361 370 2397 tione,
386 2362 473 2390 tanto
487 2358 651 2399 perfectior
669 2359 727 2393 est,
750 2360 869 2396 quanto
888 2358 1001 2389 certior
1016 2361 1046 2389 et

274 2414 387 2444 clarior
406 2415 451 2443 est
472 2423 479 2442 ε
501 2411 570 2441 ideo
594 2419 659 2440 non
686 2410 730 2440 sic
749 2410 844 2440 habet
865 2410 929 2440 tolli
947 2420 1046 2450 quan-

274 2469 343 2496 tum
364 2466 402 2496 ad
422 2465 567 2495 habitum
579 2487 586 2501 ,
601 2463 682 2494 sicut
697 2463 773 2493 fides
792 2463 830 2493 ad
845 2464 1044 2502 praesentiam

275 2519 399 2557 gloriae.

306 2581 312 2595 ¹
327 2580 367 2609 Cf.
384 2580 453 2603 Alex.
469 2578 575 2608 Alcnsis,
593 2578 673 2607 Cant,
686 2584 709 2607 p.
724 2578 764 2604 ΙΙΙ,
779 2578 835 2601 coll.
856 2584 932 2608 mxv,
947 2581 994 2602 art.
1010 2581 1041 2609 15

274 2616 300 2640 S.
315 2614 440 2644 Thomas,
463 2614 530 2643 ll-tl‚
550 2620 574 2643 q.
591 2618 663 2642 xxw,
679 2614 725 2635 art,
750 2614 788 2642 1:3;
801 2614 825 2635 ct
841 2613 867 2635 llt
887 2614 965 2643 Sunt„
984 2614 1041 2638 dist.

274 2655 346 2680 xxxi,
357 2656 380 2680 q.
393 2656 421 2679 ii,
432 2651 478 2672 nrt.
491 2650 512 2677 3;
528 2647 654 2672 nit-hard..
666 2647 697 2670 ΙΙΙ
710 2648 787 2675 Sent„
797 2648 854 2671 dist.
867 2654 939 2677 xxxi,
953 2651 999 2672 art.
1012 2652 1024 2672 3
1034 2668 1042 2678 ,

275 2684 702 2716 q.11;Th0m.Argem.‚1ltSem„
716 2683 772 2706 dist.
789 2688 859 2710 xxxi,
872 2691 897 2713 q.
914 2689 935 2713 1,
951 2686 997 2707 art.
1010 2686 1036 2713 33

1143 291 1171 318 5.
1186 288 1233 318 Ad
1248 288 1325 319 illud
1345 289 1431 328 quod
1451 288 1608 327 objicitur,
1633 288 1717 328 quod
1740 288 1870 319 scientia

1102 344 1147 371 est
1158 351 1213 381 per
1227 341 1424 372 collationem
1439 350 1542 372 causae
1553 341 1592 372 ad
1604 341 1764 379 effectum,
1776 344 1807 373 et
1817 351 1872 382 per

1103 394 1273 433 quemdam
1289 394 1466 425 discursum
1481 394 1674 432 collativum,
1700 393 1869 425 dicendum

1102 447 1186 486 quod
1211 447 1275 486 ipse
1298 447 1405 487 arguit
1427 447 1465 478 de
1489 447 1618 477 scientia
1646 450 1803 486 quantum
1831 446 1871 478 ad

1102 500 1234 531 modum
1249 509 1346 540 quem
1360 500 1393 530 in
1409 500 1554 540 praesenti
1566 500 1669 536 habet,
1682 500 1804 530 ratione
1819 509 1874 530 cu-

1100 553 1154 591 jus
1174 562 1359 583 concessum
1378 555 1424 583 est
1450 552 1611 583 scientiam
1633 553 1780 583 evacuari
1796 564 1803 583 :
1819 562 1872 583 ra-

1101 605 1186 636 ti0ne
1200 606 1293 645 quus
1313 605 1481 645 Apostolus
1495 614 1565 636 eam
1580 605 1612 635 in
1628 605 1736 636 futuro
1762 605 1874 636 asserit

1101 658 1337 690 destruendam.

1331 739 1571 774 ARTICULUS
1595 740 1651 775 111.

1141 816 1375 855 Consequenter
1388 816 1544 856 quaeritur
1559 816 1597 846 de
1612 816 1778 848 duratione
1795 816 1871 848 cha-

1101 868 1200 899 ritatis
1227 877 1281 908 per
1304 869 1571 908 comparationem
1598 869 1636 899 ad
1658 869 1764 909 ipsum
1784 878 1870 909 prae-

1100 922 1220 959 mium;
1237 924 1267 952 et
1276 922 1422 952 circahoc
1435 922 1708 961 quaerunturtria:
1727 922 1870 962 primum

1101 977 1157 1011 est,
1174 977 1283 1005 utrum
1296 983 1351 1014 per
1367 974 1503 1013 gloriam
1527 975 1692 1014 contingat
1709 975 1869 1007 charitatis

1100 1028 1246 1059 habitum
1281 1028 1439 1065 evacuari3
1475 1028 1650 1058 secundum
1673 1030 1729 1066 est,
1762 1031 1870 1060 utrum

1101 1086 1265 1124 contingat
1279 1085 1441 1115 charitatis
1455 1085 1600 1115 habitum
1610 1085 1642 1115 in
1655 1087 1756 1126 patria
1765 1086 1874 1118 dilata-

1100 1139 1145 1176 ri;
1167 1139 1297 1170 tertium
1313 1141 1359 1169 est
1377 1140 1487 1168 utrum
1506 1139 1669 1178 contingat
1690 1140 1867 1178 charitatis,

1101 1192 1244 1223 ordinem
1268 1192 1300 1222 in
1326 1191 1426 1231 patria
1445 1191 1619 1222 immutari.

1374 1273 1554 1311 QUAESTIO
1576 1273 1600 1304 I.

1145 1345 1189 1371 An
1211 1344 1351 1376 continqat
1373 1343 1516 1369 charitatis
1535 1342 1660 1370 habitum
1683 1345 1713 1370 in
1737 1346 1833 1379 patria

1411 1388 1537 1414 evacuari
1550 1386 1570 1413 ¹.

1143 1456 1255 1487 Utrum
1285 1456 1450 1495 contingat
1474 1455 1633 1486 charitatis
1662 1456 1809 1487 habitum
1837 1456 1870 1487 in
1888 1465 1994 1487 Fundam.

1101 1510 1203 1550 patria
1231 1509 1395 1546 evaeuari3
1424 1512 1454 1540 et
1479 1509 1563 1549 quod
1591 1519 1666 1546 nou,
1692 1510 1868 1541 videtur’:

1104 1564 1252 1595 Charitas
1283 1571 1449 1602 nunquam
1479 1563 1602 1595 eoecz'dit
1618 1574 1625 1600 ;
1657 1562 1764 1594 Glossa
1795 1564 1840 1594 ibi
1861 1575 1867 1594 :

1107 1618 1193 1649 «Nec
1209 1618 1242 1648 in
1250 1618 1310 1648 hoc
1326 1617 1454 1655 saeculo,
1464 1626 1522 1648 nec
1536 1617 1568 1647 in
1577 1618 1697 1655 future,
1710 1617 1767 1648 etsi
1776 1626 1872 1658 opera

1102 1672 1171 1710 ejus
1186 1673 1317 1701 cessent.
1333 1682 1347 1699 n
1372 1677 1377 1681 ·

1142 1726 1221 1756 Item
1236 1728 1324 1756 actus
1349 1725 1510 1755 charitatis
1535 1727 1581 1755 est
1606 1725 1740 1764 diligere
1769 1724 1872 1756 Deum

1102 1782 1230 1819 propter
1242 1788 1285 1815 se,
1303 1781 1334 1809 et
1348 1788 1443 1818 super
1458 1778 1577 1816 omnia,
1600 1780 1630 1808 et
1646 1787 1686 1809 ex
1712 1780 1778 1809 tota
1801 1778 1870 1808 ani-

1102 1843 1165 1870 ma,
1182 1835 1214 1863 et
1228 1842 1267 1863 ex
1280 1835 1343 1863 tota
1358 1834 1463 1862 mente
1478 1841 1486 1862 z
1503 1831 1556 1862 sed
1580 1832 1637 1862 iste
1651 1833 1739 1862 actus
1765 1831 1872 1870 magis

1102 1886 1252 1925 competit
1265 1885 1360 1915 statui
1375 1885 1497 1924 gloriae,
1511 1893 1607 1924 quam
1619 1884 1680 1915 viae
1699 1894 1706 1915 :
1726 1893 1804 1924 ergo
1817 1883 1874 1914 ha-

1102 1938 1187 1969 bitus
1199 1938 1359 1968 charitatis
1375 1937 1513 1968 maxime
1528 1936 1678 1976 competit
1689 1937 1783 1968 statui
1799 1937 1870 1976 glo-

1102 1991 1184 2022 rioso
1194 2002 1202 2029 ;
1220 1993 1250 2022 et
1264 1991 1291 2021 si
1305 1991 1376 2029 hoc,
1392 1992 1469 2021 tunc
1480 1999 1546 2021 non
1558 1992 1731 2021 evacuatur
1751 1989 1785 2021 in
1804 1990 1869 2022 illo.

1143 2044 1221 2075 Item
1235 2045 1334 2084 ipsius
1343 2044 1515 2082 charitatis,
1524 2043 1591 2074 sive
1603 2043 1731 2081 amoris,
1746 2045 1792 2073 est
1801 2043 1872 2074 uni-

1101 2108 1146 2136 re,
1159 2100 1256 2138 juxta
1269 2098 1347 2128 illud
1355 2097 1440 2137 quod
1450 2097 1523 2128 dicit
1538 2097 1648 2128 beatus
1663 2096 1832 2136 Dyonisius
1843 2097 1868 2127 ³:

1106 2164 1120 2180 «
1133 2152 1282 2183 Amorem
1293 2151 1428 2182 dicimus
1441 2150 1599 2181 unitivam
1607 2150 1686 2180 vim.
1698 2161 1713 2178 n
1732 2148 1792 2181 Sed
1808 2159 1873 2181 ma-

1101 2206 1152 2245 gis
1178 2205 1308 2235 unimur
1334 2205 1368 2234 in
1395 2204 1507 2243 patria,
1528 2212 1626 2242 quam
1640 2203 1674 2233 in
1687 2202 1740 2234 via
1758 2214 1764 2234 :
1781 2212 1871 2243 ergo,

1101 2261 1160 2289 etc.

1142 2311 1219 2341 Item
1234 2311 1350 2342 amoris
1377 2312 1423 2340 est
1447 2309 1619 2340 assimilare
1636 2333 1644 2347 ‚
1672 2310 1767 2348 Juxta
1793 2309 1870 2340 illud

1101 2365 1185 2404 quod
1203 2364 1278 2395 dicit
1300 2363 1396 2402 Hugo
1424 2363 1462 2392 de
1485 2362 1599 2392 Sancto
1626 2361 1760 2400 Victore,
1786 2362 1869 2402 quod

1101 2417 1208 2447 anima
1232 2416 1264 2445 in
1299 2416 1385 2454 eJus,
1414 2414 1499 2454 quod
1533 2414 1658 2453 diligit,
1693 2414 1869 2453 imaginem

1100 2469 1341 2500 transformatur
1367 2478 1374 2498 :
1397 2467 1450 2498 sed
1480 2467 1584 2506 magis
1601 2467 1721 2498 erimus
1750 2467 1870 2498 similes

1100 2523 1132 2552 in
1160 2522 1277 2561 patria,
1302 2530 1399 2560 quam
1425 2530 1521 2557 nunc,
1548 2519 1722 2551 secundum
1737 2519 1814 2551 illud
1829 2523 1864 2551 ⁴:

1100 2612 1186 2643 Steph.
1201 2611 1305 2640 Brulet'.‚
1320 2611 1351 2634 ΙΙΙ
1367 2610 1444 2640 Sene„
1457 2611 1514 2634 dist.
1530 2615 1602 2639 xxxi,
1619 2616 1643 2640 q.
1658 2615 1693 2633 ιν.
1705 2623 1736 2627 -
1747 2610 1758 2626 ⁸
1772 2610 1780 2634 1
1798 2610 1867 2639 Cor„

1099 2653 1156 2677 xiii,
1175 2649 1197 2671 8.
1214 2659 1245 2665 —
1261 2646 1271 2662 ³
1287 2646 1376 2676 Dion.‚
1391 2646 1420 2669 cle
1445 2647 1500 2670 Div.
1517 2645 1628 2674 Nomin„
1647 2652 1670 2669 c.
1692 2651 1731 2673 ιν,
1752 2652 1778 2676 p.
1800 2647 1823 2670 2.
1840 2658 1870 2664 —

1098 2684 1107 2699 ⁶
1123 2685 1130 2708 1
1145 2684 1228 2712 Jecur,
1240 2688 1280 2711 111,
1295 2684 1317 2705 2.
