2017 2948
222 133 278 164 198

220 199 313 230 modo
328 198 400 238 plus
414 200 540 228 moveat
555 198 594 229 ad
610 198 799 229 servandam
820 199 918 228 vitam
933 207 992 229 na-

219 255 319 290 turae3
343 254 449 282 tamen
467 252 564 291 pietas
585 252 726 290 gratuita
748 260 821 291 quae
845 256 993 282 movetur

218 305 393 337 secundum
417 305 562 344 regulam
587 305 678 343 fidei,
705 305 807 343 magis
827 306 933 334 movet
954 304 993 334 ad

219 358 469 390 conservandam
484 358 582 389 vitam
599 358 711 396 gratiae
727 360 759 387 et
772 357 911 387 virtutis,

260 414 288 442 5.
306 411 353 442 Ad
369 411 447 441 illud
463 420 548 447 vero,
566 410 649 449 quod
667 410 824 449 objicitur,
841 410 924 448 quod
938 407 993 449 qui

220 465 322 496 aufert
344 464 461 500 vitam,
485 465 586 494 aulert
609 463 746 502 spatium
772 462 942 502 poenitendi
964 464 995 492 et

222 518 364 549 merendi
378 541 386 555 ‚
405 517 572 547 dicendum
588 516 672 555 quod
688 517 718 546 et
733 515 829 545 simul
846 524 920 544 eum
935 503 995 545 hoc

222 572 324 602 aufert
338 571 474 611 spatium
490 570 637 609 peccandi
651 580 658 607 3
684 572 714 599 et
734 569 870 599 nescitur
886 571 994 599 utrum

221 625 318 655 homo
332 624 481 654 liberatus
499 633 517 653 a
536 624 638 653 morte
657 623 758 653 vitam
779 623 919 652 futuram
938 631 993 652 ex-

221 678 335 717 pendat
353 678 384 707 in
400 677 492 707 honis
505 701 512 713 ‚
536 677 587 707 vel
604 677 636 706 in
652 676 744 707 malis
758 685 765 706 ε
785 676 854 706 ideo
870 685 934 706 non
950 679 996 706 est

220 730 321 760 simile
338 730 411 760 hinc
425 732 456 760 et
471 729 554 759 inde.

260 788 289 813 (ἰ.
306 784 354 813 Ad
370 783 447 812 illud
464 791 550 819 vcro,
567 782 650 822 quod
667 782 822 821 quaeritur
837 781 875 811 «le
889 781 994 821 aliquo

220 839 275 879 qui
283 842 328 869 est
336 839 368 868 in
378 839 517 878 periculo
525 838 724 875 constitutus,
735 837 904 867 dicendum
912 838 995 876 (pind

222 893 271 923 ille
278 893 333 932 qui
341 894 387 923 est
395 892 428 922 in
437 892 574 931 periculo
584 891 773 921 constitutus
780 890 817 921 de
824 891 997 921 amittenda

221 946 401 985 integritate
416 945 520 975 carnis
533 968 541 981 ,
568 947 622 974 ant
637 946 682 974 cst
698 945 853 983 perfectus
875 947 997 974 amator

221 999 442 1035 continentiae,
467 1001 522 1028 aut
546 998 759 1036 imperfectus.
786 997 816 1026 Si
843 996 997 1035 perfectus

222 1054 284 1089 est,
310 1055 346 1082 ut
370 1051 466 1091 possit
488 1051 525 1081 de
543 1050 734 1081 continentia
755 1050 870 1080 mentis
896 1052 996 1079 conti-

222 1105 295 1135 dere
309 1128 315 1142 ,
333 1114 397 1135 non
412 1105 503 1135 dehet
516 1107 643 1144 propter
658 1104 717 1134 hoc
733 1103 933 1134 mendacium
948 1103 994 1133 sli-

223 1169 292 1190 ccre
314 1169 370 1199 pro
393 1160 522 1191 vitanda
545 1160 748 1199 corruptione
772 1159 894 1196 carnis,
916 1168 995 1198 qno-

223 1213 320 1250 nium,
335 1213 414 1243 sicut
424 1213 502 1243 dixit
513 1213 627 1243 Luci-22¹
644 1224 650 1242 :
669 1213 708 1244 Sc*
722 1221 767 1244 me
781 1214 919 1244 invitam
933 1213 998 1243 υἱο-

222 1266 354 1303 laveris,
370 1267 504 1297 castitas
520 1266 601 1297 mihi
615 1266 833 1305 duplicabitur
848 1265 891 1296 (111
907 1274 994 1296 coro-

222 1328 308 1350 nam.
333 1319 369 1349 111
390 1319 443 1349 tali
458 1319 597 1358 periculo
613 1320 769 1349 sustinere
790 1318 996 1358 pollutionem

224 1372 308 1402 illum
324 1374 425 1411 potest
439 1381 505 1402 esse
518 1372 585 1402 sine
598 1372 690 1411 culpa
702 1383 708 1409 ;
727 1372 779 1402 sed
793 1372 919 1401 mentiri
934 1381 996 1402 non

225 1428 326 1465 potest
344 1435 410 1456 esse
430 1426 496 1455 sine
515 1426 618 1465 culpa.
644 1426 674 1456 Si
696 1427 802 1455 autem
818 1428 862 1455 est
878 1425 998 1464 imper—

225 1479 335 1517 fectus,
347 1479 573 1509 rationabiliter
585 1478 677 1509 debet
689 1479 800 1509 timere
807 1488 847 1508 ne
855 1488 1001 1508 succum—

225 1532 278 1562 bat
291 1556 298 1569 ‚
321 1532 347 1561 si
362 1532 401 1562 ad
416 1532 507 1562 illum
522 1534 638 1562 statum
656 1532 777 1563 venerit
790 1556 797 1569 ‚
815 1534 845 1561 et
860 1532 929 1561 ideo
946 1531 998 1561 lali

226 1587 353 1624 propter
373 1585 589 1615 infirmitatem
605 1595 696 1616 suam
716 1585 898 1615 conceditur
913 1585 997 1615 redi—

228 1648 314 1669 mere
334 1638 510 1678 periculum
531 1639 660 1677 majoris
680 1638 796 1678 peccati
818 1647 873 1677 per
893 1638 999 1667 111111115

227 1693 402 1732 peccatum.
427 1691 515 1723 Unde
530 1692 556 1722 si
570 1692 772 1731 probabiliter
787 1691 891 1729 videt,
914 1691 998 1730 quod

776 131 1086 163 SENTENTIARUM
1108 132 1182 163 LlB.
1203 133 1256 164 lli.

1050 208 1104 239 per
1119 201 1319 231 mendacium
1339 205 1442 241 posset
1463 202 1620 233 declinare
1638 202 1817 241 corruptio-

1048 262 1121 283 nem
1134 277 1141 290 ,
1165 254 1274 284 sanius
1297 256 1468 286 consilium
1487 258 1533 285 est
1551 255 1600 284 isti
1619 255 1745 294 aliquod
1761 255 1819 286 fal-

1048 315 1119 336 sum
1137 306 1259 345 dicere,
1279 317 1375 347 quam
1397 308 1634 348 corruptionem
1649 308 1735 338 illam
1749 317 1819 339 sus-

1048 359 1158 389 tinere.
1175 359 1212 390 Et
1228 360 1286 390 hoc
1312 362 1456 400 estquod
1481 362 1555 391 dicit
1579 362 1688 391 beatus
1703 361 1819 399 Augu-

1048 412 1149 442 stinus
1162 413 1194 442 in
1209 413 1290 443 libro
1305 413 1343 445 cle
1361 415 1528 446 Mendacio
1541 426 1552 445 .·
1571 426 1584 442 (ι
1600 414 1654 444 Illa
1676 416 1818 454 peecata,

1048 474 1121 504 quae
1144 466 1187 496 ita
1206 467 1447 498 committuntur
1463 468 1495 498 in
1519 467 1667 505 homine,
1688 470 1723 497 ut
1745 475 1821 497 eum

1049 518 1163 549 faciant
1185 520 1408 558 immundum,
1435 521 1529 551 etiam
1553 521 1685 561 peccatis
1707 520 1822 551 nostris

1049 572 1168 602 evitare
1193 573 1364 610 ‹lvbemus3
1391 582 1426 603 ac
1449 583 1505 613 per
1530 574 1590 604 hoc
1614 583 1672 604 nee
1697 576 1821 614 peccata

1050 626 1180 655 ‹lii-enda
1199 628 1290 663 sunt,
1315 626 1391 664 quia
1410 626 1480 656 ideo
1503 627 1604 663 fiunt,
1625 628 1662 656 ut
1682 626 1736 656 illa
1757 625 1822 656 im-

1051 678 1208 708 munditia
1221 677 1367 708 evitelur.
1380 689 1394 706 1)
1410 678 1498 715 Quod
1511 679 1754 717 intelligendum
1763 682 1820 716 est,

1050 740 1115 761 non
1135 731 1218 770 quod
1240 741 1303 761 non
1321 732 1383 761 sint
1403 732 1587 771 simpliciter
1605 734 1748 772 peecata,
1769 733 1821 764 sed

1051 785 1127 823 quia
1147 794 1211 815 non
1231 787 1303 815 sunt
1323 786 1444 821 giuivia.
1469 785 1505 815 Et
1529 786 1609 816 sicut
1631 786 1766 816 dicimus
1786 786 1825 817 de

1051 838 1120 868 viro
1142 839 1323 878 imperfecto
1344 841 1489 877 respectu
1509 839 1575 876 sui,
1601 839 1644 869 sic
1659 839 1753 869 etiam
1776 840 1825 869 in-

1051 892 1260 924 tellieenilum
1276 894 1321 922 ost
1336 892 1374 922 de
1389 892 1458 921 viro
1474 892 1664 931 imperfecto⁷
1681 894 1826 932 respectu

1052 946 1181 976 alterius
1205 945 1263 975 viri
1289 945 1473 984 imperfecti.
1502 944 1539 975 Et
1560 945 1601 974 ita
1619 945 1709 975 debet
1731 945 1827 976 homo

1052 1008 1164 1029 cavere
1192 998 1369 1038 periculum
1398 998 1556 1035 alienum⁷
1587 998 1668 1028 sicut
1698 1000 1728 1029 et
1753 1007 1826 1038 pro-

1053 1053 1171 1092 prium.

1094 1108 1121 1135 7.
1146 1105 1192 1135 Ad
1208 1105 1284 1135 illud
1300 1104 1384 1143 quod
1400 1104 1512 1134 ultimo
1532 1104 1699 1143 quaeritur,
1719 1106 1829 1135 utrum

1053 1159 1159 1189 sanius
1174 1159 1213 1188 sit
1229 1158 1395 1188 consilium
1414 1157 1558 1195 mentiri,
1584 1160 1617 1187 ut
1639 1157 1720 1187 alius
1735 1157 1830 1188 redu-

1053 1214 1142 1242 catur
1157 1212 1195 1241 ad
1211 1211 1296 1241 viam
1313 1211 1452 1241 veritatis
1466 1235 1472 1248 ,
1489 1211 1658 1241 dicendum
1673 1211 1758 1250 quod
1773 1220 1830 1242 nec

1055 1266 1210 1304 perfecto,
1238 1273 1296 1293 nec
1324 1264 1505 1302 imperfecto
1531 1264 1680 1294 convenit
1703 1264 1830 1294 mentiri

1057 1320 1182 1357 propter
1202 1317 1280 1354 hoc,
1307 1318 1343 1346 ut
1365 1316 1501 1346 alterum
1523 1316 1561 1346 ad
1583 1317 1669 1347 viam
1690 1317 1831 1348 veritatis

1055 1372 1213 1410 provocet,
1231 1370 1381 1409 quianon
1393 1369 1516 1407 indiget
1534 1369 1616 1400 Deus
1627 1372 1733 1401 nostro
1745 1379 1831 1401 men-

1057 1424 1164 1460 ‹laei03
1186 1432 1243 1453 ncc
1265 1423 1356 1453 dehet
1375 1422 1489 1462 aliquis
1510 1422 1652 1461 credere⁷
1673 1422 1757 1462 quod
1772 1422 1832 1453 ali-

1056 1477 1128 1516 quis
1149 1479 1352 1506 convertatur
1367 1486 1385 1505 a
1403 1476 1484 1505 malo
1499 1476 1636 1515 persulsi
1651 1476 1830 1515 suggestio-

1057 1540 1129 1560 nem
1143 1554 1150 1568 ‚
1176 1530 1228 1559 sel
1252 1529 1355 1569 potius
1377 1539 1432 1568 per
1454 1529 1589 1568 Spiritus
1612 1530 1709 1560 saneti
1733 1529 1830 1569 inspi-

1055 1585 1220 1621 rationem,
1239 1583 1326 1622 quia,
1342 1583 1518 1613 secundum
1528 1583 1613 1621 quod
1628 1582 1701 1613 dicit
1712 1582 1831 1621 Grego-

1056 1637 1138 1667 rius:
1152 1648 1165 1663 a
1178 1636 1213 1666 ln
1225 1645 1344 1666 vanum
1357 1636 1477 1665 laborat
1490 1644 1593 1665 sermo
1607 1635 1830 1674 1)raedicat0riS‚

1055 1690 1115 1720 nisi
1132 1690 1217 1719 intus
1234 1691 1382 1729 operetur
1397 1689 1501 1727 gratia
1516 1688 1698 1719 salvatoris.
1714 1700 1727 1716 »

668 1864 1090 1910 DISTINCTIO
1154 1863 1391 1909 XXXIX

268 1994 298 2015 IN
321 1993 540 2016 EXPLICATIONE
564 1993 664 2015 ADEUC
689 1992 800 2015 OCTAVI
824 1992 972 2014 PRAECEPTI
997 1992 1068 2013 AGIT
1093 1991 1130 2012 DE
1155 1990 1317 2020 PERJmuo,
1343 1989 1461 2011 MULTAS
1486 1989 1523 2010 DE
1547 1988 1614 2011 lLLO
1637 1987 1789 2010 TRACTANS

929 2058 1129 2084 QUAESTIONES.

149 2163 195 2205 1Ρῆ
280 2160 374 2193 Ν11110
397 2160 436 2192 de
465 2159 608 2204 perjurio
632 2158 812 2191 videamus.
836 2158 1024 2202 Perjurium
1048 2162 1095 2201 est
1123 2157 1329 2190 mendacium
1347 2156 1535 2200 juramento
1560 2155 1741 2188 firmatum.
1766 2155 1827 2187 Hic

116 2201 219 2222 mmmm·
237 2218 398 2262 qnzeritur
413 2221 523 2249 uirum
552 2217 593 2249 sit
617 2216 797 2260 perjurium
816 2242 824 2257 ,
841 2216 897 2248 ubi
914 2227 979 2248 non
1002 2219 1048 2247 est
1075 2215 1279 2247 mendacium
1294 2227 1300 2255 ;
1319 2214 1406 2258 quod
1428 2213 1626 2257 quibusdam
1641 2212 1772 2245 videtur
1786 2223 1827 2245 ex

235 2276 426 2309 auctoritate
446 2274 659 2319 Hieronymi,
677 2274 812 2306 dicentis
826 2279 835 2294 ²
860 2286 866 2305 ι
889 2286 907 2305 <a
922 2273 1172 2306 Adverteudum
1188 2276 1253 2313 est,
1269 2271 1357 2315 quod
1377 2270 1614 2314 jusjurandum
1641 2273 1706 2302 tres
1729 2269 1827 2302 habet

235 2334 368 2367 comites
381 2359 389 2374 ‚
407 2332 574 2366 veritatem
588 2358 596 2372 ,
610 2331 772 2376 judicium
789 2335 820 2363 et
831 2331 992 2375 justitiam
1011 2343 1017 2362 :
1036 2330 1062 2362 si
1078 2331 1137 2362 ista
1152 2329 1316 2362 defuerint
1330 2355 1338 2370 ‚
1353 2340 1420 2361 non
1435 2328 1496 2360 erit
1508 2328 1752 2371 juramentum,
1769 2326 1824 2359 sed

235 2391 459 2435 perjurium.»
477 2390 541 2423 Ubi
555 2394 665 2422 autem
680 2389 799 2421 falsum
812 2389 964 2431 juratur,
982 2388 1101 2421 veritas
1115 2387 1214 2419 deest.
1233 2386 1267 2419 Si
1285 2397 1361 2429 ergo
1377 2386 1496 2418 falsum
1508 2385 1641 2429 juretur
1656 2397 1664 2425 ;
1683 2384 1741 2416 etsi
1757 2394 1823 2416 non

234 2449 274 2481 sit
289 2448 333 2481 ihi
355 2448 492 2481 intentio
515 2447 649 2480 fallendi
665 2472 672 2487 ‚
690 2446 820 2478 videtur
837 2457 903 2478 esse
925 2445 1106 2489 perjurium
1121 2470 1129 2486 ,
1147 2444 1224 2488 quia
1240 2443 1327 2476 deest
1356 2443 1485 2476 veritas.
1503 2441 1706 2481 Quibusdam
1722 2441 1825 2484 placet

234 2516 300 2538 non
323 2517 390 2538 esse
404 2505 606 2550 perjurium,
627 2504 685 2537 ubi
700 2515 765 2536 non
788 2507 834 2536 est
855 2503 1080 2543 mendacium3
1098 2506 1129 2534 et
1156 2501 1239 2534 sicut
1265 2501 1384 2534 dieitur
1407 2499 1585 2544 aliquando
1607 2498 1727 2531 falsum
1754 2497 1824 2531 sine

267 2605 270 2617 ¹
286 2604 398 2629 Hubetur
414 2604 439 2626 111
456 2603 527 2627 terlio
540 2602 648 2626 l==etioue
660 2602 685 2625 iu
701 2602 754 2632 ejus
769 2602 878 2625 l'esio.—
890 2604 899 2616 ²
910 2601 1024 2631 Hieron„
1043 2601 1068 2623 in
1082 2601 1181 2629 durem„
1199 2604 1235 2629 iv,
1249 2602 1270 2622 ’.κ
