2017 2948
243 95 301 124 644

242 159 426 200 poenitentia
439 158 690 196 sacramentum3
707 159 737 188 et
747 157 931 197 poenitentia
942 164 1013 196 quae

242 214 289 243 est
307 214 377 252 post
399 212 609 252 baptismum,
635 213 682 242 est
705 210 889 251 poenitentia
909 218 1011 240 sacra-

243 268 404 304 mentum,
417 266 526 296 etideo
538 265 720 305 poenitentia
736 265 766 294 in
784 265 841 294 hac
857 263 1012 293 divisione

240 319 392 359 accipitur
407 319 618 349 communiter
634 319 670 349 ud
693 319 842 349 virtutem
860 319 888 347 ct
905 326 1012 346 sac-ra-

239 376 399 410 mentum3
416 382 473 403 nec
487 376 533 403 est
547 373 665 403 dictum
679 371 851 410 aequivoce,
867 370 919 400 sed
935 380 1011 400 anu-

240 426 354 464 logice,
378 435 434 465 per
448 426 663 456 reductionem
680 424 719 454 ad
735 433 833 454 unam
850 425 1008 453 naturam.

239 478 376 510 Ulterius
401 480 592 516 notandum,
619 478 702 517 quod
726 479 829 516 partes
854 477 920 506 istas
946 486 1009 506 non

237 535 311 563 sunt
329 532 575 563 (liversiticantes
598 531 815 571 poenitentiam
835 529 1009 560 essentiali-

237 588 295 623 ter,
318 586 370 616 sed
392 585 565 615 secundum
591 586 707 615 statum
724 593 731 614 τ
748 586 775 613 et
794 583 863 613 ideo
883 592 947 613 non
964 585 1009 613 cst

235 640 348 671 divisio
364 639 396 669 iu
416 641 519 679 partes
533 638 729 675 essentiales,
754 647 812 668 nec
831 639 953 677 oportet
969 646 1008 667 cx

235 693 294 723 hoc
323 695 556 723 sacramentum
591 692 813 731 multiplicari,
851 700 909 722 nec
940 701 1007 722 esse

234 747 443 786 compositum
461 758 467 776 :
485 748 515 776 et
531 746 576 776 sic
592 748 675 786 patet
690 745 777 775 illud.

557 841 623 862 bun.
648 841 679 861 11.

476 899 558 923 Altera
572 900 611 922 est
625 898 700 928 actio,
716 900 764 921 etc.

272 961 380 992 Innuit
404 961 554 1000 Magister
575 961 658 1000 quod
684 959 866 999 poenitentia
889 960 923 988 tit
949 968 1005 997 pro

231 1015 378 1054 peccatis,
403 1024 475 1054 quae
494 1014 575 1053 legis
592 1014 761 1052 decalogus
781 1012 929 1042 continet.
948 1011 1003 1041 Vi-

230 1069 323 1099 detur
336 1078 399 1098 non
416 1069 494 1099 liene
510 1068 623 1104 dicere,
637 1068 712 1107 quia
727 1067 757 1097 in
773 1066 924 1104 ‹locabigo
939 1076 1002 1095 non

231 1122 416 1162 prohibetur
441 1121 606 1161 superbia,
638 1130 693 1150 ner
719 1120 913 1159 hypocrisis,
947 1128 1004 1149 nec

230 1175 430 1205 consimilia:
448 1184 527 1213 ergo
550 1183 606 1213 pro
630 1173 679 1203 his
702 1182 764 1202 non
788 1172 912 1201 videtur
936 1180 1003 1201 esse

230 1228 460 1268 poenitenduin.

270 1281 361 1321 Resp.
394 1281 564 1311 Dicendum
594 1280 696 1319 quod,
729 1280 809 1309 sicut
834 1279 866 1309 in
894 1279 1003 1310 ordine

229 1335 466 1375 praedicamenti
491 1334 636 1373 quaedum
659 1335 729 1363 sunt
751 1333 781 1363 in
807 1342 925 1372 genere
947 1341 1003 1372 per

229 1398 272 1427 se,
289 1388 435 1428 quaedam
447 1390 521 1418 sunt
532 1388 564 1417 in
576 1396 693 1426 genere
705 1396 761 1426 per
773 1386 1000 1422 reductionem,

229 1442 310 1472 sicut
324 1442 490 1482 principia,
507 1443 536 1471 et
551 1441 644 1471 etiam
664 1440 871 1480 privationes;
892 1440 935 1469 sic
952 1440 1001 1469 in-

228 1495 439 1533 telligendum
458 1497 502 1525 est
526 1495 559 1524 in
578 1494 719 1524 articulis
739 1494 811 1523 fidei
829 1505 835 1524 :
855 1493 1001 1533 quaedam

230 1548 314 1578 enim
339 1551 414 1579 sunt
441 1548 677 1584 antecedentia,
714 1547 861 1586 quandam
890 1556 1001 1577 conse-

229 1602 373 1641 quentia,
393 1604 423 1632 et
438 1601 584 1641 quaedam
600 1603 674 1631 sunt
694 1601 810 1631 directe
825 1600 998 1638 credibilia,

229 1655 309 1685 sicut
331 1655 453 1685 articuli
472 1665 478 1684 z
495 1657 525 1684 ct
548 1655 580 1684 in
602 1654 750 1684 omnibus
773 1654 822 1683 his
839 1653 1001 1693 judicatur

227 1709 299 1748 quis
311 1708 491 1746 haereticus,
505 1708 529 1737 si
544 1717 690 1747 perverse
701 1707 824 1737 sentiat.
844 1706 901 1737 Per
915 1708 1001 1737 hunc

231 1762 360 1792 modum
380 1761 625 1800 intelligendum
641 1763 687 1791 est
707 1761 739 1790 in
760 1761 925 1801 praeceptis
947 1761 999 1791 de-

228 1816 353 1855 calogi,
383 1816 465 1855 quod
495 1815 642 1855 quaedam
670 1817 743 1845 sunt
770 1815 813 1844 ibi
843 1815 1001 1854 prohibita

227 1870 443 1910 principaliter
457 1871 487 1899 et
499 1869 656 1908 explicite>
668 1868 815 1907 quaedam
827 1871 861 1898 ut
875 1877 1000 1898 aniiexa

227 1926 257 1954 et
269 1923 430 1963 implicite.
450 1921 489 1953 Ut
501 1922 590 1953 verbi
604 1922 718 1960 gratia>
735 1922 759 1951 si
773 1922 894 1952 dicatur
908 1932 914 1952 z
930 1922 999 1954 Non

227 1976 446 2014 moechaberis,
469 1975 683 2015 principaliter
698 1975 884 2014 prohibetur
898 1978 929 2006 et
943 1985 999 2006 ex-

226 2030 330 2069 plicite
356 2032 444 2060 actus
468 2028 629 2066 adulterii3
660 2028 712 2058 sed
738 2028 889 2068 implicite
911 2031 942 2059 et
965 2029 998 2059 in

226 2083 384 2122 generali,
403 2083 506 2113 omnis
523 2085 610 2112 actus
631 2082 748 2119 coitus,
765 2084 796 2112 et
814 2082 853 2121 (a)
870 2085 997 2114 antece-

226 2136 319 2167 dens:
334 2136 417 2166 etsie
427 2135 613 2175 prohibetur
623 2135 875 2174 concupiscentia
885 2136 996 2173 coitus,

226 2191 292 2221 sive
311 2192 453 2230 aspectus
474 2189 616 2219 mulieris
637 2189 675 2218 ad
692 2189 995 2229 concupiscendum3

226 2245 452 2283 consequenter
466 2251 543 2273 vero
563 2242 750 2281 prohibetur
765 2243 868 2273 omnis
882 2243 997 2273 effusio

226 2297 354 2327 seminis
389 2296 578 2326 inordinata.
613 2295 663 2325 Sic
691 2295 932 2334 intelligendum
963 2296 996 2326 in

225 2351 311 2389 aliis,
340 2351 424 2390 quod
448 2350 481 2380 iu
505 2350 608 2390 primo
632 2352 787 2389 praecepto
813 2351 997 2390 praecipitur

225 2404 330 2434 cultus
352 2404 405 2434 Dei
423 2414 429 2434 :
446 2405 477 2434 et
496 2403 528 2433 in
548 2403 607 2433 hoc
622 2403 805 2442 praecipitur
821 2406 908 2434 actus
923 2404 996 2435 fidei

225 2457 455 2496 antecedenter,
479 2459 510 2488 et
528 2458 755 2497 consequenter
771 2457 875 2487 omnis
890 2457 994 2496 elatio⁷

225 2514 256 2540 et
269 2511 417 2550 superbia
432 2511 617 2551 prohibetur
634 2521 640 2541 z
659 2514 689 2542 et
702 2511 745 2541 sic
760 2510 793 2541 in
807 2511 887 2541 aliis.

259 2572 344 2597 ¹Psal.
360 2578 434 2604 xvm,
450 2574 487 2598 ¹3.

800 88 1109 121 SENTENTIARUM
1130 88 1204 120 LlB.
1229 89 1278 120 lv.

1386 199 1454 221 DUB.
1477 199 1522 221 111.

1098 266 1161 289 Cum
1173 265 1295 289 dicimus:
1312 265 1413 289 Dimitte
1432 264 1508 289 nohis
1526 264 1610 288 dehita
1625 267 1725 292 nostra.
1741 266 1789 289 etc.
1800 283 1807 295 ‚

1145 300 1336 324 manifestamus
1348 308 1395 324 nos
1411 300 1518 330 habere,
1530 300 1597 331 quod
1613 300 1700 331 nobis,
1714 302 1762 324 etc.

1107 369 1260 409 Objicitur
1281 381 1287 400 z
1312 370 1384 400 Esto
1404 369 1488 409 quod
1508 369 1622 408 aliquis
1643 379 1705 400 non
1726 369 1842 401 habeat

1066 424 1288 455 conscientiam
1309 425 1424 464 peccati
1447 425 1479 454 in
1499 423 1606 463 aliquo
1628 423 1769 461 instanti,
1791 425 1840 454 ut-

1065 480 1137 517 pote
1151 478 1276 517 quaudo
1294 479 1421 508 missam
1435 480 1549 515 cantat,
1567 479 1597 508 ct
1612 479 1658 508 cst
1672 477 1752 507 bene
1768 485 1841 508 con-

1063 531 1177 569 sessus,
1201 533 1232 561 et
1250 531 1389 562 intentus
1403 531 1600 568 coelestibus;
1621 533 1697 562 tunc
1713 531 1840 562 videtur

1063 584 1147 623 quod
1167 584 1237 614 talis
1252 584 1382 615 diceudo
1406 585 1498 615 istam
1513 584 1686 615 orationem
1701 608 1708 620 ‚
1733 586 1839 624 peccet

1063 638 1247 676 mortaliter,
1262 638 1337 678 quia
1353 639 1424 668 facit
1435 640 1545 669 contra
1560 638 1797 668 conscientiam.

1103 692 1194 732 Resp.
1217 692 1387 722 Dicendum
1404 692 1488 732 quod
1503 692 1607 722 omnis
1624 692 1721 722 homo
1736 693 1839 731 potest

1061 745 1289 775 rationabiliter
1313 745 1431 776 habere
1455 746 1678 776 conscientiam
1703 745 1741 775 de
1764 753 1835 784 pec-

1061 801 1129 829 cato
1144 799 1276 837 veniali,
1296 802 1365 829 tum
1381 801 1509 839 propter
1524 798 1750 839 frequentiam,
1767 800 1835 828 tum

1060 855 1188 892 propter
1203 853 1436 891 ignorantiam,
1462 852 1537 892 quia
1559 853 1591 882 in
1613 852 1721 883 multis
1739 852 1833 890 igno-

1060 908 1166 936 ranter
1197 906 1430 946 delinquimus,
1459 906 1554 936 etiam
1580 915 1652 936 cum
1679 905 1836 936 eredimus

1060 959 1139 989 bene
1151 960 1250 989 tiit-ere
1262 971 1268 996 ;
1287 961 1356 990 tum
1368 961 1500 998 propter
1510 958 1749 996 adhaerentiam,
1761 958 1835 998 quia

1059 1022 1148 1043 umor
1165 1013 1207 1043 rei
1224 1013 1425 1052 temporalis,
1449 1015 1479 1043 et
1500 1012 1680 1043 affectiones
1700 1012 1768 1042 istae
1784 1012 1835 1042 in-

1059 1066 1228 1104 ordinatae7
1254 1068 1437 1105 frequenti-r
1459 1067 1596 1097 multum
1619 1066 1710 1096 nobis
1727 1065 1833 1096 adhae-

1059 1122 1127 1149 rent
1146 1130 1152 1149 z
1169 1122 1199 1149 et
1219 1119 1287 1150 ideo
1300 1119 1431 1159 quilibet
1443 1121 1543 1159 potest
1563 1119 1681 1150 dicere·
1700 1131 1706 1149 1
1726 1119 1769 1150 Ab
1784 1127 1833 1151 oc-

1058 1173 1153 1204 cultis
1180 1174 1256 1204 meis
1283 1173 1404 1204 mimda
1430 1182 1494 1211 me,
1522 1173 1666 1211 Domine,
1694 1175 1752 1203 etc.
1778 1172 1833 1203 Vel

1059 1228 1161 1266 potest
1191 1226 1267 1263 dici,
1300 1226 1383 1265 quod
1413 1226 1517 1256 adhuc
1542 1228 1643 1265 potest
1670 1226 1772 1257 dicere
1800 1226 1833 1256 in

1059 1288 1192 1319 persona
1206 1279 1358 1309 aliorum:
1377 1282 1405 1309 ct
1421 1279 1491 1309 ideo
1505 1288 1568 1309 non
1583 1281 1699 1318 percat,
1712 1279 1765 1309 sed
1778 1288 1834 1319 pro

1058 1333 1127 1363 aliis
1142 1334 1289 1373 impetrat
1305 1342 1362 1372 pro
1374 1332 1427 1363 illo
1442 1335 1602 1372 tempore3
1621 1332 1671 1363 vel
1684 1332 1762 1372 petit
1776 1341 1832 1372 pro

1058 1387 1171 1427 seipso,
1189 1387 1238 1417 vel
1256 1396 1312 1426 pro
1327 1389 1409 1417 statu
1425 1386 1497 1417 alio.

1383 1489 1450 1511 DUB.
1474 1489 1518 1510 1v.

1090 1554 1161 1578 Delet
1181 1554 1287 1578 omuino
1309 1554 1363 1577 haec
1383 1553 1462 1577 oratio
1487 1553 1593 1577 minima
1609 1555 1635 1577 et
1654 1553 1800 1584 quotidiana

1361 1592 1480 1620 peccatu,
1495 1591 1543 1613 etc.

1096 1656 1227 1687 Videtur
1248 1666 1287 1686 cx
1307 1656 1366 1686 boc
1384 1656 1485 1686 dicere
1504 1656 1723 1694 Augustinus,
1745 1657 1829 1696 quod

1057 1710 1155 1741 oratio
1165 1709 1361 1740 dominicalis
1371 1709 1471 1739 deleat
1482 1711 1617 1748 peccata.
1628 1709 1687 1739 Sed
1699 1712 1824 1740 contra:

1057 1763 1161 1793 Solius
1177 1762 1290 1801 gratiae
1307 1765 1353 1792 est
1367 1762 1470 1792 delere
1485 1764 1612 1801 peccata
1629 1773 1636 1792 ε
1653 1771 1747 1801 ergo,
1768 1764 1827 1793 etc.

1056 1816 1088 1845 Si
1111 1819 1144 1846 tu
1166 1816 1252 1846 dicas
1269 1826 1275 1845 :
1293 1817 1448 1855 quantum
1471 1815 1511 1845 ad
1530 1824 1672 1854 poenam;
1693 1817 1802 1846 contra
1819 1826 1825 1846 :

1056 1869 1123 1900 Non
1141 1872 1187 1899 cst
1203 1878 1260 1909 par
1276 1878 1370 1908 poma
1384 1868 1531 1905 venialis,
1549 1870 1580 1898 et
1594 1867 1736 1899 mortalis
1750 1877 1757 1898 :
1774 1868 1828 1899 sed

1055 1922 1108 1952 illa
1128 1924 1173 1952 est
1195 1922 1361 1952 satisfactio
1382 1931 1439 1962 pro
1454 1921 1630 1952 venialibus
1646 1930 1653 1951 :
1669 1930 1734 1952 non
1749 1930 1828 1961 ergo

1055 1986 1112 2016 pro
1127 1976 1325 2007 mortalibus.

1095 2030 1187 2070 Resp.
1218 2029 1391 2059 Dicendum
1419 2029 1503 2069 quod
1529 2029 1596 2068 ipse
1621 2029 1764 2069 loquitur
1788 2030 1827 2061 de

1054 2083 1207 2113 deletione
1228 2084 1384 2122 quantum
1408 2081 1448 2111 ad
1469 2090 1596 2121 poenam
1614 2093 1620 2112 :
1637 2081 1721 2113 valet
1740 2083 1826 2114 enim

1053 2138 1121 2168 haec
1136 2137 1236 2167 oratio
1252 2138 1361 2167 contra
1376 2144 1503 2175 poenam
1522 2135 1669 2174 venialis,
1689 2138 1719 2167 et
1737 2146 1824 2168 mor-

1054 2191 1136 2228 talis3
1156 2190 1209 2221 sed
1224 2190 1295 2229 plus
1313 2191 1422 2219 contra
1437 2197 1564 2229 poenam
1579 2188 1719 2219 debitam
1732 2189 1826 2221 alicui

1052 2243 1183 2280 veniali,
1204 2252 1276 2283 quae
1296 2245 1360 2272 tota
1375 2244 1476 2281 potest
1494 2242 1611 2273 remitti
1627 2242 1661 2272 iu
1676 2243 1736 2273 hac
1750 2252 1824 2274 ora-

1052 2297 1148 2334 tione,
1166 2296 1192 2326 si
1204 2296 1326 2326 dicatur
1336 2295 1459 2326 devote.
1472 2295 1585 2326 Contra
1599 2304 1726 2335 poenam
1742 2304 1825 2326 mor-

1052 2351 1122 2381 talis
1143 2350 1244 2387 valet,
1268 2349 1321 2379 sed
1338 2358 1402 2379 non
1423 2350 1562 2386 tantum,
1586 2349 1660 2389 quia
1680 2349 1741 2380 hoc
1760 2358 1824 2381 non

1052 2406 1153 2434 totum
1165 2402 1354 2440 remittitur3
1368 2401 1451 2432 valet
1462 2404 1568 2432 tamen
1576 2401 1820 2442 aliquantulum,

1051 2457 1116 2488 imo
1131 2456 1285 2493 multum,
1302 2464 1365 2486 non
1380 2457 1504 2486 tantum
1519 2455 1641 2486 ratione
1654 2455 1818 2493 orationis,

1085 2537 1117 2567 (a)
1131 2537 1191 2561 Coet.
1207 2537 1266 2562 edit.
1280 2539 1315 2562 ut..
1332 2537 1423 2562 Melius
1438 2537 1523 2562 omnis
1536 2539 1608 2562 aetus
1621 2536 1775 2562 antecedens
1789 2536 1820 2560 ad

1051 2573 1156 2597 coitum.
