2017 2948
115 407 131 427 F
135 407 220 428 tundam.

119 2160 152 2181 Ad
171 2162 223 2187 opp}

236 118 295 147 682

500 233 678 272 QUAESTIO
702 234 752 264 III.

314 317 359 343 An
371 317 497 349 confessio
508 317 591 349 fuerit
603 317 730 342 instituta
744 323 760 341 α
777 315 880 341 Christo
896 317 913 340 ·.

274 396 300 425 Α
319 404 383 435 quo
406 395 500 426 suerit
522 396 665 426 instituta
680 393 848 430 confessi03
875 395 903 423 et
920 392 1004 432 quod

235 449 329 480 suerit
347 449 490 480 instituta
505 459 523 479 a
538 449 674 485 Christo,
698 447 823 478 videtur
840 457 845 476 :
864 447 939 486 quia
953 455 1003 476 sa-

234 501 408 533 cerdotium
432 502 489 532 fuit
510 502 691 531 institutum
710 509 729 530 a
750 500 872 530 Christo
893 499 933 529 ad
953 508 1004 529 re-

234 554 417 586 missionem
446 557 661 594 peccatorum,
687 555 718 583 et
744 552 973 582 absolutionem
995 562 1002 581 :

233 608 287 638 sed
302 608 477 639 sacerdotes
492 616 557 638 non
575 608 722 647 possunt,
744 615 801 636 nec
815 605 929 635 debent
944 604 1006 634 sol-

233 670 321 699 vere,
347 661 405 691 nisi
429 661 529 691 sciant
545 670 563 690 a
581 669 645 699 quo
667 659 788 690 solvant
807 669 812 688 :
832 658 884 688 sed
906 658 1006 698 posito

233 713 414 754 posteriori,
439 713 568 753 ponitur
589 712 677 752 prius
694 723 700 742 ;
719 721 798 750 ergo
819 712 845 741 si
866 711 1007 742 Christus

233 766 369 797 instituit
389 766 637 803 absolutionem,
666 765 767 795 multo
792 765 907 795 fortius
932 773 1006 795 con-

233 821 410 851 sessionem.

273 874 349 904 Item
366 875 458 913 cujus
473 875 519 904 est
532 873 694 903 instituere
710 873 822 909 totum,
841 874 871 902 et
883 874 1004 911 partes:

231 927 283 957 sed
315 927 470 957 Dominus
500 926 634 956 instituit
662 925 881 965 poenitentiam
894 949 901 962 ,
933 934 1007 955 eum

231 980 430 1020 praedicavit,
457 982 487 1009 et
512 979 681 1019 praecepst'
708 990 713 1009 :
738 979 831 1017 qu'ce
852 979 1007 1017 pceniten-

232 1035 311 1065 tiam
323 1044 335 1063 .·
350 1042 430 1071 ergo
444 1035 521 1063 tunc
537 1032 673 1062 instituit
688 1031 928 1062 confessionem.

271 1085 364 1123 Item,
395 1085 537 1116 confiteri
566 1087 689 1124 peccata
713 1084 852 1122 occulta,
878 1085 936 1114 hoc
961 1087 1008 1115 est

231 1148 358 1177 magnae
375 1138 592 1178 perfectionis,
613 1140 643 1168 et
662 1138 900 1177 superadditum
916 1147 1006 1168 man-

230 1192 310 1222 datis
332 1191 490 1230 legalibus
506 1202 512 1221 :
533 1191 585 1221 sed
608 1191 717 1221 nullus
736 1193 837 1230 potest
853 1191 911 1221 hoc
927 1200 1009 1230 prm-

232 1245 349 1285 cipere,
370 1245 431 1275 nisi
450 1245 505 1284 qui
522 1253 578 1284 per
599 1245 706 1275 omnia
727 1247 828 1284 potest
843 1254 937 1284 super
954 1244 1009 1274 ho-

233 1299 350 1329 minem
364 1307 371 1328 :
384 1307 463 1336 ergo
479 1297 564 1328 solus
577 1297 718 1327 Christus
728 1297 766 1327 ad
777 1298 1007 1329 confessionem

232 1354 431 1391 peccatorum
448 1351 552 1391 potuit
571 1351 731 1389 obligare.

273 1405 348 1436 Item
364 1404 500 1435 Joannes
515 1403 724 1443 praecucurrit
741 1403 955 1441 Salvatorem,
978 1406 1009 1434 et

232 1467 327 1489 verus
343 1458 402 1488 suit
416 1466 603 1497 praecursor,
620 1466 683 1487 non
700 1458 825 1487 tantum
841 1457 873 1486 in
887 1456 1004 1497 verbis,

232 1513 285 1543 sed
300 1513 332 1542 in
343 1512 460 1552 gestis:
474 1512 526 1542 sed
541 1521 651 1542 omnes
667 1512 722 1551 qui
734 1514 743 1531 ³
760 1512 1010 1551 baptizabantur

233 1573 253 1597 α
267 1566 404 1603 Joarme,
422 1564 651 1603 confitebantur
664 1567 792 1603 peccata
806 1575 816 1593 .·
831 1574 911 1603 ergo
926 1565 1009 1594 sicut

233 1619 391 1658 praecessit
400 1617 558 1649 in-loanne
567 1618 744 1657 baptismus
752 1618 1001 1657 praeparationis,

233 1674 262 1701 et
276 1671 429 1701 consessio
445 1670 695 1710 praeparationis,
712 1670 755 1700 ita
769 1672 944 1709 utrumque
957 1670 1008 1700 de-

233 1725 287 1755 bet
307 1724 427 1755 institui
443 1734 462 1755 a
477 1724 609 1755 Christo.

274 1777 350 1808 Item
376 1778 435 1808 hoc
473 1779 709 1807 sacramentum
738 1777 1009 1816 pernecessarium

233 1830 291 1866 est,
307 1828 388 1859 sicut
401 1829 587 1869 baptismus,
602 1828 678 1867 quia
690 1828 829 1858 secunda
843 1828 950 1858 tabula
963 1829 1011 1858 est

238 1885 308 1922 post
334 1882 558 1921 naufragium,
587 1881 715 1921 quando
741 1883 810 1920 jam
835 1889 901 1912 non
928 1881 1012 1912 valet

235 1935 409 1974 baptismus
431 1945 438 1965 :
463 1935 517 1965 sed
540 1934 681 1965 Christus
704 1943 760 1974 per
786 1934 925 1973 seipsum
952 1942 1010 1964 nos

234 1987 379 2017 liberavit
402 1996 419 2017 a
443 1987 628 2025 naufragio,
654 1988 684 2016 et
707 1986 844 2025 primam
868 1986 1009 2016 tabulam

235 2040 369 2070 instituit
386 2051 392 2070 :
409 2049 488 2079 ergo
503 2039 641 2077 videtur,
658 2039 743 2078 quod
758 2039 902 2069 similiter
917 2041 948 2069 et
963 2048 1010 2070 se-

235 2093 381 2130 cundam,
398 2095 428 2123 et
442 2093 485 2123 ita
500 2093 728 2123 confessionem
743 2092 858 2131 ipsam.

276 2146 390 2177 Contra
415 2157 421 2177 :
449 2149 476 2176 1.
505 2145 731 2182 Sacramentis‚
760 2154 833 2185 quae
859 2145 1011 2175 Dominus

237 2200 386 2237 instituit,
409 2200 541 2239 ipsemet
555 2208 631 2229 usus
648 2199 720 2236 tuit,
744 2201 779 2229 ut
798 2198 886 2238 prius
904 2199 1010 2228 visum

236 2254 283 2283 est
304 2253 337 2283 in
357 2252 534 2292 baptismo⁴
557 2253 588 2282 et
608 2251 818 2281 eucharistia⁵
837 2262 844 2281 ι
866 2251 919 2281 sed
942 2251 1009 2290 ipse

236 2314 403 2346 nunquam
420 2305 480 2336 fuit
495 2304 655 2336 confessus
673 2304 800 2343 aliquod
820 2306 984 2343 peccatum
1000 2313 1008 2334 ε

237 2367 328 2397 ergo,
344 2360 404 2389 etc.

277 2414 306 2442 2.
324 2411 402 2442 Item
419 2410 561 2442 Christus
580 2410 614 2440 in
636 2410 724 2441 factis
739 2410 804 2440 suis
822 2410 912 2440 nobis
928 2410 1012 2441 dedit

273 2473 279 2489 ¹
291 2473 330 2502 Cf.
343 2473 414 2496 Alex.
428 2472 524 2503 Ateus„
535 2479 559 2502 p.
573 2472 616 2500 tv,
627 2479 652 2502 q.
667 2477 746 2501 xviii,
757 2471 866 2495 membr.
880 2472 903 2501 3,
919 2474 964 2496 art.
981 2473 1011 2502 23

239 2508 326 2539 Steph.
345 2508 449 2537 Bruler„
465 2508 495 2532 lV
515 2508 594 2535 Seni„
609 2507 668 2531 dist.
688 2513 753 2539 xvu,
768 2514 793 2538 q.
814 2512 858 2536 xm
877 2507 964 2530 Petrus
981 2507 1011 2531 de

239 2544 350 2573 Tasant„
364 2543 395 2567 IV
412 2543 490 2571 Sene..
504 2543 560 2566 dist.
574 2548 641 2570 xvu,
652 2549 677 2572 q.
687 2548 742 2566 xxl.
753 2542 803 2560 ——2
813 2541 912 2570 matth„
932 2548 972 2572 111,
988 2543 1012 2566 2.

240 2590 270 2597 —
290 2579 300 2595 ⁸
318 2578 392 2609 lbtd„
407 2580 430 2602 6.
446 2591 476 2596 -
496 2578 506 2594 ⁴
523 2578 586 2603 Dist.
611 2583 651 2607 111,
672 2585 697 2608 p.
719 2583 752 2608 11,
772 2579 820 2601 art.
841 2579 864 2606 ¹,
886 2584 910 2607 q.
934 2583 963 2601 11,
983 2589 1013 2595 -

796 108 1102 145 SENTENTIARUM
1124 110 1198 141 LlB.
1224 110 1272 141 lv.

1058 176 1243 217 exemplum
1269 188 1276 208 :
1301 177 1355 208 sed
1383 177 1450 217 ipse
1473 177 1628 208 ahsolw't⁶
1653 178 1720 208 sine
1741 179 1831 209 omni

1059 231 1253 262 consessione
1268 231 1434 262 mulierem
1446 232 1479 262 in
1490 232 1645 263 adulterio
1659 232 1831 272 deprehen-

1059 292 1126 313 sam
1139 295 1146 321 3
1163 293 1242 323 ergo
1257 294 1322 314 non
1336 284 1463 315 videtur
1477 285 1647 316 instituisse
1661 285 1831 316 confessio-

1059 346 1143 374 nem,
1161 337 1212 367 sed
1231 337 1334 376 potius
1352 337 1500 368 noluisse.

1101 392 1129 419 3.
1156 390 1232 420 Item
1256 400 1381 430 quaero,
1408 390 1462 420 ubi
1485 391 1619 422 instituit
1642 402 1648 421 :
1670 392 1696 421 si
1720 391 1827 422 dicas:
1854 404 1947 430 eumue

1065 454 1078 470 a
1096 442 1139 473 lbi
1152 443 1160 458 ⁷
1177 454 1183 473 :
1200 443 1293 482 qu'te
1313 445 1549 482 poem'tentz'am;
1563 455 1577 472 ι)
1597 449 1707 475 contra
1724 456 1731 476 :
1746 444 1831 476 Non·
1847 436 1948 458 '‘²¹⁰³''

1060 496 1136 526 duni
1152 499 1242 526 erant
1258 496 1443 534 sacerdotes,
1461 497 1576 536 quibus
1591 500 1727 537 possent,
1741 500 1772 528 et
1783 498 1834 529 de-

1061 550 1171 579 berent
1195 549 1336 580 confiteri
1355 560 1360 579 :
1378 558 1456 588 ergo
1480 550 1513 580 in
1536 550 1590 580 illa
1611 550 1833 590 praedicatione

1060 611 1124 633 non
1140 602 1360 642 implicabatur
1374 602 1536 633 confessio.

1101 658 1130 686 [ι.
1155 655 1232 686 Item
1253 655 1308 685 alii
1327 655 1453 692 dicunt,
1477 656 1561 695 quod
1575 656 1746 692 instituerit
1759 656 1801 688 ibi
1810 657 1833 696 ⁸,

1062 708 1115 738 ubi
1132 708 1387 747 misitleprosum
1399 708 1437 738 ad
1447 709 1622 739 sacerdotes
1635 720 1642 739 z
1657 709 1710 740 sed
1726 711 1836 740 contra

1061 761 1176 791 (ficitur
1186 761 1196 776 ⁹
1211 771 1218 791 z
1240 760 1321 791 Vade
1337 763 1367 792 ec
1381 761 1509 793 ascende
1524 764 1552 793 te
1566 761 1792 801 sacerdotibus,
1807 764 1836 795 et

1062 814 1140 854 offer
1153 821 1269 844 munus
1285 816 1391 852 tuum,
1411 814 1495 854 quod
1511 816 1664 854 praecepz't
1685 815 1810 856 Moyses
1823 826 1837 847 .·

1062 876 1141 906 ergo
1156 868 1276 897 constat
1291 867 1373 906 quod
1394 868 1555 897 mandavit
1569 868 1669 898 faeere
1685 869 1770 908 quod
1784 869 1838 899 fie-

1063 921 1115 951 bat
1132 921 1162 950 in
1177 920 1249 960 lege
1262 930 1268 951 :
1287 922 1317 950 et
1332 920 1411 951 illud
1423 922 1444 940 ¹⁰
1459 930 1524 951 non
1538 923 1606 951 erat
1619 921 1771 952 confessio
1784 930 1838 952 vo-

1063 974 1137 1004 calis
1153 985 1160 1004 2
1177 982 1266 1013 ergo,
1287 976 1346 1004 etc.

1103 1029 1132 1058 5.
1158 1027 1234 1057 Item
1247 1027 1354 1057 diCunt
1372 1028 1441 1065 alii,
1468 1029 1553 1068 quod
1572 1028 1616 1058 ibi
1628 1029 1648 1048 ¹¹
1668 1038 1676 1059 :
1694 1028 1837 1068 Accipite

1063 1080 1226 1119 Spm'ttmz
1239 1083 1397 1116 sanctum,
1413 1080 1489 1119 quia
1500 1080 1578 1110 dum
1591 1081 1728 1111 instituit
1740 1090 1838 1111 sacer-

1063 1133 1167 1170 dotes,
1194 1135 1224 1162 et
1247 1135 1431 1172 potestatem
1456 1133 1637 1164 absolvendi
1663 1134 1708 1164 eis
1732 1134 1834 1171 dedit,

1064 1186 1211 1226 praecepit
1227 1194 1283 1224 per
1297 1195 1492 1224 consequens
1506 1186 1586 1224 aliis,
1599 1189 1635 1217 ut
1650 1187 1689 1217 ad
1699 1196 1753 1217 eos
1767 1196 1835 1227 pec-

1064 1241 1132 1269 cata
1156 1239 1323 1269 deferrent.
1350 1238 1411 1269 Sed
1434 1242 1543 1270 contra
1569 1250 1576 1270 ;
1603 1239 1764 1270 Difficilius
1788 1243 1835 1271 est

1065 1293 1222 1330 confiteri,
1244 1301 1340 1331 quam
1363 1292 1587 1322 confessionem
1606 1293 1715 1323 audire
1731 1303 1738 1323 ε
1755 1302 1836 1333 ergo

1065 1348 1170 1386 magis
1189 1348 1363 1387 specialiter
1386 1348 1423 1378 de
1442 1348 1503 1378 hoc
1524 1348 1634 1378 debuit
1652 1348 1838 1380 mandatum

1064 1400 1149 1431 dare.
1174 1400 1334 1438 Quaeritur
1358 1401 1467 1440 igitur,
1491 1410 1587 1440 quare
1613 1400 1754 1432 Christus
1773 1410 1837 1432 non

1065 1455 1201 1485 instituit
1214 1454 1442 1485 contessionem
1457 1463 1614 1494 expresse,
1626 1455 1707 1485 sicut
1715 1454 1778 1486 alia
1791 1463 1837 1486 sa-

1065 1510 1234 1538 eramenta.

1338 1586 1562 1617 CONCLUSIO.

1065 1667 1264 1694 Sacramentum
1281 1667 1454 1699 confessionis
1470 1667 1597 1692 Dominus
1615 1667 1737 1693 instituit
1750 1675 1798 1702 per
1811 1675 1839 1695 se

1101 1711 1189 1746 quoad
1202 1711 1332 1743 formale,
1349 1718 1407 1744 quoe
1422 1712 1458 1736 est
1476 1712 1593 1744 potestas
1608 1710 1762 1737 absolvendi
1770 1720 1779 1744 ,·
1795 1711 1840 1738 sed

1101 1755 1189 1790 quoad
1208 1754 1367 1788 materiale,
1389 1762 1446 1788 quw
1464 1756 1501 1780 est
1517 1755 1623 1788 peccati
1643 1753 1767 1789 detectio,
1786 1762 1839 1782 non

1099 1805 1148 1832 per
1160 1805 1186 1824 se
1200 1797 1336 1829 instituit,
1354 1796 1400 1822 sed
1410 1803 1460 1830 per
1473 1796 1615 1830 apostolos.

1106 1876 1199 1916 Resp.
1215 1875 1254 1906 ad
1267 1884 1337 1914 arg.
1352 1874 1526 1905 Dicendum
1540 1875 1625 1915 quod
1639 1875 1702 1906 duo
1719 1875 1839 1907 suntin

1065 1930 1276 1960 confessione:
1291 1937 1395 1959 unum
1407 1928 1538 1958 formale
1553 1930 1585 1958 et.
1598 1928 1835 1968 completivum,

1065 1987 1096 2014 et
1109 1983 1169 2014 hoc
1181 1984 1227 2013 est
1237 1982 1403 2020 absolutio,
1419 1981 1485 2012 sive
1495 1984 1632 2021 potestas
1642 1981 1836 2020 absolvendi,

1066 2036 1116 2067 vel
1138 2035 1330 2073 medicandi,
1359 2037 1389 2065 et
1413 2035 1494 2064 hanc
1517 2034 1669 2065 Dominus
1690 2034 1837 2073 instituit,

1066 2090 1122 2130 qui
1143 2091 1329 2130 potestatem
1351 2088 1489 2119 clavium
1509 2088 1676 2126 concessit,
1699 2090 1730 2118 et
1744 2096 1840 2128 penes

1066 2143 1126 2173 hoe
1149 2142 1265 2172 residet
1287 2142 1407 2179 virtus;
1433 2141 1517 2172 aliud
1542 2144 1650 2172 autem
1671 2143 1718 2171 est
1736 2142 1839 2171 mate-

1066 2196 1154 2232 riale,
1170 2197 1200 2226 et
1214 2195 1274 2225 hoc
1285 2196 1332 2224 est
1344 2194 1476 2224 detectio
1488 2194 1616 2233 peccati,
1633 2194 1699 2225 sive
1715 2193 1816 2224 morbi
1830 2203 1837 2223 :

1067 2251 1097 2280 et
1110 2249 1170 2280 hoc
1184 2248 1337 2279 Dominus
1350 2257 1416 2278 non
1431 2248 1567 2278 instituit
1581 2247 1613 2277 in
1628 2256 1675 2285 se,
1693 2247 1747 2278 sed
1760 2247 1838 2278 insi-

1067 2303 1189 2334 nuavit.
1206 2303 1298 2334 Ratio
1312 2304 1433 2340 autem,
1450 2311 1548 2341 quare
1564 2310 1628 2332 non
1643 2301 1788 2339 instituit,
1804 2303 1840 2332 ut
1867 2318 1928 2340 nm„
1939 2319 1957 2338 2,

1067 2357 1177 2388 dicunt
1191 2356 1306 2396 aliqui,
1321 2356 1391 2386 haec
1407 2355 1482 2391 fuit,
1498 2354 1574 2394 quia
1587 2354 1704 2385 sufficit
1717 2356 1840 2394 aegroto
1854 2353 1952 2402 οξζξθω

1067 2418 1225 2448 exponere
1247 2408 1407 2439 medicum
1431 2410 1462 2438 et
1481 2407 1690 2444 medicinam;
1715 2405 1839 2437 0111110-

1066 2471 1076 2487 5
1090 2471 1154 2495 Dist.
1170 2476 1205 2500 1x,
1217 2472 1264 2494 art.
1282 2472 1303 2498 t,
1315 2477 1341 2501 q.
1352 2475 1390 2494 iv.
1400 2483 1427 2487 —
1444 2469 1453 2484 ⁸
1464 2469 1546 2499 loun„
1559 2474 1615 2498 vui,
1633 2468 1727 2493 11.—⁷
1739 2466 1839 2497 Mami„

1070 2513 1108 2537 111,
1123 2508 1146 2531 2.
1158 2519 1185 2524 -
1200 2506 1210 2523 ⁸
1223 2505 1325 2533 ΜαίιΙι..
1339 2511 1397 2534 vni.
1413 2506 1434 2529 4.
1452 2518 1477 2522 —
1489 2505 1499 2522 ⁸
1514 2504 1575 2529 lbid.
1593 2517 1622 2522 —
1645 2505 1664 2522 ¹⁰
1675 2504 1771 2532 lavit..
1784 2508 1838 2527 xiv.

1068 2556 1099 2560 —
1111 2543 1127 2556 ¹¹
1139 2542 1273 2571 Joan.,xx‚
1290 2542 1328 2564 23.
1345 2542 1398 2564 Hoc
1414 2540 1474 2564 dicit
1488 2540 1599 2565 Ecclesia
1609 2540 1635 2564 in
1649 2546 1723 2564 conc.
1737 2537 1839 2563 'hiden-

1071 2579 1134 2606 tino,
1146 2584 1208 2601 sess.
1226 2583 1279 2606 xiv,
1293 2584 1317 2600 c.
1333 2582 1362 2600 11.
