2017 2948
805 169 898 200 DlST.
922 169 987 200 XII.

185 236 258 265 sunt
269 235 306 265 de
319 241 449 274 corpore
458 234 582 265 Christi.
595 234 620 265 N
623 243 657 264 ec
667 234 751 265 valet
760 236 843 274 quod
856 236 956 266 Chris-

184 289 236 317 tus
255 296 312 326 pro
333 288 480 318 omnibus
498 290 544 317 est
563 287 686 317 oblatus
698 310 707 324 ,
728 287 803 326 quia
823 287 874 317 hic
892 297 956 318 non

185 339 354 378 signantur
376 349 504 378 omnes,
528 348 584 379 pro
607 339 723 378 quibus
744 342 789 369 est
810 339 953 377 oblatus,

185 392 239 422 sed
253 395 378 422 tantum
395 393 439 422 illi
453 416 460 428 ‚
481 392 536 431 qui
552 394 626 422 sunt
640 392 677 422 (10
692 401 822 431 corpore
843 392 955 422 Christi

185 445 327 483 mystico.

223 499 253 527 4.
270 497 316 528 Ad
333 497 409 527 illud
426 497 509 537 quod
524 497 683 536 objicitur,
700 497 783 537 quod
799 497 879 526 calix
893 497 956 535 sig-

184 551 238 579 nat
252 549 443 589 passionem,
460 549 628 580 dicendum
643 549 727 589 quod
741 549 802 579 alia
817 550 955 588 proprie-

185 604 231 632 tas
246 604 303 639 051,
321 602 436 633 50111001
450 603 550 633 facilis
566 602 753 642 sumptionis
765 626 774 639 ,
790 611 845 641 per
858 611 954 641 qnam

184 655 266 685 beati
280 655 459 694 signantur,
475 656 531 695 qui
544 656 612 686 sine
625 655 731 695 aliqua
745 655 953 686 retardatione

184 707 364 746 degustant.

1011 168 1110 199 PARS
1134 169 1171 199 ll.
1724 175 1788 204 3⁶25

1056 237 1084 265 ὓ.
1105 235 1153 266 Ad
1170 235 1248 265 illud
1264 235 1348 275 quod
1363 236 1520 275 objicitur,
1538 238 1622 277 quod
1637 239 1787 270 comestio

1014 287 1088 318 dicit
1108 287 1395 327 incorporationem
1407 312 1416 326 ‚
1439 289 1607 321 dicendum
1622 291 1705 331 quod
1723 301 1788 322 non

1013 342 1139 371 tantum
1154 340 1440 380 incorporationem
1456 342 1547 380 dicit,
1562 343 1615 373 sed
1630 344 1724 375 etiam
1739 345 1788 375 di-

1012 393 1052 423 cit
1066 393 1179 432 perditi
1194 394 1458 424 restaurationem
1471 406 1478 431 ;
1498 397 1528 424 et
1544 404 1599 434 per
1615 396 1674 427 hoc
1689 397 1711 426 si
1717 397 1788 436 gni-

1012 447 1084 476 ficat
1100 447 1311 477 ambulantes

1052 501 1080 529 6.
1098 499 1145 530 Ad
1163 500 1315 530 ultimum
1330 500 1499 531 dicendum
1513 501 1598 540 quod
1613 501 1707 531 niodo
1722 511 1785 533 non

1012 553 1197 582 reservatur
1212 554 1340 592 propter
1352 553 1533 592 periculum
1546 564 1553 584 ι
1570 555 1677 584 tamen
1692 554 1725 584 in
1739 554 1784 584 (11-

1012 604 1133 634 visione
1157 605 1337 636 trimembri
1364 606 1477 645 triplex
1503 608 1602 637 status
1624 607 1783 637 membro-

1011 665 1084 687 rum
1100 656 1213 687 Christi
1235 658 1396 697 signatur,
1411 662 1442 689 et
1458 659 1631 691 reservatio
1645 659 1784 698 partium

1011 709 1115 740 solum
1129 709 1168 740 ad
1183 710 1376 742 evidentiam
1391 713 1448 742 est.

884 825 1000 861 PARS
1033 826 1079 861 Il.

242 915 279 937 DE
300 916 558 942 CONSEQUENTIBUS
579 917 617 937 AD
640 916 870 938 CONFECTIONEM
889 916 1031 938 CORPORIS
1054 916 1173 938 CHRISTI
1195 916 1340 942 QUANTUM
1361 918 1400 939 AD
1423 918 1728 944 FREQUENTATIONEM.

232 996 308 1028 Post
322 995 388 1029 haec
402 996 560 1041 quaeritur
574 996 601 1028 si
616 996 701 1040 quod
719 996 802 1039 gerit
816 996 963 1028 sacerdos
978 995 1107 1040 proprie
1121 996 1248 1029 dicatur
1262 997 1456 1030 sacrificinm
1472 999 1523 1031 vel
1540 999 1733 1042 immolatio,
1749 1004 1780 1033 et

189 1053 215 1086 si
230 1053 379 1086 Christus
393 1053 536 1098 quotidie
553 1053 757 1094 immoletur,
780 1053 833 1085 vel
854 1053 953 1085 semel
971 1057 1098 1086 tantum
1117 1054 1306 1087 immolatus
1328 1055 1380 1087 sit.
1405 1055 1455 1087 Ad
1476 1055 1536 1088 1100
1557 1056 1699 1089 breviter
1717 1057 1779 1090 dici

187 1114 305 1153 potest,
322 1111 405 1142 illud
422 1110 508 1154 quod
525 1111 660 1143 offertur
677 1114 707 1143 et
722 1114 928 1143 consecratur
944 1122 962 1142 a
977 1111 1140 1144 sacerdote
1158 1112 1267 1144 vocari
1290 1112 1485 1144 sacrificium
1510 1117 1541 1145 et
1566 1114 1776 1157 oblationem,

186 1166 264 1210 quia
284 1167 439 1200 memoria
458 1172 505 1200 est
528 1172 558 1200 et
579 1168 822 1212 repraesentatio
845 1168 913 1200 veri
937 1168 1107 1210 sacrificii,
1132 1173 1162 1201 et
1181 1173 1296 1201 sanctae
1318 1170 1552 1203 immolationis
1572 1170 1661 1204 factae
1674 1171 1708 1203 in
1723 1182 1779 1205 ara

184 1225 299 1257 crucis.
320 1224 361 1257 Et
386 1225 484 1257 semel
508 1225 656 1257 Christus
675 1228 825 1257 mortuus
850 1224 884 1256 in
913 1235 1006 1257 cruce
1029 1229 1092 1266 est,
1114 1225 1227 1270 ibique
1251 1226 1442 1259 immolatus
1462 1231 1508 1260 est
1528 1228 1562 1260 in
1583 1229 1775 1273 semetipso3

185 1282 329 1326 quotidie
350 1286 459 1314 autem
479 1282 669 1314 immolatur
686 1282 720 1314 in
737 1285 936 1314 sacramento
949 1308 958 1323 ,
974 1283 1053 1326 quia
1068 1283 1102 1315 in
1118 1287 1318 1316 sacramento
1338 1284 1516 1317 recordatio
1532 1285 1569 1317 fit
1584 1285 1675 1318 illius
1690 1286 1778 1329 quod

186 1339 307 1373 factum
322 1343 368 1372 est
382 1340 492 1372 semel.
514 1339 607 1372 Unde
622 1340 832 1382 Augustinus
848 1339 855 1354 ¹
875 1352 881 1371 z
904 1353 920 1371 «
935 1339 1067 1372 Certum
1083 1339 1257 1382 habemns,
1274 1341 1351 1385 qnia
1365 1343 1375 1358 ²
1390 1341 1537 1374 Christus
1552 1353 1724 1385 resurgens
1739 1354 1777 1375 ex

186 1397 323 1436 mortuis
334 1397 402 1440 jam
423 1408 489 1430 non
509 1397 660 1438 moritur,
679 1401 755 1438 etc.;
774 1401 901 1438 tamen,
920 1408 960 1429 ne
975 1396 1207 1430 obliviscamur
1222 1397 1310 1441 quod
1325 1398 1424 1430 semel
1439 1398 1560 1431 factum
1577 1403 1639 1441 est,
1655 1400 1690 1432 in
1705 1411 1778 1434 me-

186 1454 290 1486 moria
316 1458 426 1486 nostra
453 1455 543 1487 omni
571 1465 657 1487 anno
687 1453 724 1486 fit
736 1480 744 1495 ,
770 1454 892 1486 scilicet
920 1454 1047 1498 quoties
1070 1454 1187 1498 pascha
1213 1455 1407 1487 celebratur.
1438 1455 1502 1488 Nec
1526 1460 1634 1488 tamen
1661 1458 1778 1490 totiens

187 1510 335 1544 Christus
354 1510 521 1552 occiditur,
541 1511 595 1543 sed
617 1515 744 1543 tantum
769 1511 993 1543 anniversaria
1014 1511 1192 1544 recordatio
1216 1516 1424 1556 repraesentat
1443 1513 1531 1556 quod
1556 1513 1635 1546 olim
1656 1514 1778 1547 factum

186 1572 232 1600 est
250 1582 257 1601 z
274 1572 304 1601 et
319 1569 363 1601 sic
382 1580 440 1601 nos
458 1569 533 1601 facit
554 1569 698 1610 moneri,
721 1573 878 1612 tanquam
897 1569 1067 1601 videamus
1081 1569 1260 1602 Dominum
1276 1569 1311 1601 in
1325 1581 1431 1602 cruce.
1450 1583 1466 1601 »
1485 1570 1566 1603 Item
1581 1571 1591 1586 ⁸
1608 1584 1615 1603 z
1640 1584 1655 1602 α
1670 1571 1777 1605 Semel

185 1625 372 1658 immolatus
393 1630 440 1658 est
461 1626 608 1658 Christus
631 1627 666 1659 in
690 1626 880 1670 semetipso,
903 1630 934 1658 et
954 1630 1064 1659 tamen
1084 1626 1230 1670 quotidie
1257 1627 1448 1659 immolatur
1469 1627 1503 1659 in
1528 1633 1740 1662 sacramento.
1757 1641 1773 1661 »

185 1682 278 1721 Quod
293 1683 338 1715 510
351 1683 602 1726 intelligendum
619 1688 678 1725 est,
695 1684 772 1728 quia
788 1683 821 1716 in
839 1683 1099 1716 manifestatione
1114 1684 1270 1728 corporis,
1288 1688 1319 1716 et
1333 1683 1538 1717 distinctione
1553 1685 1777 1719 membrorum

185 1740 283 1772 semel
298 1744 426 1773 tantum
448 1741 483 1773 in
504 1753 598 1774 cruce
617 1741 791 1785 pependit,
809 1740 947 1773 offerens
963 1752 995 1772 se
1011 1741 1077 1773 Deo
1094 1741 1184 1773 Patri
1199 1740 1339 1773 hostiam
1355 1741 1586 1785 redemptionis
1601 1742 1774 1787 efficacem,

185 1808 299 1830 eorum
322 1798 458 1840 scilicet,
480 1810 562 1842 quos
585 1798 839 1842 praedestinavit.
864 1798 946 1830 Item
968 1797 1162 1831 Ambrosius
1177 1798 1211 1829 ⁶:
1234 1810 1250 1828 «
1266 1798 1304 1829 In
1326 1797 1453 1830 Christo
1477 1799 1577 1831 semel
1600 1799 1708 1832 oblata
1731 1804 1778 1833 est

185 1854 289 1887 hostia
305 1855 344 1888 ad
360 1856 497 1888 salutem
513 1859 637 1900 potens.
656 1855 741 1894 Quid
760 1866 836 1898 ergo
851 1857 932 1887 nos‘?
948 1854 1064 1887 Nonne
1079 1866 1136 1898 per
1149 1855 1296 1897 singulos
1310 1854 1378 1887 dies
1393 1855 1560 1887 offerimus
1570 1858 1585 1887 ἰ)
1601 1856 1640 1888 Et
1655 1857 1682 1889 si
1696 1869 1777 1901 quo-

186 1911 264 1944 tidie
278 1912 460 1954 offerimus,
479 1913 518 1945 ad
543 1913 797 1946 recordationem
813 1912 883 1956 ejus
898 1912 1011 1944 mortis
1026 1911 1063 1943 fit
1081 1924 1086 1944 :
1110 1916 1141 1944 et
1157 1923 1223 1944 una
1237 1916 1284 1945 est
1299 1911 1420 1953 hostia,
1443 1923 1509 1945 non
1533 1914 1657 1947 multae.
1682 1915 1778 1954 Quo-

187 1969 283 2001 modo
299 1981 366 2002 una
384 1974 415 2002 et
434 1981 500 2003 non
520 1971 658 2003 multae‘?
677 1970 756 2015 quia
777 1969 875 2002 semel
898 1969 1087 2001 immolatus
1106 1974 1153 2002 est
1175 1969 1334 2002 Christus.
1361 1968 1430 2002 Hoc
1450 1973 1560 2002 autem
1580 1971 1777 2005 sacrificium

187 2027 373 2070 exemplum
389 2032 436 2060 est
450 2028 559 2069 illins;
576 2028 738 2072 idipsum,
757 2031 787 2060 et
802 2038 928 2071 semper
945 2026 1087 2070 idipsum
1104 2027 1240 2059 offertur
1258 2039 1265 2059 z
1286 2026 1419 2070 proinde
1441 2026 1501 2060 hoc
1515 2027 1602 2060 idem
1619 2034 1665 2062 est
1680 2030 1777 2063 sacri-

186 2082 320 2124 ficium;
337 2084 485 2128 alioquin
500 2085 625 2117 dicetur
642 2097 647 2116 z
673 2085 829 2129 quoniam
850 2085 885 2116 in
909 2084 1021 2117 multis
1044 2084 1122 2117 locis
1144 2084 1292 2126 offertur,
1316 2084 1413 2117 multi
1434 2089 1511 2118 sunt
1531 2085 1663 2119 Christi.
1680 2087 1775 2130 Non;

186 2140 241 2172 sed
255 2151 342 2172 unus
356 2141 479 2186 ubique
495 2146 541 2174 est
555 2141 702 2175 Christus
718 2155 724 2174 :
743 2147 773 2175 et
787 2142 840 2174 1110
853 2143 970 2186 plenus
988 2142 1127 2174 existens
1138 2168 1146 2184 ,
1164 2149 1194 2175 et
1209 2142 1277 2174 11110
1293 2143 1410 2186 plenus
1429 2154 1435 2174 :
1452 2143 1535 2176 sicut
1549 2144 1637 2187 quod
1652 2145 1775 2189 ubique

187 2197 336 2236 offertur,
360 2209 465 2231 unum
484 2204 531 2231 est
550 2210 678 2243 corpu5‚
702 2200 746 2233 ita
771 2204 801 2232 et
824 2211 928 2232 unum
955 2199 1161 2232 sacrificium.
1185 2200 1332 2233 Christus
1354 2200 1492 2233 hostiam
1514 2201 1652 2244 obtulit,
1674 2202 1777 2246 ipsam

185 2253 354 2287 offerimus
375 2259 407 2287 et
427 2267 515 2289 nunc
532 2269 539 2288 ;
561 2257 615 2289 sed
635 2257 723 2301 quod
740 2268 798 2290 nos
813 2257 958 2299 agimus,
976 2257 1154 2289 recordatio
1170 2262 1216 2289 est
1230 2257 1390 2290 sacrificii.
1408 2257 1473 2290 Nec
1487 2269 1583 2290 causa
1597 2270 1665 2292 suae
1680 2259 1776 2292 infir-

186 2311 306 2343 mitatis
320 2313 488 2356 repetitur,
506 2314 584 2358 quia
599 2314 723 2358 perficit
738 2314 905 2347 hominem
924 2327 931 2346 :
949 2314 1003 2346 sed
1020 2319 1158 2356 nostrae,
1175 2315 1254 2358 quia
1270 2315 1415 2359 quotidie
1431 2326 1610 2359 peccamus.
1628 2328 1644 2346 »
1661 2316 1710 2348 Ex
1724 2315 1775 2349 his

184 2368 350 2409 colligitur
365 2380 430 2402 0550
444 2370 652 2412 sacrificium,
671 2375 701 2404 et
716 2372 791 2413 dici,
808 2371 896 2415 quod
911 2371 1021 2414 agitur
1038 2372 1073 2403 in
1087 2372 1194 2413 altari,
1213 2376 1243 2404 01
1265 2372 1431 2405 Christum
1447 2373 1545 2404 semel
1561 2372 1726 2416 oblatum,
1744 2378 1775 2406 et

185 2425 330 2469 quotidie
344 2426 472 2467 offerri3
488 2428 543 2460 sed
557 2428 651 2461 aliter
666 2433 754 2470 tunc,
771 2429 865 2461 aliter
882 2440 983 2461 nunc·
1003 2429 1042 2460 Et
1060 2429 1157 2461 etiam
1179 2440 1251 2473 quae
1273 2429 1314 2462 sit
1336 2429 1440 2462 virtus
1461 2429 1560 2472 hujus
1582 2430 1775 2464 sacramenti

185 2483 378 2525 ostenditur,
393 2483 537 2517 remissio
553 2485 674 2518 50111001
689 2490 892 2530 peccatorum
908 2485 1107 2528 venialium,
1124 2490 1155 2519 et
1169 2486 1322 2530 perfectio
1337 2486 1479 2519 virtutis.

216 2557 225 2573 ¹
236 2558 310 2588 Aug..
325 2558 352 2582 in
367 2558 406 2582 Px.
422 2564 478 2589 xxi,
492 2559 584 2583 Enarr.
602 2565 633 2589 11,
647 2567 672 2584 11.
690 2562 712 2590 t,
727 2563 751 2584 et
765 2561 881 2591 habetur,
896 2561 926 2584 de
945 2561 1068 2589 Consecr„
1084 2560 1141 2584 dist.
1160 2567 1190 2591 11,
1206 2568 1227 2584 c.
1250 2560 1331 2585 Semel
1357 2560 1481 2584 Christus.
1496 2572 1526 2578 ·—
1545 2561 1554 2574 ¹
1568 2561 1646 2593 Rom„
1660 2568 1695 2593 vi,
1711 2564 1735 2588 9.
1745 2575 1776 2583 .-

186 2590 196 2606 ⁸
206 2593 280 2622 Aug„
290 2593 368 2623 Epist.
383 2599 448 2624 xxix,
463 2594 494 2618 (11.
511 2600 600 2625 xcviii,
616 2602 642 2618 n.
657 2596 681 2625 9,
697 2597 721 2620 et
735 2595 853 2626 habetur,
862 2596 891 2620 de
899 2596 1026 2623 Consecr„
1043 2595 1101 2626 dist,
1112 2601 1141 2626 11,
1158 2603 1180 2620 c.
1195 2596 1276 2620 Semel
1298 2595 1451 2619 immolatus.
1461 2608 1491 2614 -
1506 2595 1516 2611 ⁴
1527 2596 1775 2631 velAmbrosiaster,

184 2626 211 2649 iu
224 2626 306 2657 Epist.
321 2628 356 2652 ad
368 2629 453 2660 Hebr„
464 2631 489 2654 et
500 2629 631 2661 allegatur,
645 2630 674 2654 de
686 2631 808 2662 Consecr..
821 2638 844 2656 c.
859 2632 885 2657 lu
901 2631 1008 2656 Christo.

1797 1018 1828 1036 An
1850 1015 1902 1035 illud

1798 1047 1824 1066 sit
1839 1046 1902 1066 saeri-

1809 1078 1879 1097 tirinm
1888 1094 1892 1103 ,

1824 1111 1844 1128 et
1859 1109 1875 1128 si

1811 1140 1887 1165 saepins

1798 1169 1892 1189 immede<

1798 1202 1830 1219 tur
1844 1200 1902 1221 Chri-

1797 1234 1847 1251 stus.
