<?xml version="1.0" encoding="UTF-8"?>
<!DOCTYPE html PUBLIC "-//W3C//DTD XHTML 1.0 Transitional//EN"
    "http://www.w3.org/TR/xhtml1/DTD/xhtml1-transitional.dtd">
<html xmlns="http://www.w3.org/1999/xhtml" xml:lang="en" lang="en">
 <head>
  <title>
</title>
<meta http-equiv="Content-Type" content="text/html;charset=utf-8" />
  <meta name='ocr-system' content='tesseract 3.04.00' />
  <meta name='ocr-capabilities' content='ocr_page ocr_carea ocr_par ocr_line ocrx_word'/>
</head>
<body>
  <div class='ocr_page' id='page_1' title='image "./operaomniasixtiv05bonauoft/operaomniasixtiv05bonauoft_0711.png"; bbox 0 0 2017 2948; ppageno 0'>
   <div class='ocr_carea' id='block_1_1' title="bbox 706 153 1750 186">
    <p class='ocr_par' dir='ltr' id='par_1_1' title="bbox 706 153 1750 186">
     <span class='ocr_line' id='line_1_1' title="bbox 706 153 1750 186; baseline -0.005 0"><span class='ocrx_word' id='word_1_1' title='bbox 706 155 892 186; x_wconf 61' lang='lat' dir='ltr'>Dls‘t&#39;thT.</span> <span class='ocrx_word' id='word_1_2' title='bbox 917 155 1007 185; x_wconf 79' lang='lat' dir='ltr'>xvlt.</span> <span class='ocrx_word' id='word_1_3' title='bbox 1034 153 1132 184; x_wconf 83' lang='lat' dir='ltr'>PARS</span> <span class='ocrx_word' id='word_1_4' title='bbox 1156 153 1207 183; x_wconf 82' lang='grc' dir='ltr'>ΠΙ.</span> <span class='ocrx_word' id='word_1_5' title='bbox 1696 153 1750 181; x_wconf 83' lang='lat'>69¹</span> 
     </span>
    </p>
   </div>
   <div class='ocr_carea' id='block_1_2' title="bbox 174 218 1889 2210">
    <p class='ocr_par' dir='ltr' id='par_1_2' title="bbox 174 218 1886 2150">
     <span class='ocr_line' id='line_1_2' title="bbox 176 218 1755 266; baseline -0.004 -11"><span class='ocrx_word' id='word_1_6' title='bbox 176 222 232 255; x_wconf 89' lang='lat' dir='ltr'>ille</span> <span class='ocrx_word' id='word_1_7' title='bbox 243 248 251 264; x_wconf 92' lang='lat'>‚</span> <span class='ocrx_word' id='word_1_8' title='bbox 265 222 319 255; x_wconf 89' lang='lat' dir='ltr'>cui</span> <span class='ocrx_word' id='word_1_9' title='bbox 339 222 547 255; x_wconf 85' lang='lat' dir='ltr'>confitebitur</span> <span class='ocrx_word' id='word_1_10' title='bbox 559 247 567 262; x_wconf 92' lang='lat'>‚</span> <span class='ocrx_word' id='word_1_11' title='bbox 583 225 772 266; x_wconf 85' lang='lat' dir='ltr'>potestatem</span> <span class='ocrx_word' id='word_1_12' title='bbox 788 233 852 255; x_wconf 89' lang='lat' dir='ltr'>non</span> <span class='ocrx_word' id='word_1_13' title='bbox 868 221 985 254; x_wconf 77' lang='lat' dir='ltr'>habeat</span> <span class='ocrx_word' id='word_1_14' title='bbox 997 219 1144 252; x_wconf 89' lang='lat' dir='ltr'>solvendi</span> <span class='ocrx_word' id='word_1_15' title='bbox 1158 244 1166 259; x_wconf 93' lang='lat'><em>,</em></span> <span class='ocrx_word' id='word_1_16' title='bbox 1182 218 1220 250; x_wconf 87' lang='lat' dir='ltr'>fit</span> <span class='ocrx_word' id='word_1_17' title='bbox 1235 222 1342 251; x_wconf 84' lang='lat' dir='ltr'>tamen</span> <span class='ocrx_word' id='word_1_18' title='bbox 1357 218 1477 261; x_wconf 81' lang='lat' dir='ltr'>dignus</span> <span class='ocrx_word' id='word_1_19' title='bbox 1491 218 1586 251; x_wconf 86' lang='lat' dir='ltr'>venia</span> <span class='ocrx_word' id='word_1_20' title='bbox 1599 228 1639 250; x_wconf 79' lang='lat' dir='ltr'>ex</span> <span class='ocrx_word' id='word_1_21' title='bbox 1653 228 1755 250; x_wconf 87' lang='lat' dir='ltr'>sacer-</span> 
     </span>
     <span class='ocr_line' id='line_1_3' title="bbox 175 274 1755 323; baseline -0.004 -11"><span class='ocrx_word' id='word_1_22' title='bbox 175 280 258 313; x_wconf 88' lang='lat' dir='ltr'>dotis</span> <span class='ocrx_word' id='word_1_23' title='bbox 279 279 438 312; x_wconf 87' lang='lat' dir='ltr'>desiderio</span> <span class='ocrx_word' id='word_1_24' title='bbox 453 306 460 320; x_wconf 84' lang='lat'><em>,</em></span> <span class='ocrx_word' id='word_1_25' title='bbox 477 279 534 323; x_wconf 87' lang='lat' dir='ltr'>qui</span> <span class='ocrx_word' id='word_1_26' title='bbox 559 279 681 311; x_wconf 87' lang='lat' dir='ltr'>crimen</span> <span class='ocrx_word' id='word_1_27' title='bbox 705 279 879 311; x_wconf 86' lang='lat' dir='ltr'>confitetur</span> <span class='ocrx_word' id='word_1_28' title='bbox 895 279 992 311; x_wconf 89' lang='lat' dir='ltr'>socio.</span> <span class='ocrx_word' id='word_1_29' title='bbox 1011 275 1161 310; x_wconf 84' lang='lat' dir='ltr'>Mundati</span> <span class='ocrx_word' id='word_1_30' title='bbox 1176 276 1262 308; x_wconf 88' lang='lat' dir='ltr'>enim</span> <span class='ocrx_word' id='word_1_31' title='bbox 1278 279 1354 308; x_wconf 87' lang='lat' dir='ltr'>sunt</span> <span class='ocrx_word' id='word_1_32' title='bbox 1368 275 1504 319; x_wconf 80' lang='lat' dir='ltr'>leprosi,</span> <span class='ocrx_word' id='word_1_33' title='bbox 1521 275 1601 307; x_wconf 90' lang='lat' dir='ltr'>dum</span> <span class='ocrx_word' id='word_1_34' title='bbox 1616 274 1707 307; x_wconf 97' lang='lat' dir='ltr'>ibant</span> <span class='ocrx_word' id='word_1_35' title='bbox 1720 278 1755 307; x_wconf 88' lang='lat' dir='ltr'>ut</span> 
     </span>
     <span class='ocr_line' id='line_1_4' title="bbox 175 331 1756 379; baseline -0.004 -10"><span class='ocrx_word' id='word_1_36' title='bbox 175 347 209 369; x_wconf 86' lang='lat' dir='ltr'>se</span> <span class='ocrx_word' id='word_1_37' title='bbox 233 337 438 370; x_wconf 81' lang='lat' dir='ltr'>ostenderent</span> <span class='ocrx_word' id='word_1_38' title='bbox 458 335 697 376; x_wconf 77' lang='lat' dir='ltr'>sacerdotibus,</span> <span class='ocrx_word' id='word_1_39' title='bbox 715 340 890 379; x_wconf 86' lang='lat' dir='ltr'>antequam</span> <span class='ocrx_word' id='word_1_40' title='bbox 912 336 952 368; x_wconf 88' lang='lat' dir='ltr'>ad</span> <span class='ocrx_word' id='word_1_41' title='bbox 972 346 1025 368; x_wconf 89' lang='lat' dir='ltr'>eos</span> <span class='ocrx_word' id='word_1_42' title='bbox 1046 333 1265 378; x_wconf 85' lang='lat' dir='ltr'>pervenirent.</span> <span class='ocrx_word' id='word_1_43' title='bbox 1291 332 1384 365; x_wconf 85' lang='lat' dir='ltr'>Unde</span> <span class='ocrx_word' id='word_1_44' title='bbox 1410 336 1495 376; x_wconf 85' lang='lat' dir='ltr'>patet</span> <span class='ocrx_word' id='word_1_45' title='bbox 1516 332 1620 364; x_wconf 89' lang='lat' dir='ltr'>Deum</span> <span class='ocrx_word' id='word_1_46' title='bbox 1641 331 1681 364; x_wconf 91' lang='lat' dir='ltr'>ad</span> <span class='ocrx_word' id='word_1_47' title='bbox 1701 342 1756 364; x_wconf 85' lang='lat' dir='ltr'>cor</span> 
     </span>
     <span class='ocr_line' id='line_1_5' title="bbox 174 388 1757 438; baseline -0.004 -12"><span class='ocrx_word' id='word_1_48' title='bbox 174 394 332 438; x_wconf 81' lang='lat' dir='ltr'>inspicere</span> <span class='ocrx_word' id='word_1_49' title='bbox 344 419 352 435; x_wconf 89' lang='lat'>,</span> <span class='ocrx_word' id='word_1_50' title='bbox 369 393 447 426; x_wconf 90' lang='lat' dir='ltr'>dum</span> <span class='ocrx_word' id='word_1_51' title='bbox 464 405 504 426; x_wconf 79' lang='lat' dir='ltr'>ex</span> <span class='ocrx_word' id='word_1_52' title='bbox 518 393 704 425; x_wconf 78' lang='lat' dir='ltr'>necessitate</span> <span class='ocrx_word' id='word_1_53' title='bbox 719 393 934 437; x_wconf 88' lang='lat' dir='ltr'>prohibentur</span> <span class='ocrx_word' id='word_1_54' title='bbox 949 392 989 425; x_wconf 91' lang='lat' dir='ltr'>ad</span> <span class='ocrx_word' id='word_1_55' title='bbox 1004 391 1183 424; x_wconf 79' lang='lat' dir='ltr'>sacerdotes</span> <span class='ocrx_word' id='word_1_56' title='bbox 1197 389 1378 434; x_wconf 82' lang='lat' dir='ltr'>pervenire.</span> <span class='ocrx_word' id='word_1_57' title='bbox 1406 388 1498 433; x_wconf 83' lang='lat' dir='ltr'>Saepe</span> <span class='ocrx_word' id='word_1_58' title='bbox 1517 388 1648 432; x_wconf 88' lang='lat' dir='ltr'>quidem</span> <span class='ocrx_word' id='word_1_59' title='bbox 1669 398 1757 432; x_wconf 81' lang='lat' dir='ltr'>quae-</span> 
     </span>
     <span class='ocr_line' id='line_1_6' title="bbox 176 444 1757 493; baseline -0.004 -10"><span class='ocrx_word' id='word_1_60' title='bbox 176 455 255 483; x_wconf 91' lang='lat' dir='ltr'>runt</span> <span class='ocrx_word' id='word_1_61' title='bbox 269 461 323 483; x_wconf 90' lang='lat' dir='ltr'>eos</span> <span class='ocrx_word' id='word_1_62' title='bbox 337 450 407 482; x_wconf 90' lang='lat' dir='ltr'>sani</span> <span class='ocrx_word' id='word_1_63' title='bbox 422 455 453 483; x_wconf 90' lang='lat' dir='ltr'>et</span> <span class='ocrx_word' id='word_1_64' title='bbox 467 450 533 483; x_wconf 87' lang='lat' dir='ltr'>laeti</span> <span class='ocrx_word' id='word_1_65' title='bbox 548 463 556 491; x_wconf 81' lang='lat'>3</span> <span class='ocrx_word' id='word_1_66' title='bbox 573 450 627 482; x_wconf 88' lang='lat' dir='ltr'>sed</span> <span class='ocrx_word' id='word_1_67' title='bbox 642 450 720 482; x_wconf 90' lang='lat' dir='ltr'>dum</span> <span class='ocrx_word' id='word_1_68' title='bbox 736 454 888 493; x_wconf 85' lang='lat' dir='ltr'>quaerunt</span> <span class='ocrx_word' id='word_1_69' title='bbox 902 476 909 491; x_wconf 90' lang='lat'>‚</span> <span class='ocrx_word' id='word_1_70' title='bbox 927 453 1103 493; x_wconf 80' lang='lat' dir='ltr'>antequam</span> <span class='ocrx_word' id='word_1_71' title='bbox 1133 447 1341 492; x_wconf 87' lang='lat' dir='ltr'>perveniant,</span> <span class='ocrx_word' id='word_1_72' title='bbox 1357 446 1555 478; x_wconf 88' lang='lat' dir='ltr'>moriuntur.</span> <span class='ocrx_word' id='word_1_73' title='bbox 1574 444 1637 477; x_wconf 86' lang='lat' dir='ltr'>Sed</span> <span class='ocrx_word' id='word_1_74' title='bbox 1662 444 1757 477; x_wconf 89' lang='lat' dir='ltr'>mise-</span> 
     </span>
     <span class='ocr_line' id='line_1_7' title="bbox 176 502 1758 550; baseline -0.003 -12"><span class='ocrx_word' id='word_1_75' title='bbox 176 507 315 540; x_wconf 87' lang='lat' dir='ltr'>ricordia</span> <span class='ocrx_word' id='word_1_76' title='bbox 329 507 389 539; x_wconf 88' lang='lat' dir='ltr'>Dei</span> <span class='ocrx_word' id='word_1_77' title='bbox 403 506 526 550; x_wconf 88' lang='lat' dir='ltr'>ubique</span> <span class='ocrx_word' id='word_1_78' title='bbox 542 511 609 547; x_wconf 87' lang='lat' dir='ltr'>est,</span> <span class='ocrx_word' id='word_1_79' title='bbox 624 507 681 550; x_wconf 87' lang='lat' dir='ltr'>qui</span> <span class='ocrx_word' id='word_1_80' title='bbox 697 511 728 539; x_wconf 86' lang='lat' dir='ltr'>et</span> <span class='ocrx_word' id='word_1_81' title='bbox 740 507 835 550; x_wconf 85' lang='lat' dir='ltr'>justis</span> <span class='ocrx_word' id='word_1_82' title='bbox 850 518 979 550; x_wconf 85' lang='lat' dir='ltr'>parcere</span> <span class='ocrx_word' id='word_1_83' title='bbox 996 506 1105 545; x_wconf 85' lang='lat' dir='ltr'>novit,</span> <span class='ocrx_word' id='word_1_84' title='bbox 1120 505 1178 538; x_wconf 87' lang='lat' dir='ltr'>etsi</span> <span class='ocrx_word' id='word_1_85' title='bbox 1194 515 1258 537; x_wconf 89' lang='lat' dir='ltr'>non</span> <span class='ocrx_word' id='word_1_86' title='bbox 1277 507 1342 536; x_wconf 86' lang='lat' dir='ltr'>tam</span> <span class='ocrx_word' id='word_1_87' title='bbox 1357 503 1419 535; x_wconf 91' lang='lat' dir='ltr'>cito</span> <span class='ocrx_word' id='word_1_88' title='bbox 1431 529 1440 542; x_wconf 91' lang='lat'><em>‚</em></span> <span class='ocrx_word' id='word_1_89' title='bbox 1458 502 1539 534; x_wconf 91' lang='lat' dir='ltr'>sicut</span> <span class='ocrx_word' id='word_1_90' title='bbox 1553 502 1578 533; x_wconf 88' lang='lat' dir='ltr'>si</span> <span class='ocrx_word' id='word_1_91' title='bbox 1595 502 1758 534; x_wconf 88' lang='lat' dir='ltr'>solveren-</span> 
     </span>
     <span class='ocr_line' id='line_1_8' title="bbox 175 558 1755 606; baseline -0.004 -10"><span class='ocrx_word' id='word_1_92' title='bbox 175 567 229 596; x_wconf 89' lang='lat' dir='ltr'>tur</span> <span class='ocrx_word' id='word_1_93' title='bbox 244 575 262 596; x_wconf 87' lang='lat' dir='ltr'>a</span> <span class='ocrx_word' id='word_1_94' title='bbox 277 564 451 596; x_wconf 81' lang='lat' dir='ltr'>sacerdote.</span> <span class='ocrx_word' id='word_1_95' title='bbox 469 563 534 602; x_wconf 89' lang='lat' dir='ltr'>Qui</span> <span class='ocrx_word' id='word_1_96' title='bbox 550 574 627 606; x_wconf 79' lang='lat' dir='ltr'>ergo</span> <span class='ocrx_word' id='word_1_97' title='bbox 642 563 816 596; x_wconf 87' lang='lat' dir='ltr'>confitetur</span> <span class='ocrx_word' id='word_1_98' title='bbox 830 564 984 597; x_wconf 83' lang='lat' dir='ltr'>sacerdoti</span> <span class='ocrx_word' id='word_1_99' title='bbox 997 589 1005 605; x_wconf 93' lang='lat'>‚</span> <span class='ocrx_word' id='word_1_100' title='bbox 1023 563 1156 595; x_wconf 87' lang='lat' dir='ltr'>omnino</span> <span class='ocrx_word' id='word_1_101' title='bbox 1172 561 1299 594; x_wconf 87' lang='lat' dir='ltr'>meliori</span> <span class='ocrx_word' id='word_1_102' title='bbox 1320 571 1418 604; x_wconf 90' lang='lat' dir='ltr'>quam</span> <span class='ocrx_word' id='word_1_103' title='bbox 1435 562 1537 603; x_wconf 83' lang='lat' dir='ltr'>potest</span> <span class='ocrx_word' id='word_1_104' title='bbox 1551 558 1755 591; x_wconf 87' lang='lat' dir='ltr'>confiteatur.</span> 
     </span>
     <span class='ocr_line' id='line_1_9' title="bbox 175 616 1760 665; baseline -0.004 -11"><span class='ocrx_word' id='word_1_105' title='bbox 175 620 237 654; x_wconf 87' lang='lat' dir='ltr'>Et²</span> <span class='ocrx_word' id='word_1_106' title='bbox 254 621 280 654; x_wconf 84' lang='lat' dir='ltr'>si</span> <span class='ocrx_word' id='word_1_107' title='bbox 296 625 462 665; x_wconf 85' lang='lat' dir='ltr'>peccatum</span> <span class='ocrx_word' id='word_1_108' title='bbox 478 621 641 654; x_wconf 85' lang='lat' dir='ltr'>occultum</span> <span class='ocrx_word' id='word_1_109' title='bbox 656 625 723 662; x_wconf 87' lang='lat' dir='ltr'>est,</span> <span class='ocrx_word' id='word_1_110' title='bbox 741 621 882 653; x_wconf 84' lang='lat' dir='ltr'>sufficiat</span> <span class='ocrx_word' id='word_1_111' title='bbox 897 621 1015 654; x_wconf 85' lang='lat' dir='ltr'>referre</span> <span class='ocrx_word' id='word_1_112' title='bbox 1039 621 1073 653; x_wconf 86' lang='lat' dir='ltr'>in</span> <span class='ocrx_word' id='word_1_113' title='bbox 1089 619 1237 652; x_wconf 83' lang='lat' dir='ltr'>notitiam</span> <span class='ocrx_word' id='word_1_114' title='bbox 1263 617 1446 650; x_wconf 87' lang='lat' dir='ltr'>sacerdotis.</span> <span class='ocrx_word' id='word_1_115' title='bbox 1465 616 1546 648; x_wconf 88' lang='lat' dir='ltr'>Nam</span> <span class='ocrx_word' id='word_1_116' title='bbox 1571 616 1605 648; x_wconf 92' lang='lat' dir='ltr'>in</span> <span class='ocrx_word' id='word_1_117' title='bbox 1624 616 1760 648; x_wconf 86' lang='lat' dir='ltr'>resusci-</span> 
     </span>
     <span class='ocr_line' id='line_1_10' title="bbox 176 673 1760 722; baseline -0.004 -11"><span class='ocrx_word' id='word_1_118' title='bbox 176 678 297 711; x_wconf 79' lang='lat' dir='ltr'>tatione</span> <span class='ocrx_word' id='word_1_119' title='bbox 313 678 391 711; x_wconf 77' lang='lat' dir='ltr'>filiae</span> <span class='ocrx_word' id='word_1_120' title='bbox 415 678 664 722; x_wconf 82' lang='lat' dir='ltr'>archisynagogi</span> <span class='ocrx_word' id='word_1_121' title='bbox 680 682 690 698; x_wconf 89' lang='lat'><strong>¹</strong></span> <span class='ocrx_word' id='word_1_122' title='bbox 706 679 800 722; x_wconf 91' lang='lat' dir='ltr'>pauci</span> <span class='ocrx_word' id='word_1_123' title='bbox 827 678 1047 711; x_wconf 85' lang='lat' dir='ltr'>interfuerunt</span> <span class='ocrx_word' id='word_1_124' title='bbox 1061 703 1069 718; x_wconf 84' lang='lat'>‚</span> <span class='ocrx_word' id='word_1_125' title='bbox 1086 677 1143 721; x_wconf 91' lang='lat' dir='ltr'>qui</span> <span class='ocrx_word' id='word_1_126' title='bbox 1166 676 1313 709; x_wconf 87' lang='lat' dir='ltr'>viderent</span> <span class='ocrx_word' id='word_1_127' title='bbox 1332 687 1338 706; x_wconf 89' lang='lat'><strong>:</strong></span> <span class='ocrx_word' id='word_1_128' title='bbox 1355 673 1502 707; x_wconf 87' lang='lat' dir='ltr'>nondum</span> <span class='ocrx_word' id='word_1_129' title='bbox 1527 673 1612 706; x_wconf 82' lang='lat' dir='ltr'>enim</span> <span class='ocrx_word' id='word_1_130' title='bbox 1629 676 1698 706; x_wconf 86' lang='lat' dir='ltr'>erat</span> <span class='ocrx_word' id='word_1_131' title='bbox 1712 684 1760 706; x_wconf 90' lang='lat' dir='ltr'>se·</span> 
     </span>
     <span class='ocr_line' id='line_1_11' title="bbox 176 730 1760 779; baseline -0.004 -12"><span class='ocrx_word' id='word_1_132' title='bbox 176 735 267 779; x_wconf 86' lang='lat' dir='ltr'>pulta</span> <span class='ocrx_word' id='word_1_133' title='bbox 281 761 289 777; x_wconf 89' lang='lat'>,</span> <span class='ocrx_word' id='word_1_134' title='bbox 306 736 454 768; x_wconf 89' lang='lat' dir='ltr'>nondum</span> <span class='ocrx_word' id='word_1_135' title='bbox 469 740 559 768; x_wconf 76' lang='lat' dir='ltr'>extra</span> <span class='ocrx_word' id='word_1_136' title='bbox 576 740 702 779; x_wconf 84' lang='lat' dir='ltr'>portam</span> <span class='ocrx_word' id='word_1_137' title='bbox 718 735 824 769; x_wconf 84' lang='lat' dir='ltr'>delata</span> <span class='ocrx_word' id='word_1_138' title='bbox 842 749 848 767; x_wconf 74' lang='grc' dir='ltr'>ε</span> <span class='ocrx_word' id='word_1_139' title='bbox 865 735 1011 768; x_wconf 90' lang='lat' dir='ltr'>nondum</span> <span class='ocrx_word' id='word_1_140' title='bbox 1027 738 1119 767; x_wconf 83' lang='lat' dir='ltr'>extra</span> <span class='ocrx_word' id='word_1_141' title='bbox 1140 734 1274 766; x_wconf 88' lang='lat' dir='ltr'>domum</span> <span class='ocrx_word' id='word_1_142' title='bbox 1290 733 1323 764; x_wconf 90' lang='lat' dir='ltr'>in</span> <span class='ocrx_word' id='word_1_143' title='bbox 1339 731 1486 764; x_wconf 86' lang='lat' dir='ltr'>notitiam</span> <span class='ocrx_word' id='word_1_144' title='bbox 1510 734 1646 774; x_wconf 86' lang='lat' dir='ltr'>portata.</span> <span class='ocrx_word' id='word_1_145' title='bbox 1668 730 1760 763; x_wconf 89' lang='lat' dir='ltr'>Intus</span> 
     </span>
     <span class='ocr_line' id='line_1_12' title="bbox 176 788 1756 837; baseline -0.003 -13"><span class='ocrx_word' id='word_1_146' title='bbox 176 793 400 834; x_wconf 80' lang='lat' dir='ltr'>resuscitavit,</span> <span class='ocrx_word' id='word_1_147' title='bbox 424 804 523 837; x_wconf 84' lang='lat' dir='ltr'>quam</span> <span class='ocrx_word' id='word_1_148' title='bbox 547 793 636 826; x_wconf 84' lang='lat' dir='ltr'>intus</span> <span class='ocrx_word' id='word_1_149' title='bbox 661 793 809 833; x_wconf 88' lang='lat' dir='ltr'>invenit,</span> <span class='ocrx_word' id='word_1_150' title='bbox 828 793 947 825; x_wconf 60' lang='lat' dir='ltr'>relictis</span> <span class='ocrx_word' id='word_1_151' title='bbox 969 792 1046 825; x_wconf 84' lang='lat' dir='ltr'>solis</span> <span class='ocrx_word' id='word_1_152' title='bbox 1067 792 1163 824; x_wconf 79' lang='lat' dir='ltr'>Petro</span> <span class='ocrx_word' id='word_1_153' title='bbox 1187 793 1218 822; x_wconf 87' lang='lat' dir='ltr'>et</span> <span class='ocrx_word' id='word_1_154' title='bbox 1241 789 1381 829; x_wconf 84' lang='lat' dir='ltr'>Jacobo,</span> <span class='ocrx_word' id='word_1_155' title='bbox 1399 794 1430 820; x_wconf 90' lang='lat' dir='ltr'>et</span> <span class='ocrx_word' id='word_1_156' title='bbox 1444 788 1589 829; x_wconf 88' lang='lat' dir='ltr'>Joanne,</span> <span class='ocrx_word' id='word_1_157' title='bbox 1605 792 1635 820; x_wconf 89' lang='lat' dir='ltr'>et</span> <span class='ocrx_word' id='word_1_158' title='bbox 1649 790 1756 832; x_wconf 88' lang='lat' dir='ltr'>patre,</span> 
     </span>
     <span class='ocr_line' id='line_1_13' title="bbox 177 845 1760 894; baseline -0.003 -13"><span class='ocrx_word' id='word_1_159' title='bbox 177 853 208 881; x_wconf 90' lang='lat' dir='ltr'>et</span> <span class='ocrx_word' id='word_1_160' title='bbox 223 854 325 883; x_wconf 84' lang='lat' dir='ltr'>matre</span> <span class='ocrx_word' id='word_1_161' title='bbox 340 850 477 894; x_wconf 76' lang='lat' dir='ltr'>puellae,</span> <span class='ocrx_word' id='word_1_162' title='bbox 498 851 532 883; x_wconf 85' lang='lat' dir='ltr'>in</span> <span class='ocrx_word' id='word_1_163' title='bbox 557 850 678 894; x_wconf 89' lang='lat' dir='ltr'>quibus</span> <span class='ocrx_word' id='word_1_164' title='bbox 707 850 888 893; x_wconf 82' lang='lat' dir='ltr'>figuraliter</span> <span class='ocrx_word' id='word_1_165' title='bbox 910 849 1120 881; x_wconf 82' lang='lat' dir='ltr'>continentur</span> <span class='ocrx_word' id='word_1_166' title='bbox 1146 847 1325 880; x_wconf 81' lang='lat' dir='ltr'>sacerdotes</span> <span class='ocrx_word' id='word_1_167' title='bbox 1350 845 1508 878; x_wconf 72' lang='lat' dir='ltr'>Ecclesiae.</span> <span class='ocrx_word' id='word_1_168' title='bbox 1535 845 1623 883; x_wconf 82' lang='lat' dir='ltr'>Quos</span> <span class='ocrx_word' id='word_1_169' title='bbox 1650 848 1760 877; x_wconf 88' lang='lat' dir='ltr'>autem</span> 
     </span>
     <span class='ocr_line' id='line_1_14' title="bbox 177 901 1761 950; baseline -0.004 -11"><span class='ocrx_word' id='word_1_170' title='bbox 177 911 269 940; x_wconf 78' lang='lat' dir='ltr'>extra</span> <span class='ocrx_word' id='word_1_171' title='bbox 284 907 430 946; x_wconf 73' lang='lat' dir='ltr'>invenit,</span> <span class='ocrx_word' id='word_1_172' title='bbox 447 907 682 940; x_wconf 88' lang='lat' dir='ltr'>advertendum</span> <span class='ocrx_word' id='word_1_173' title='bbox 698 911 744 939; x_wconf 84' lang='lat' dir='ltr'>est</span> <span class='ocrx_word' id='word_1_174' title='bbox 759 906 923 950; x_wconf 85' lang='lat' dir='ltr'>quomodo</span> <span class='ocrx_word' id='word_1_175' title='bbox 947 905 1126 938; x_wconf 86' lang='lat' dir='ltr'>suscitavit.</span> <span class='ocrx_word' id='word_1_176' title='bbox 1143 904 1257 937; x_wconf 87' lang='lat' dir='ltr'>Flebat</span> <span class='ocrx_word' id='word_1_177' title='bbox 1277 903 1363 935; x_wconf 85' lang='lat' dir='ltr'>enim</span> <span class='ocrx_word' id='word_1_178' title='bbox 1389 902 1484 935; x_wconf 86' lang='lat' dir='ltr'>turba</span> <span class='ocrx_word' id='word_1_179' title='bbox 1502 905 1572 946; x_wconf 89' lang='lat' dir='ltr'>post</span> <span class='ocrx_word' id='word_1_180' title='bbox 1593 901 1700 934; x_wconf 89' lang='lat' dir='ltr'>filium</span> <span class='ocrx_word' id='word_1_181' title='bbox 1713 901 1761 934; x_wconf 92' lang='lat' dir='ltr'>vi-</span> 
     </span>
     <span class='ocr_line' id='line_1_15' title="bbox 179 958 1758 1007; baseline -0.005 -10"><span class='ocrx_word' id='word_1_182' title='bbox 179 964 251 997; x_wconf 75' lang='lat' dir='ltr'>duae</span> <span class='ocrx_word' id='word_1_183' title='bbox 267 969 277 985; x_wconf 79' lang='lat'><strong>³</strong></span> <span class='ocrx_word' id='word_1_184' title='bbox 294 977 300 996; x_wconf 90' lang='lat'>:</span> <span class='ocrx_word' id='word_1_185' title='bbox 318 964 407 997; x_wconf 83' lang='lat' dir='ltr'>flevit</span> <span class='ocrx_word' id='word_1_186' title='bbox 421 964 549 997; x_wconf 85' lang='lat' dir='ltr'>Martha</span> <span class='ocrx_word' id='word_1_187' title='bbox 573 968 604 996; x_wconf 88' lang='lat' dir='ltr'>et</span> <span class='ocrx_word' id='word_1_188' title='bbox 628 964 730 997; x_wconf 86' lang='lat' dir='ltr'>Maria</span> <span class='ocrx_word' id='word_1_189' title='bbox 751 964 968 1007; x_wconf 84' lang='lat' dir='ltr'>supplicantes</span> <span class='ocrx_word' id='word_1_190' title='bbox 983 975 1040 1007; x_wconf 88' lang='lat' dir='ltr'>pro</span> <span class='ocrx_word' id='word_1_191' title='bbox 1056 963 1154 994; x_wconf 80' lang='lat' dir='ltr'>fratre</span> <span class='ocrx_word' id='word_1_192' title='bbox 1172 974 1179 994; x_wconf 89' lang='lat'>:</span> <span class='ocrx_word' id='word_1_193' title='bbox 1196 960 1294 993; x_wconf 86' lang='lat' dir='ltr'>flebat</span> <span class='ocrx_word' id='word_1_194' title='bbox 1309 964 1339 992; x_wconf 89' lang='lat' dir='ltr'>et</span> <span class='ocrx_word' id='word_1_195' title='bbox 1354 959 1449 992; x_wconf 84' lang='lat' dir='ltr'>turba</span> <span class='ocrx_word' id='word_1_196' title='bbox 1464 959 1599 991; x_wconf 85' lang='lat' dir='ltr'>Mariam</span> <span class='ocrx_word' id='word_1_197' title='bbox 1615 961 1722 990; x_wconf 88' lang='lat' dir='ltr'>secuta</span> <span class='ocrx_word' id='word_1_198' title='bbox 1736 958 1758 990; x_wconf 75' lang='lat'>⁸.</span> 
     </span>
     <span class='ocr_line' id='line_1_16' title="bbox 178 1015 1758 1066; baseline -0.005 -12"><span class='ocrx_word' id='word_1_199' title='bbox 178 1023 215 1055; x_wconf 82' lang='lat' dir='ltr'>ln</span> <span class='ocrx_word' id='word_1_200' title='bbox 230 1033 295 1066; x_wconf 88' lang='lat' dir='ltr'>quo</span> <span class='ocrx_word' id='word_1_201' title='bbox 311 1022 485 1062; x_wconf 86' lang='lat' dir='ltr'>docemur,</span> <span class='ocrx_word' id='word_1_202' title='bbox 501 1021 630 1065; x_wconf 90' lang='lat' dir='ltr'>publice</span> <span class='ocrx_word' id='word_1_203' title='bbox 644 1021 851 1064; x_wconf 86' lang='lat' dir='ltr'>peccantibus</span> <span class='ocrx_word' id='word_1_204' title='bbox 866 1032 932 1053; x_wconf 90' lang='lat' dir='ltr'>non</span> <span class='ocrx_word' id='word_1_205' title='bbox 948 1020 1119 1063; x_wconf 89' lang='lat' dir='ltr'>proprium</span> <span class='ocrx_word' id='word_1_206' title='bbox 1133 1044 1141 1059; x_wconf 83' lang='lat'>,</span> <span class='ocrx_word' id='word_1_207' title='bbox 1158 1018 1213 1050; x_wconf 87' lang='lat' dir='ltr'>sed</span> <span class='ocrx_word' id='word_1_208' title='bbox 1234 1016 1382 1049; x_wconf 82' lang='lat' dir='ltr'>Ecclesiae</span> <span class='ocrx_word' id='word_1_209' title='bbox 1398 1016 1547 1048; x_wconf 82' lang='lat' dir='ltr'>sufficere</span> <span class='ocrx_word' id='word_1_210' title='bbox 1569 1015 1722 1047; x_wconf 89' lang='lat' dir='ltr'>meritum</span> <span class='ocrx_word' id='word_1_211' title='bbox 1737 1016 1758 1047; x_wconf 82' lang='lat'>⁵.</span> 
     </span>
     <span class='ocr_line' id='line_1_17' title="bbox 178 1072 1763 1122; baseline -0.006 -10"><span class='ocrx_word' id='word_1_212' title='bbox 178 1080 317 1112; x_wconf 85' lang='lat' dir='ltr'>Laboret</span> <span class='ocrx_word' id='word_1_213' title='bbox 330 1091 406 1121; x_wconf 79' lang='lat' dir='ltr'>ergo</span> <span class='ocrx_word' id='word_1_214' title='bbox 422 1079 582 1122; x_wconf 68' lang='lat' dir='ltr'>poenitens</span> <span class='ocrx_word' id='word_1_215' title='bbox 597 1078 630 1109; x_wconf 94' lang='lat' dir='ltr'>in</span> <span class='ocrx_word' id='word_1_216' title='bbox 646 1077 787 1110; x_wconf 73' lang='lat' dir='ltr'>Ecclesia</span> <span class='ocrx_word' id='word_1_217' title='bbox 800 1088 867 1109; x_wconf 89' lang='lat' dir='ltr'>esse</span> <span class='ocrx_word' id='word_1_218' title='bbox 882 1103 890 1118; x_wconf 89' lang='lat'>‚</span> <span class='ocrx_word' id='word_1_219' title='bbox 908 1081 938 1109; x_wconf 86' lang='lat' dir='ltr'>et</span> <span class='ocrx_word' id='word_1_220' title='bbox 952 1077 993 1109; x_wconf 85' lang='lat' dir='ltr'>ad</span> <span class='ocrx_word' id='word_1_221' title='bbox 1007 1075 1156 1108; x_wconf 82' lang='lat' dir='ltr'>Ecclesiae</span> <span class='ocrx_word' id='word_1_222' title='bbox 1172 1075 1328 1107; x_wconf 83' lang='lat' dir='ltr'>unitatem</span> <span class='ocrx_word' id='word_1_223' title='bbox 1344 1073 1486 1106; x_wconf 87' lang='lat' dir='ltr'>tendere.</span> <span class='ocrx_word' id='word_1_224' title='bbox 1502 1072 1571 1105; x_wconf 83' lang='lat' dir='ltr'>Nisi</span> <span class='ocrx_word' id='word_1_225' title='bbox 1587 1072 1674 1104; x_wconf 89' lang='lat' dir='ltr'>enim</span> <span class='ocrx_word' id='word_1_226' title='bbox 1688 1072 1763 1104; x_wconf 90' lang='lat' dir='ltr'>uni-</span> 
     </span>
     <span class='ocr_line' id='line_1_18' title="bbox 180 1128 1763 1178; baseline -0.004 -9"><span class='ocrx_word' id='word_1_227' title='bbox 180 1141 226 1169; x_wconf 83' lang='lat' dir='ltr'>tas</span> <span class='ocrx_word' id='word_1_228' title='bbox 250 1137 398 1168; x_wconf 70' lang='lat' dir='ltr'>Ecclesiae</span> <span class='ocrx_word' id='word_1_229' title='bbox 423 1141 608 1176; x_wconf 79' lang='lat' dir='ltr'>succurrat,</span> <span class='ocrx_word' id='word_1_230' title='bbox 625 1135 687 1168; x_wconf 85' lang='lat' dir='ltr'>nisi</span> <span class='ocrx_word' id='word_1_231' title='bbox 712 1134 800 1178; x_wconf 86' lang='lat' dir='ltr'>quod</span> <span class='ocrx_word' id='word_1_232' title='bbox 822 1134 909 1166; x_wconf 84' lang='lat' dir='ltr'>deest</span> <span class='ocrx_word' id='word_1_233' title='bbox 932 1133 1090 1177; x_wconf 79' lang='lat' dir='ltr'>peccatori</span> <span class='ocrx_word' id='word_1_234' title='bbox 1112 1144 1171 1165; x_wconf 85' lang='lat' dir='ltr'>sua</span> <span class='ocrx_word' id='word_1_235' title='bbox 1193 1131 1338 1164; x_wconf 84' lang='lat' dir='ltr'>oratione</span> <span class='ocrx_word' id='word_1_236' title='bbox 1362 1130 1542 1174; x_wconf 84' lang='lat' dir='ltr'>compleat,</span> <span class='ocrx_word' id='word_1_237' title='bbox 1558 1129 1596 1162; x_wconf 90' lang='lat' dir='ltr'>de</span> <span class='ocrx_word' id='word_1_238' title='bbox 1612 1128 1763 1162; x_wconf 82' lang='lat' dir='ltr'>manibus</span> 
     </span>
     <span class='ocr_line' id='line_1_19' title="bbox 178 1187 1764 1237; baseline -0.006 -10"><span class='ocrx_word' id='word_1_239' title='bbox 178 1194 302 1226; x_wconf 87' lang='lat' dir='ltr'>inimici</span> <span class='ocrx_word' id='word_1_240' title='bbox 317 1205 383 1226; x_wconf 88' lang='lat' dir='ltr'>non</span> <span class='ocrx_word' id='word_1_241' title='bbox 398 1193 553 1237; x_wconf 87' lang='lat' dir='ltr'>eripietur</span> <span class='ocrx_word' id='word_1_242' title='bbox 568 1193 678 1225; x_wconf 87' lang='lat' dir='ltr'>anima</span> <span class='ocrx_word' id='word_1_243' title='bbox 698 1191 830 1224; x_wconf 87' lang='lat' dir='ltr'>mortui.</span> <span class='ocrx_word' id='word_1_244' title='bbox 848 1190 1055 1223; x_wconf 87' lang='lat' dir='ltr'>Credendum</span> <span class='ocrx_word' id='word_1_245' title='bbox 1082 1194 1131 1222; x_wconf 91' lang='lat' dir='ltr'>est</span> <span class='ocrx_word' id='word_1_246' title='bbox 1156 1189 1265 1229; x_wconf 87' lang='lat' dir='ltr'>enim,</span> <span class='ocrx_word' id='word_1_247' title='bbox 1289 1187 1377 1232; x_wconf 90' lang='lat' dir='ltr'>quod</span> <span class='ocrx_word' id='word_1_248' title='bbox 1399 1198 1510 1220; x_wconf 90' lang='lat' dir='ltr'>omnes</span> <span class='ocrx_word' id='word_1_249' title='bbox 1532 1187 1714 1228; x_wconf 86' lang='lat' dir='ltr'>orationes,</span> <span class='ocrx_word' id='word_1_250' title='bbox 1732 1189 1764 1218; x_wconf 83' lang='lat' dir='ltr'>et</span> 
     </span>
     <span class='ocr_line' id='line_1_20' title="bbox 179 1244 1763 1294; baseline -0.006 -10"><span class='ocrx_word' id='word_1_251' title='bbox 179 1252 394 1294; x_wconf 74' lang='lat' dir='ltr'>eleemosynae</span> <span class='ocrx_word' id='word_1_252' title='bbox 418 1250 587 1291; x_wconf 72' lang='lat' dir='ltr'>Ecclesiae,</span> <span class='ocrx_word' id='word_1_253' title='bbox 610 1254 640 1282; x_wconf 86' lang='lat' dir='ltr'>et</span> <span class='ocrx_word' id='word_1_254' title='bbox 665 1260 763 1293; x_wconf 87' lang='lat' dir='ltr'>opera</span> <span class='ocrx_word' id='word_1_255' title='bbox 787 1248 942 1292; x_wconf 80' lang='lat' dir='ltr'>justitiae‚</span> <span class='ocrx_word' id='word_1_256' title='bbox 973 1251 1005 1280; x_wconf 86' lang='lat' dir='ltr'>et</span> <span class='ocrx_word' id='word_1_257' title='bbox 1032 1246 1281 1287; x_wconf 68' lang='lat' dir='ltr'>misericordiae,</span> <span class='ocrx_word' id='word_1_258' title='bbox 1306 1249 1495 1278; x_wconf 84' lang='lat' dir='ltr'>succurrant</span> <span class='ocrx_word' id='word_1_259' title='bbox 1523 1244 1763 1286; x_wconf 83' lang='lat' dir='ltr'>recognoscenti</span> 
     </span>
     <span class='ocr_line' id='line_1_21' title="bbox 180 1300 1764 1349; baseline -0.006 -8"><span class='ocrx_word' id='word_1_260' title='bbox 180 1313 315 1341; x_wconf 87' lang='lat' dir='ltr'>mortem</span> <span class='ocrx_word' id='word_1_261' title='bbox 332 1319 425 1340; x_wconf 87' lang='lat' dir='ltr'>suam</span> <span class='ocrx_word' id='word_1_262' title='bbox 441 1307 480 1340; x_wconf 85' lang='lat' dir='ltr'>ad</span> <span class='ocrx_word' id='word_1_263' title='bbox 496 1307 752 1339; x_wconf 86' lang='lat' dir='ltr'>conversionem.</span> <span class='ocrx_word' id='word_1_264' title='bbox 771 1305 912 1349; x_wconf 83' lang='lat' dir='ltr'>Ideoque</span> <span class='ocrx_word' id='word_1_265' title='bbox 928 1315 1023 1336; x_wconf 89' lang='lat' dir='ltr'>nemo</span> <span class='ocrx_word' id='word_1_266' title='bbox 1045 1304 1143 1346; x_wconf 80' lang='lat' dir='ltr'>digne</span> <span class='ocrx_word' id='word_1_267' title='bbox 1161 1303 1317 1347; x_wconf 70' lang='lat' dir='ltr'>poenitere</span> <span class='ocrx_word' id='word_1_268' title='bbox 1332 1305 1456 1346; x_wconf 84' lang='lat' dir='ltr'>potest,</span> <span class='ocrx_word' id='word_1_269' title='bbox 1474 1313 1571 1345; x_wconf 88' lang='lat' dir='ltr'>quem</span> <span class='ocrx_word' id='word_1_270' title='bbox 1587 1312 1654 1333; x_wconf 89' lang='lat' dir='ltr'>non</span> <span class='ocrx_word' id='word_1_271' title='bbox 1668 1300 1764 1332; x_wconf 88' lang='lat' dir='ltr'>susti-</span> 
     </span>
     <span class='ocr_line' id='line_1_22' title="bbox 177 1357 1763 1407; baseline -0.006 -9"><span class='ocrx_word' id='word_1_272' title='bbox 177 1370 253 1398; x_wconf 81' lang='lat' dir='ltr'>neat</span> <span class='ocrx_word' id='word_1_273' title='bbox 275 1366 383 1398; x_wconf 85' lang='lat' dir='ltr'>unitas</span> <span class='ocrx_word' id='word_1_274' title='bbox 410 1364 570 1397; x_wconf 81' lang='lat' dir='ltr'>Ecclesiae.</span> <span class='ocrx_word' id='word_1_275' title='bbox 603 1364 745 1407; x_wconf 87' lang='lat' dir='ltr'>Ideoque</span> <span class='ocrx_word' id='word_1_276' title='bbox 769 1373 864 1395; x_wconf 85' lang='lat' dir='ltr'>nemo</span> <span class='ocrx_word' id='word_1_277' title='bbox 887 1366 974 1406; x_wconf 88' lang='lat' dir='ltr'>petat</span> <span class='ocrx_word' id='word_1_278' title='bbox 999 1360 1178 1394; x_wconf 79' lang='lat' dir='ltr'>sacerdotes</span> <span class='ocrx_word' id='word_1_279' title='bbox 1194 1371 1250 1404; x_wconf 86' lang='lat' dir='ltr'>per</span> <span class='ocrx_word' id='word_1_280' title='bbox 1264 1360 1409 1403; x_wconf 82' lang='lat' dir='ltr'>aliquam</span> <span class='ocrx_word' id='word_1_281' title='bbox 1435 1359 1565 1402; x_wconf 85' lang='lat' dir='ltr'>culpam</span> <span class='ocrx_word' id='word_1_282' title='bbox 1585 1358 1625 1390; x_wconf 90' lang='lat' dir='ltr'>ab</span> <span class='ocrx_word' id='word_1_283' title='bbox 1640 1357 1763 1390; x_wconf 88' lang='lat' dir='ltr'>unitate</span> 
     </span>
     <span class='ocr_line' id='line_1_23' title="bbox 179 1415 1761 1464; baseline -0.006 -9"><span class='ocrx_word' id='word_1_284' title='bbox 179 1423 329 1456; x_wconf 72' lang='lat' dir='ltr'>Ecclesiae</span> <span class='ocrx_word' id='word_1_285' title='bbox 345 1422 478 1455; x_wconf 72' lang='lat' dir='ltr'>divisos.</span> <span class='ocrx_word' id='word_1_286' title='bbox 497 1435 512 1452; x_wconf 80' lang='lat'>»</span> <span class='ocrx_word' id='word_1_287' title='bbox 532 1422 581 1454; x_wconf 76' lang='lat' dir='ltr'>Ex</span> <span class='ocrx_word' id='word_1_288' title='bbox 595 1421 646 1453; x_wconf 93' lang='lat' dir='ltr'>his</span> <span class='ocrx_word' id='word_1_289' title='bbox 671 1420 747 1452; x_wconf 82' lang='lat' dir='ltr'>satis</span> <span class='ocrx_word' id='word_1_290' title='bbox 768 1419 914 1464; x_wconf 86' lang='lat' dir='ltr'>aperitur</span> <span class='ocrx_word' id='word_1_291' title='bbox 935 1423 966 1451; x_wconf 86' lang='lat' dir='ltr'>et</span> <span class='ocrx_word' id='word_1_292' title='bbox 989 1419 1170 1451; x_wconf 85' lang='lat' dir='ltr'>absolvitur</span> <span class='ocrx_word' id='word_1_293' title='bbox 1194 1417 1367 1461; x_wconf 75' lang='lat' dir='ltr'>praemissoe.</span> <span class='ocrx_word' id='word_1_294' title='bbox 1390 1416 1578 1460; x_wconf 67' lang='lat' dir='ltr'>quaestionis</span> <span class='ocrx_word' id='word_1_295' title='bbox 1593 1415 1761 1447; x_wconf 88' lang='lat' dir='ltr'>articulus.</span> 
     </span>
     <span class='ocr_line' id='line_1_24' title="bbox 179 1472 1764 1521; baseline -0.006 -8"><span class='ocrx_word' id='word_1_296' title='bbox 179 1480 382 1520; x_wconf 78' lang='lat' dir='ltr'>Quaerendus</span> <span class='ocrx_word' id='word_1_297' title='bbox 398 1483 444 1512; x_wconf 89' lang='lat' dir='ltr'>est</span> <span class='ocrx_word' id='word_1_298' title='bbox 458 1479 547 1511; x_wconf 87' lang='lat' dir='ltr'>enim</span> <span class='ocrx_word' id='word_1_299' title='bbox 561 1478 708 1511; x_wconf 88' lang='lat' dir='ltr'>sacerdos</span> <span class='ocrx_word' id='word_1_300' title='bbox 722 1477 849 1521; x_wconf 84' lang='lat' dir='ltr'>sapiens</span> <span class='ocrx_word' id='word_1_301' title='bbox 864 1480 894 1509; x_wconf 86' lang='lat' dir='ltr'>et</span> <span class='ocrx_word' id='word_1_302' title='bbox 913 1476 1070 1509; x_wconf 83' lang='lat' dir='ltr'>discretus</span> <span class='ocrx_word' id='word_1_303' title='bbox 1083 1501 1091 1517; x_wconf 85' lang='lat'>,</span> <span class='ocrx_word' id='word_1_304' title='bbox 1112 1475 1169 1519; x_wconf 89' lang='lat' dir='ltr'>qui</span> <span class='ocrx_word' id='word_1_305' title='bbox 1191 1486 1265 1506; x_wconf 88' lang='lat' dir='ltr'>cum</span> <span class='ocrx_word' id='word_1_306' title='bbox 1284 1477 1438 1517; x_wconf 82' lang='lat' dir='ltr'>potestate</span> <span class='ocrx_word' id='word_1_307' title='bbox 1462 1473 1561 1505; x_wconf 90' lang='lat' dir='ltr'>simul</span> <span class='ocrx_word' id='word_1_308' title='bbox 1585 1472 1700 1504; x_wconf 86' lang='lat' dir='ltr'>habeat</span> <span class='ocrx_word' id='word_1_309' title='bbox 1711 1472 1764 1515; x_wconf 87' lang='lat' dir='ltr'>ju-</span> 
     </span>
     <span class='ocr_line' id='line_1_25' title="bbox 179 1529 1765 1581; baseline -0.006 -11"><span class='ocrx_word' id='word_1_310' title='bbox 179 1538 300 1571; x_wconf 88' lang='lat' dir='ltr'>dicium</span> <span class='ocrx_word' id='word_1_311' title='bbox 315 1551 322 1578; x_wconf 82' lang='lat'><em>3</em></span> <span class='ocrx_word' id='word_1_312' title='bbox 341 1537 397 1581; x_wconf 88' lang='lat' dir='ltr'>qui</span> <span class='ocrx_word' id='word_1_313' title='bbox 413 1537 439 1568; x_wconf 85' lang='lat' dir='ltr'>si</span> <span class='ocrx_word' id='word_1_314' title='bbox 454 1536 536 1569; x_wconf 85' lang='lat' dir='ltr'>forte</span> <span class='ocrx_word' id='word_1_315' title='bbox 551 1535 712 1575; x_wconf 84' lang='lat' dir='ltr'>defuerit,</span> <span class='ocrx_word' id='word_1_316' title='bbox 729 1534 875 1567; x_wconf 89' lang='lat' dir='ltr'>confiteri</span> <span class='ocrx_word' id='word_1_317' title='bbox 890 1533 984 1566; x_wconf 90' lang='lat' dir='ltr'>debet</span> <span class='ocrx_word' id='word_1_318' title='bbox 999 1533 1096 1566; x_wconf 85' lang='lat' dir='ltr'>socio.</span> <span class='ocrx_word' id='word_1_319' title='bbox 1114 1531 1201 1564; x_wconf 85' lang='lat' dir='ltr'>Beda</span> <span class='ocrx_word' id='word_1_320' title='bbox 1215 1542 1292 1563; x_wconf 86' lang='lat' dir='ltr'>vero</span> <span class='ocrx_word' id='word_1_321' title='bbox 1307 1531 1392 1563; x_wconf 90' lang='lat' dir='ltr'>inter</span> <span class='ocrx_word' id='word_1_322' title='bbox 1408 1530 1640 1562; x_wconf 85' lang='lat' dir='ltr'>confessionem</span> <span class='ocrx_word' id='word_1_323' title='bbox 1655 1529 1765 1562; x_wconf 86' lang='lat' dir='ltr'>venia-</span> 
     </span>
     <span class='ocr_line' id='line_1_26' title="bbox 179 1587 1763 1635; baseline -0.006 -8"><span class='ocrx_word' id='word_1_324' title='bbox 179 1596 262 1628; x_wconf 90' lang='lat' dir='ltr'>lium</span> <span class='ocrx_word' id='word_1_325' title='bbox 291 1599 321 1626; x_wconf 78' lang='lat' dir='ltr'>et</span> <span class='ocrx_word' id='word_1_326' title='bbox 344 1594 534 1626; x_wconf 87' lang='lat' dir='ltr'>mortalium</span> <span class='ocrx_word' id='word_1_327' title='bbox 563 1592 735 1634; x_wconf 79' lang='lat' dir='ltr'>distinguit</span> <span class='ocrx_word' id='word_1_328' title='bbox 763 1601 859 1635; x_wconf 88' lang='lat' dir='ltr'>super</span> <span class='ocrx_word' id='word_1_329' title='bbox 882 1591 979 1623; x_wconf 90' lang='lat' dir='ltr'>illum</span> <span class='ocrx_word' id='word_1_330' title='bbox 1003 1591 1109 1622; x_wconf 86' lang='lat' dir='ltr'>locum</span> <span class='ocrx_word' id='word_1_331' title='bbox 1137 1601 1144 1621; x_wconf 76' lang='grc' dir='ltr'>ε</span> <span class='ocrx_word' id='word_1_332' title='bbox 1173 1587 1389 1631; x_wconf 78' lang='lat' dir='ltr'>Confitemz&#39;nz&#39;</span> <span class='ocrx_word' id='word_1_333' title='bbox 1412 1587 1608 1619; x_wconf 80' lang='lat' dir='ltr'>alterutrum</span> <span class='ocrx_word' id='word_1_334' title='bbox 1626 1591 1763 1630; x_wconf 80' lang='lat' dir='ltr'>peccata</span> 
     </span>
     <span class='ocr_line' id='line_1_27' title="bbox 179 1643 1762 1692; baseline -0.006 -7"><span class='ocrx_word' id='word_1_335' title='bbox 179 1659 298 1685; x_wconf 83' lang='lat' dir='ltr'>vestra.</span> <span class='ocrx_word' id='word_1_336' title='bbox 315 1652 371 1684; x_wconf 83' lang='lat' dir='ltr'>Ait</span> <span class='ocrx_word' id='word_1_337' title='bbox 385 1651 472 1683; x_wconf 88' lang='lat' dir='ltr'>enim</span> <span class='ocrx_word' id='word_1_338' title='bbox 489 1650 499 1665; x_wconf 50' lang='grc' dir='ltr'><strong>ὅ</strong></span> <span class='ocrx_word' id='word_1_339' title='bbox 518 1662 524 1681; x_wconf 89' lang='lat'>:</span> <span class='ocrx_word' id='word_1_340' title='bbox 546 1663 562 1680; x_wconf 85' lang='lat'>«</span> <span class='ocrx_word' id='word_1_341' title='bbox 577 1649 806 1692; x_wconf 82' lang='lat' dir='ltr'>Coaequalihus</span> <span class='ocrx_word' id='word_1_342' title='bbox 821 1647 1012 1691; x_wconf 87' lang='lat' dir='ltr'>quotidiana</span> <span class='ocrx_word' id='word_1_343' title='bbox 1026 1651 1056 1679; x_wconf 85' lang='lat' dir='ltr'>et</span> <span class='ocrx_word' id='word_1_344' title='bbox 1080 1647 1181 1686; x_wconf 86' lang='lat' dir='ltr'>levia,</span> <span class='ocrx_word' id='word_1_345' title='bbox 1200 1645 1351 1688; x_wconf 82' lang='lat' dir='ltr'>graviora</span> <span class='ocrx_word' id='word_1_346' title='bbox 1373 1655 1450 1677; x_wconf 79' lang='lat' dir='ltr'>vero</span> <span class='ocrx_word' id='word_1_347' title='bbox 1471 1643 1627 1676; x_wconf 86' lang='lat' dir='ltr'>sacerdoti</span> <span class='ocrx_word' id='word_1_348' title='bbox 1642 1643 1762 1687; x_wconf 82' lang='lat' dir='ltr'>panda-</span> 
     </span>
     <span class='ocr_line' id='line_1_28' title="bbox 182 1699 1763 1752; baseline -0.008 -9"><span class='ocrx_word' id='word_1_349' title='bbox 182 1722 273 1751; x_wconf 90' lang='lat' dir='ltr'>mus,</span> <span class='ocrx_word' id='word_1_350' title='bbox 290 1713 321 1742; x_wconf 88' lang='lat' dir='ltr'>et</span> <span class='ocrx_word' id='word_1_351' title='bbox 335 1712 458 1752; x_wconf 84' lang='lat' dir='ltr'>quanto</span> <span class='ocrx_word' id='word_1_352' title='bbox 473 1707 606 1751; x_wconf 80' lang='lat' dir='ltr'>jusserit</span> <span class='ocrx_word' id='word_1_353' title='bbox 621 1710 765 1749; x_wconf 85' lang='lat' dir='ltr'>tempore</span> <span class='ocrx_word' id='word_1_354' title='bbox 781 1716 921 1748; x_wconf 69' lang='lat' dir='ltr'>purgare</span> <span class='ocrx_word' id='word_1_355' title='bbox 944 1714 1112 1743; x_wconf 89' lang='lat' dir='ltr'>curemus,</span> <span class='ocrx_word' id='word_1_356' title='bbox 1129 1703 1208 1746; x_wconf 88' lang='lat' dir='ltr'>quia</span> <span class='ocrx_word' id='word_1_357' title='bbox 1222 1702 1291 1734; x_wconf 89' lang='lat' dir='ltr'>sine</span> <span class='ocrx_word' id='word_1_358' title='bbox 1312 1700 1511 1734; x_wconf 81' lang='lat' dir='ltr'>confessione</span> <span class='ocrx_word' id='word_1_359' title='bbox 1526 1699 1763 1732; x_wconf 85' lang='lat' dir='ltr'>emendationis</span> 
     </span>
     <span class='ocr_line' id='line_1_29' title="bbox 182 1756 1766 1811; baseline -0.008 -11"><span class='ocrx_word' id='word_1_360' title='bbox 182 1771 309 1811; x_wconf 86' lang='lat' dir='ltr'>peccata</span> <span class='ocrx_word' id='word_1_361' title='bbox 322 1769 491 1810; x_wconf 87' lang='lat' dir='ltr'>nequeunt</span> <span class='ocrx_word' id='word_1_362' title='bbox 508 1763 640 1796; x_wconf 84' lang='lat' dir='ltr'>dimitti.</span> <span class='ocrx_word' id='word_1_363' title='bbox 658 1762 721 1795; x_wconf 79' lang='lat' dir='ltr'>Sed</span> <span class='ocrx_word' id='word_1_364' title='bbox 745 1766 775 1793; x_wconf 90' lang='lat' dir='ltr'>et</span> <span class='ocrx_word' id='word_1_365' title='bbox 790 1762 941 1803; x_wconf 80' lang='lat' dir='ltr'>graviora</span> <span class='ocrx_word' id='word_1_366' title='bbox 968 1760 1190 1804; x_wconf 66' lang='lat' dir='ltr'>coaequalibus</span> <span class='ocrx_word' id='word_1_367' title='bbox 1211 1758 1383 1802; x_wconf 84' lang='lat' dir='ltr'>pandenda</span> <span class='ocrx_word' id='word_1_368' title='bbox 1406 1761 1500 1798; x_wconf 84' lang='lat' dir='ltr'>sunt,</span> <span class='ocrx_word' id='word_1_369' title='bbox 1517 1768 1592 1789; x_wconf 86' lang='lat' dir='ltr'>cum</span> <span class='ocrx_word' id='word_1_370' title='bbox 1608 1756 1695 1789; x_wconf 86' lang='lat' dir='ltr'>deest</span> <span class='ocrx_word' id='word_1_371' title='bbox 1717 1767 1766 1788; x_wconf 88' lang='lat' dir='ltr'>sa-</span> 
     </span>
     <span class='ocr_line' id='line_1_30' title="bbox 180 1812 1766 1865; baseline -0.008 -9"><span class='ocrx_word' id='word_1_372' title='bbox 180 1824 292 1856; x_wconf 84' lang='lat' dir='ltr'>cerdos</span> <span class='ocrx_word' id='word_1_373' title='bbox 304 1849 312 1864; x_wconf 91' lang='lat'>,</span> <span class='ocrx_word' id='word_1_374' title='bbox 329 1828 359 1855; x_wconf 88' lang='lat' dir='ltr'>et</span> <span class='ocrx_word' id='word_1_375' title='bbox 375 1826 469 1864; x_wconf 79' lang='lat' dir='ltr'>urget</span> <span class='ocrx_word' id='word_1_376' title='bbox 490 1820 684 1865; x_wconf 88' lang='lat' dir='ltr'>periculum.</span> <span class='ocrx_word' id='word_1_377' title='bbox 698 1818 848 1851; x_wconf 81' lang='lat' dir='ltr'>Venialia</span> <span class='ocrx_word' id='word_1_378' title='bbox 870 1829 960 1859; x_wconf 90' lang='lat' dir='ltr'>vero,</span> <span class='ocrx_word' id='word_1_379' title='bbox 978 1817 1074 1849; x_wconf 85' lang='lat' dir='ltr'>etiam</span> <span class='ocrx_word' id='word_1_380' title='bbox 1100 1816 1301 1848; x_wconf 81' lang='lat' dir='ltr'>sacerdotum</span> <span class='ocrx_word' id='word_1_381' title='bbox 1326 1815 1433 1848; x_wconf 85' lang='lat' dir='ltr'>oblata</span> <span class='ocrx_word' id='word_1_382' title='bbox 1449 1814 1540 1858; x_wconf 89' lang='lat' dir='ltr'>copia</span> <span class='ocrx_word' id='word_1_383' title='bbox 1551 1839 1560 1855; x_wconf 89' lang='lat'><em>,</em></span> <span class='ocrx_word' id='word_1_384' title='bbox 1577 1814 1651 1846; x_wconf 86' lang='lat' dir='ltr'>licet</span> <span class='ocrx_word' id='word_1_385' title='bbox 1666 1812 1766 1845; x_wconf 87' lang='lat' dir='ltr'>confi-</span> 
     </span>
     <span class='ocr_line' id='line_1_31' title="bbox 183 1874 1767 1923; baseline -0.007 -10"><span class='ocrx_word' id='word_1_386' title='bbox 183 1882 243 1913; x_wconf 76' lang='lat' dir='ltr'>teri</span> <span class='ocrx_word' id='word_1_387' title='bbox 266 1879 445 1923; x_wconf 65' lang='lat' dir='ltr'>coaequali,</span> <span class='ocrx_word' id='word_1_388' title='bbox 461 1883 492 1911; x_wconf 87' lang='lat' dir='ltr'>et</span> <span class='ocrx_word' id='word_1_389' title='bbox 514 1877 637 1910; x_wconf 73' lang='lat' dir='ltr'>sufficit</span> <span class='ocrx_word' id='word_1_390' title='bbox 651 1903 659 1918; x_wconf 88' lang='lat'><em>‚</em></span> <span class='ocrx_word' id='word_1_391' title='bbox 676 1880 712 1909; x_wconf 87' lang='lat' dir='ltr'>ut</span> <span class='ocrx_word' id='word_1_392' title='bbox 735 1875 933 1919; x_wconf 82' lang='lat' dir='ltr'>quibusdam</span> <span class='ocrx_word' id='word_1_393' title='bbox 960 1875 1083 1919; x_wconf 86' lang='lat' dir='ltr'>placet,</span> <span class='ocrx_word' id='word_1_394' title='bbox 1099 1874 1125 1906; x_wconf 90' lang='lat' dir='ltr'>si</span> <span class='ocrx_word' id='word_1_395' title='bbox 1151 1878 1259 1906; x_wconf 87' lang='lat' dir='ltr'>tamen</span> <span class='ocrx_word' id='word_1_396' title='bbox 1282 1884 1321 1905; x_wconf 81' lang='lat' dir='ltr'>ex</span> <span class='ocrx_word' id='word_1_397' title='bbox 1343 1876 1531 1915; x_wconf 87' lang='lat' dir='ltr'>contemptu</span> <span class='ocrx_word' id='word_1_398' title='bbox 1555 1882 1620 1904; x_wconf 92' lang='lat' dir='ltr'>non</span> <span class='ocrx_word' id='word_1_399' title='bbox 1636 1874 1767 1914; x_wconf 86' lang='lat' dir='ltr'>praeter-</span> 
     </span>
     <span class='ocr_line' id='line_1_32' title="bbox 184 1927 1767 1976; baseline -0.007 -6"><span class='ocrx_word' id='word_1_400' title='bbox 184 1938 333 1970; x_wconf 87' lang='lat' dir='ltr'>mittatur</span> <span class='ocrx_word' id='word_1_401' title='bbox 347 1936 505 1969; x_wconf 87' lang='lat' dir='ltr'>sacerdos.</span> <span class='ocrx_word' id='word_1_402' title='bbox 522 1934 640 1966; x_wconf 86' lang='lat' dir='ltr'>Tutius</span> <span class='ocrx_word' id='word_1_403' title='bbox 658 1937 705 1966; x_wconf 89' lang='lat' dir='ltr'>est</span> <span class='ocrx_word' id='word_1_404' title='bbox 720 1937 827 1965; x_wconf 87' lang='lat' dir='ltr'>tamen</span> <span class='ocrx_word' id='word_1_405' title='bbox 843 1937 874 1964; x_wconf 84' lang='lat' dir='ltr'>ct</span> <span class='ocrx_word' id='word_1_406' title='bbox 891 1932 1063 1976; x_wconf 85' lang='lat' dir='ltr'>perfectius</span> <span class='ocrx_word' id='word_1_407' title='bbox 1078 1931 1250 1974; x_wconf 89' lang='lat' dir='ltr'>utriusque</span> <span class='ocrx_word' id='word_1_408' title='bbox 1265 1930 1392 1973; x_wconf 83' lang='lat' dir='ltr'>generis</span> <span class='ocrx_word' id='word_1_409' title='bbox 1406 1932 1533 1973; x_wconf 82' lang='lat' dir='ltr'>peccata</span> <span class='ocrx_word' id='word_1_410' title='bbox 1547 1927 1767 1960; x_wconf 88' lang='lat' dir='ltr'>sacerdotibus</span> 
     </span>
     <span class='ocr_line' id='line_1_33' title="bbox 186 1984 1769 2039; baseline -0.008 -11"><span class='ocrx_word' id='word_1_411' title='bbox 186 1995 327 2039; x_wconf 87' lang='lat' dir='ltr'>pandere</span> <span class='ocrx_word' id='word_1_412' title='bbox 342 2020 350 2035; x_wconf 86' lang='lat'>,</span> <span class='ocrx_word' id='word_1_413' title='bbox 367 1998 399 2026; x_wconf 92' lang='lat' dir='ltr'>et</span> <span class='ocrx_word' id='word_1_414' title='bbox 415 1992 588 2026; x_wconf 90' lang='lat' dir='ltr'>consilium</span> <span class='ocrx_word' id='word_1_415' title='bbox 606 1990 772 2023; x_wconf 59' lang='lat' dir='ltr'>medicinae</span> <span class='ocrx_word' id='word_1_416' title='bbox 788 1990 828 2022; x_wconf 89' lang='lat' dir='ltr'>ab</span> <span class='ocrx_word' id='word_1_417' title='bbox 843 1989 888 2022; x_wconf 88' lang='lat' dir='ltr'>eis</span> <span class='ocrx_word' id='word_1_418' title='bbox 903 2000 1047 2033; x_wconf 82' lang='lat' dir='ltr'>quaerere</span> <span class='ocrx_word' id='word_1_419' title='bbox 1060 2015 1068 2030; x_wconf 90' lang='lat'>‚</span> <span class='ocrx_word' id='word_1_420' title='bbox 1085 1988 1207 2032; x_wconf 88' lang='lat' dir='ltr'>quibus</span> <span class='ocrx_word' id='word_1_421' title='bbox 1220 1998 1368 2020; x_wconf 86' lang='lat' dir='ltr'>concessa</span> <span class='ocrx_word' id='word_1_422' title='bbox 1386 1990 1432 2019; x_wconf 84' lang='lat' dir='ltr'>est</span> <span class='ocrx_word' id='word_1_423' title='bbox 1446 1988 1585 2029; x_wconf 84' lang='lat' dir='ltr'>potestas</span> <span class='ocrx_word' id='word_1_424' title='bbox 1597 1984 1723 2028; x_wconf 83' lang='lat' dir='ltr'>ligandi</span> <span class='ocrx_word' id='word_1_425' title='bbox 1737 1987 1769 2017; x_wconf 88' lang='lat' dir='ltr'>et</span> 
     </span>
     <span class='ocr_line' id='line_1_34' title="bbox 185 2051 377 2085; baseline -0.016 0"><span class='ocrx_word' id='word_1_426' title='bbox 185 2051 344 2085; x_wconf 85' lang='lat' dir='ltr'>solvendi.</span> <span class='ocrx_word' id='word_1_427' title='bbox 361 2065 377 2082; x_wconf 90' lang='lat'>»</span> 
     </span>
     <span class='ocr_line' id='line_1_35' title="bbox 230 2099 1886 2150; baseline -0.007 -8"><span class='ocrx_word' id='word_1_428' title='bbox 230 2110 312 2142; x_wconf 90' lang='lat' dir='ltr'>Cum</span> <span class='ocrx_word' id='word_1_429' title='bbox 331 2119 409 2150; x_wconf 86' lang='lat' dir='ltr'>ergo</span> <span class='ocrx_word' id='word_1_430' title='bbox 424 2118 462 2140; x_wconf 86' lang='lat' dir='ltr'>ex</span> <span class='ocrx_word' id='word_1_431' title='bbox 478 2107 528 2139; x_wconf 85' lang='lat' dir='ltr'>his</span> <span class='ocrx_word' id='word_1_432' title='bbox 543 2106 680 2150; x_wconf 87' lang='lat' dir='ltr'>aliisque</span> <span class='ocrx_word' id='word_1_433' title='bbox 696 2104 847 2149; x_wconf 84' lang='lat' dir='ltr'>pluribus</span> <span class='ocrx_word' id='word_1_434' title='bbox 870 2103 1061 2136; x_wconf 89' lang='lat' dir='ltr'>testimoniis</span> <span class='ocrx_word' id='word_1_435' title='bbox 1075 2102 1283 2147; x_wconf 85' lang='lat' dir='ltr'>perspicuum</span> <span class='ocrx_word' id='word_1_436' title='bbox 1298 2101 1356 2133; x_wconf 85' lang='lat' dir='ltr'>fiat</span> <span class='ocrx_word' id='word_1_437' title='bbox 1377 2104 1408 2132; x_wconf 90' lang='lat' dir='ltr'>et</span> <span class='ocrx_word' id='word_1_438' title='bbox 1422 2099 1680 2132; x_wconf 83' lang='lat' dir='ltr'>indubitabiliter</span> <span class='ocrx_word' id='word_1_439' title='bbox 1694 2110 1770 2132; x_wconf 89' lang='lat' dir='ltr'>con·</span> <span class='ocrx_word' id='word_1_440' title='bbox 1785 2118 1825 2139; x_wconf 47' lang='grc' dir='ltr'>μὴ</span> <span class='ocrx_word' id='word_1_441' title='bbox 1836 2123 1886 2144; x_wconf 45' lang='grc' dir='ltr'>αρε,</span> 
     </span>
    </p>

    <p class='ocr_par' dir='ltr' id='par_1_3' title="bbox 179 2147 1889 2210">
     <span class='ocr_line' id='line_1_36' title="bbox 179 2147 1889 2210; baseline -0.007 -11"><span class='ocrx_word' id='word_1_442' title='bbox 179 2165 267 2208; x_wconf 79' lang='lat' dir='ltr'>stet,</span> <span class='ocrx_word' id='word_1_443' title='bbox 286 2169 414 2210; x_wconf 87' lang='lat' dir='ltr'>peccata</span> <span class='ocrx_word' id='word_1_444' title='bbox 429 2164 573 2208; x_wconf 89' lang='lat' dir='ltr'>primum</span> <span class='ocrx_word' id='word_1_445' title='bbox 589 2163 655 2195; x_wconf 86' lang='lat' dir='ltr'>Deo</span> <span class='ocrx_word' id='word_1_446' title='bbox 670 2188 678 2204; x_wconf 85' lang='lat'>,</span> <span class='ocrx_word' id='word_1_447' title='bbox 694 2161 810 2194; x_wconf 82' lang='lat' dir='ltr'>deinde</span> <span class='ocrx_word' id='word_1_448' title='bbox 835 2161 991 2193; x_wconf 82' lang='lat' dir='ltr'>sacerdoti</span> <span class='ocrx_word' id='word_1_449' title='bbox 1014 2171 1080 2193; x_wconf 86' lang='lat' dir='ltr'>csse</span> <span class='ocrx_word' id='word_1_450' title='bbox 1104 2158 1288 2191; x_wconf 87' lang='lat' dir='ltr'>confitenda</span> <span class='ocrx_word' id='word_1_451' title='bbox 1300 2183 1308 2199; x_wconf 87' lang='lat'>‚</span> <span class='ocrx_word' id='word_1_452' title='bbox 1329 2161 1359 2189; x_wconf 85' lang='lat' dir='ltr'>et</span> <span class='ocrx_word' id='word_1_453' title='bbox 1373 2157 1399 2189; x_wconf 86' lang='lat' dir='ltr'>si</span> <span class='ocrx_word' id='word_1_454' title='bbox 1413 2157 1481 2201; x_wconf 90' lang='lat' dir='ltr'>ipse</span> <span class='ocrx_word' id='word_1_455' title='bbox 1496 2156 1655 2198; x_wconf 85' lang='lat' dir='ltr'>defuerit,</span> <span class='ocrx_word' id='word_1_456' title='bbox 1672 2156 1769 2188; x_wconf 88' lang='lat' dir='ltr'>etiam</span> <span class='ocrx_word' id='word_1_457' title='bbox 1784 2149 1812 2168; x_wconf 67' lang='lat'>¹³²</span> <span class='ocrx_word' id='word_1_458' title='bbox 1823 2147 1889 2174; x_wconf 54' lang='lat'>‘⁴⁰³⁸&#39;</span> 
     </span>
    </p>
   </div>
   <div class='ocr_carea' id='block_1_3' title="bbox 1784 2181 1893 2204">
    <p class='ocr_par' dir='ltr' id='par_1_4' title="bbox 1784 2181 1893 2204">
     <span class='ocr_line' id='line_1_37' title="bbox 1784 2181 1893 2204; baseline -0.018 -5"><span class='ocrx_word' id='word_1_459' title='bbox 1784 2181 1816 2200; x_wconf 82' lang='lat' dir='ltr'>tcr</span> <span class='ocrx_word' id='word_1_460' title='bbox 1821 2184 1893 2204; x_wconf 79' lang='lat' dir='ltr'>supra-</span> 
     </span>
    </p>
   </div>
   <div class='ocr_carea' id='block_1_4' title="bbox 188 2210 1882 2264">
    <p class='ocr_par' dir='ltr' id='par_1_5' title="bbox 188 2210 1882 2264">
     <span class='ocr_line' id='line_1_38' title="bbox 188 2210 1882 2264; baseline -0.008 -8"><span class='ocrx_word' id='word_1_461' title='bbox 188 2223 293 2264; x_wconf 81' lang='lat' dir='ltr'>soci03</span> <span class='ocrx_word' id='word_1_462' title='bbox 312 2222 395 2254; x_wconf 87' lang='lat' dir='ltr'>illud</span> <span class='ocrx_word' id='word_1_463' title='bbox 409 2220 544 2254; x_wconf 89' lang='lat' dir='ltr'>Joannis</span> <span class='ocrx_word' id='word_1_464' title='bbox 557 2219 779 2263; x_wconf 86' lang='lat' dir='ltr'>Chrysostomi</span> <span class='ocrx_word' id='word_1_465' title='bbox 793 2218 945 2262; x_wconf 88' lang='lat' dir='ltr'>superius</span> <span class='ocrx_word' id='word_1_466' title='bbox 960 2217 1101 2261; x_wconf 87' lang='lat' dir='ltr'>positum</span> <span class='ocrx_word' id='word_1_467' title='bbox 1128 2227 1193 2248; x_wconf 91' lang='lat' dir='ltr'>non</span> <span class='ocrx_word' id='word_1_468' title='bbox 1209 2218 1255 2247; x_wconf 76' lang='lat' dir='ltr'>cst</span> <span class='ocrx_word' id='word_1_469' title='bbox 1270 2215 1315 2247; x_wconf 78' lang='lat' dir='ltr'>ita</span> <span class='ocrx_word' id='word_1_470' title='bbox 1337 2213 1588 2256; x_wconf 84' lang='lat' dir='ltr'>intelligendum</span> <span class='ocrx_word' id='word_1_471' title='bbox 1601 2239 1609 2255; x_wconf 87' lang='lat'>‚</span> <span class='ocrx_word' id='word_1_472' title='bbox 1627 2217 1663 2246; x_wconf 91' lang='lat' dir='ltr'>ut</span> <span class='ocrx_word' id='word_1_473' title='bbox 1677 2213 1770 2245; x_wconf 84' lang='lat' dir='ltr'>liceat</span> <span class='ocrx_word' id='word_1_474' title='bbox 1794 2210 1882 2261; x_wconf 48' lang='lat' dir='ltr'>dlffifgffi</span> 
     </span>
    </p>
   </div>
   <div class='ocr_carea' id='block_1_5' title="bbox 188 2269 1889 2322">
    <p class='ocr_par' dir='ltr' id='par_1_6' title="bbox 188 2269 1889 2322">
     <span class='ocr_line' id='line_1_39' title="bbox 188 2269 1889 2322; baseline -0.008 -9"><span class='ocrx_word' id='word_1_475' title='bbox 188 2280 307 2321; x_wconf 85' lang='lat' dir='ltr'>alicui,</span> <span class='ocrx_word' id='word_1_476' title='bbox 324 2280 350 2312; x_wconf 87' lang='lat' dir='ltr'>si</span> <span class='ocrx_word' id='word_1_477' title='bbox 367 2283 494 2322; x_wconf 90' lang='lat' dir='ltr'>tempus</span> <span class='ocrx_word' id='word_1_478' title='bbox 507 2277 646 2310; x_wconf 84' lang='lat' dir='ltr'>habebat</span> <span class='ocrx_word' id='word_1_479' title='bbox 659 2303 666 2318; x_wconf 89' lang='lat'>,</span> <span class='ocrx_word' id='word_1_480' title='bbox 681 2275 836 2309; x_wconf 85' lang='lat' dir='ltr'>sacerdoti</span> <span class='ocrx_word' id='word_1_481' title='bbox 853 2286 918 2307; x_wconf 85' lang='lat' dir='ltr'>non</span> <span class='ocrx_word' id='word_1_482' title='bbox 938 2274 1106 2314; x_wconf 81' lang='lat' dir='ltr'>confiteri3</span> <span class='ocrx_word' id='word_1_483' title='bbox 1125 2273 1178 2304; x_wconf 91' lang='lat' dir='ltr'>sed</span> <span class='ocrx_word' id='word_1_484' title='bbox 1203 2271 1282 2316; x_wconf 89' lang='lat' dir='ltr'>quia</span> <span class='ocrx_word' id='word_1_485' title='bbox 1301 2270 1434 2311; x_wconf 85' lang='lat' dir='ltr'>sufficit,</span> <span class='ocrx_word' id='word_1_486' title='bbox 1453 2270 1508 2302; x_wconf 92' lang='lat' dir='ltr'>ubi</span> <span class='ocrx_word' id='word_1_487' title='bbox 1525 2270 1647 2303; x_wconf 90' lang='lat' dir='ltr'>crimen</span> <span class='ocrx_word' id='word_1_488' title='bbox 1664 2269 1771 2303; x_wconf 89' lang='lat' dir='ltr'>occul·</span> <span class='ocrx_word' id='word_1_489' title='bbox 1787 2273 1840 2291; x_wconf 50' lang='grc' dir='ltr'>(ὡς</span> <span class='ocrx_word' id='word_1_490' title='bbox 1860 2271 1889 2290; x_wconf 73' lang='lat' dir='ltr'>m-</span> 
     </span>
    </p>
   </div>
   <div class='ocr_carea' id='block_1_6' title="bbox 189 2301 1893 2440">
    <p class='ocr_par' dir='ltr' id='par_1_7' title="bbox 189 2301 1893 2440">
     <span class='ocr_line' id='line_1_40' title="bbox 1790 2301 1886 2320; baseline -0.01 0"><span class='ocrx_word' id='word_1_491' title='bbox 1790 2304 1810 2320; x_wconf 70' lang='lat' dir='ltr'>tt‘</span> <span class='ocrx_word' id='word_1_492' title='bbox 1822 2301 1834 2320; x_wconf 85' lang='lat' dir='ltr'>l&#39;</span> <span class='ocrx_word' id='word_1_493' title='bbox 1879 2311 1886 2314; x_wconf 89' lang='lat'><em>-</em></span> 
     </span>
     <span class='ocr_line' id='line_1_41' title="bbox 191 2301 1878 2383; baseline -0.007 -13"><span class='ocrx_word' id='word_1_494' title='bbox 191 2343 258 2370; x_wconf 85' lang='lat' dir='ltr'>tum</span> <span class='ocrx_word' id='word_1_495' title='bbox 276 2341 324 2369; x_wconf 84' lang='lat' dir='ltr'>cst</span> <span class='ocrx_word' id='word_1_496' title='bbox 337 2362 345 2378; x_wconf 90' lang='lat'>,</span> <span class='ocrx_word' id='word_1_497' title='bbox 361 2336 422 2369; x_wconf 90' lang='lat' dir='ltr'>soli</span> <span class='ocrx_word' id='word_1_498' title='bbox 438 2335 504 2367; x_wconf 92' lang='lat' dir='ltr'>Deo</span> <span class='ocrx_word' id='word_1_499' title='bbox 519 2345 576 2378; x_wconf 84' lang='lat' dir='ltr'>per</span> <span class='ocrx_word' id='word_1_500' title='bbox 590 2334 786 2375; x_wconf 83' lang='lat' dir='ltr'>sacerdotem</span> <span class='ocrx_word' id='word_1_501' title='bbox 803 2334 907 2366; x_wconf 84' lang='lat' dir='ltr'>dicere</span> <span class='ocrx_word' id='word_1_502' title='bbox 919 2359 927 2374; x_wconf 80' lang='lat'><em>,</em></span> <span class='ocrx_word' id='word_1_503' title='bbox 945 2336 975 2364; x_wconf 89' lang='lat' dir='ltr'>et</span> <span class='ocrx_word' id='word_1_504' title='bbox 993 2330 1103 2363; x_wconf 85' lang='lat' dir='ltr'>semel.</span> <span class='ocrx_word' id='word_1_505' title='bbox 1121 2329 1185 2362; x_wconf 86' lang='lat' dir='ltr'>Nec</span> <span class='ocrx_word' id='word_1_506' title='bbox 1205 2332 1331 2372; x_wconf 88' lang='lat' dir='ltr'>oportet</span> <span class='ocrx_word' id='word_1_507' title='bbox 1355 2327 1515 2371; x_wconf 83' lang='lat' dir='ltr'>publicari</span> <span class='ocrx_word' id='word_1_508' title='bbox 1536 2338 1644 2360; x_wconf 88' lang='lat' dir='ltr'>coram</span> <span class='ocrx_word' id='word_1_509' title='bbox 1659 2327 1772 2360; x_wconf 88' lang='lat' dir='ltr'>multis</span> <span class='ocrx_word' id='word_1_510' title='bbox 1786 2301 1878 2383; x_wconf 40' lang='lat' dir='ltr'>duffii?</span> 
     </span>
     <span class='ocr_line' id='line_1_42' title="bbox 189 2368 1893 2440; baseline -0.007 -12"><span class='ocrx_word' id='word_1_511' title='bbox 189 2395 280 2440; x_wconf 85' lang='lat' dir='ltr'>quod</span> <span class='ocrx_word' id='word_1_512' title='bbox 299 2394 463 2427; x_wconf 89' lang='lat' dir='ltr'>occultum</span> <span class='ocrx_word' id='word_1_513' title='bbox 487 2396 546 2424; x_wconf 84' lang='lat' dir='ltr'>est.</span> <span class='ocrx_word' id='word_1_514' title='bbox 572 2391 666 2430; x_wconf 86' lang='lat' dir='ltr'>Quod</span> <span class='ocrx_word' id='word_1_515' title='bbox 689 2391 815 2423; x_wconf 85' lang='lat' dir='ltr'>notavit</span> <span class='ocrx_word' id='word_1_516' title='bbox 830 2391 939 2423; x_wconf 88' lang='lat' dir='ltr'>dicens</span> <span class='ocrx_word' id='word_1_517' title='bbox 953 2388 962 2404; x_wconf 88' lang='lat'>⁷</span> <span class='ocrx_word' id='word_1_518' title='bbox 984 2401 991 2420; x_wconf 71' lang='grc' dir='ltr'>ε</span> <span class='ocrx_word' id='word_1_519' title='bbox 1011 2401 1027 2419; x_wconf 85' lang='grc'>«</span> <span class='ocrx_word' id='word_1_520' title='bbox 1049 2387 1121 2420; x_wconf 89' lang='lat' dir='ltr'>Non</span> <span class='ocrx_word' id='word_1_521' title='bbox 1138 2386 1195 2419; x_wconf 81' lang='lat' dir='ltr'>tibi</span> <span class='ocrx_word' id='word_1_522' title='bbox 1210 2385 1281 2418; x_wconf 87' lang='lat' dir='ltr'>dico</span> <span class='ocrx_word' id='word_1_523' title='bbox 1297 2389 1334 2417; x_wconf 90' lang='lat' dir='ltr'>ut</span> <span class='ocrx_word' id='word_1_524' title='bbox 1354 2388 1383 2417; x_wconf 88' lang='lat' dir='ltr'>te</span> <span class='ocrx_word' id='word_1_525' title='bbox 1398 2384 1514 2428; x_wconf 85' lang='lat' dir='ltr'>prodas</span> <span class='ocrx_word' id='word_1_526' title='bbox 1539 2384 1573 2416; x_wconf 90' lang='lat' dir='ltr'>in</span> <span class='ocrx_word' id='word_1_527' title='bbox 1589 2383 1769 2427; x_wconf 85' lang='lat' dir='ltr'>publicum.</span> <span class='ocrx_word' id='word_1_528' title='bbox 1787 2368 1893 2420; x_wconf 49' lang='grc' dir='ltr'>ρτᾎῖεῆιοῗ</span> 
     </span>
    </p>
   </div>
   <div class='ocr_carea' id='block_1_7' title="bbox 1787 2423 1891 2449">
    <p class='ocr_par' dir='ltr' id='par_1_8' title="bbox 1787 2423 1891 2449">
     <span class='ocr_line' id='line_1_43' title="bbox 1787 2423 1891 2449; baseline -0.01 -5"><span class='ocrx_word' id='word_1_529' title='bbox 1787 2424 1820 2444; x_wconf 81' lang='lat' dir='ltr'>uis</span> <span class='ocrx_word' id='word_1_530' title='bbox 1844 2423 1891 2449; x_wconf 80' lang='lat' dir='ltr'>opi-</span> 
     </span>
    </p>
   </div>
   <div class='ocr_carea' id='block_1_8' title="bbox 191 2440 1875 2493">
    <p class='ocr_par' dir='ltr' id='par_1_9' title="bbox 191 2440 1875 2493">
     <span class='ocr_line' id='line_1_44' title="bbox 191 2440 1875 2493; baseline -0.007 -8"><span class='ocrx_word' id='word_1_531' title='bbox 191 2452 284 2485; x_wconf 87' lang='lat' dir='ltr'>Sicut</span> <span class='ocrx_word' id='word_1_532' title='bbox 309 2451 397 2484; x_wconf 90' lang='lat' dir='ltr'>enim</span> <span class='ocrx_word' id='word_1_533' title='bbox 420 2449 550 2493; x_wconf 86' lang='lat' dir='ltr'>publica</span> <span class='ocrx_word' id='word_1_534' title='bbox 572 2459 657 2481; x_wconf 80' lang='lat' dir='ltr'>noxa</span> <span class='ocrx_word' id='word_1_535' title='bbox 678 2447 808 2491; x_wconf 90' lang='lat' dir='ltr'>publico</span> <span class='ocrx_word' id='word_1_536' title='bbox 825 2451 896 2489; x_wconf 76' lang='lat' dir='ltr'>eget</span> <span class='ocrx_word' id='word_1_537' title='bbox 921 2445 1082 2485; x_wconf 83' lang='lat' dir='ltr'>1·cmedi0;</span> <span class='ocrx_word' id='word_1_538' title='bbox 1100 2444 1144 2476; x_wconf 87' lang='lat' dir='ltr'>ita</span> <span class='ocrx_word' id='word_1_539' title='bbox 1158 2447 1189 2476; x_wconf 88' lang='lat' dir='ltr'>et</span> <span class='ocrx_word' id='word_1_540' title='bbox 1205 2442 1350 2482; x_wconf 84' lang='lat' dir='ltr'>occulta,</span> <span class='ocrx_word' id='word_1_541' title='bbox 1367 2445 1488 2473; x_wconf 87' lang='lat' dir='ltr'>secreta</span> <span class='ocrx_word' id='word_1_542' title='bbox 1508 2440 1727 2482; x_wconf 84' lang='lat' dir='ltr'>confessione,</span> <span class='ocrx_word' id='word_1_543' title='bbox 1743 2444 1775 2474; x_wconf 85' lang='lat' dir='ltr'>et</span> <span class='ocrx_word' id='word_1_544' title='bbox 1806 2453 1875 2474; x_wconf 60' lang='lat' dir='ltr'>„iunia</span> 
     </span>
    </p>
   </div>
   <div class='ocr_carea' id='block_1_9' title="bbox 190 2528 1775 2641">
    <p class='ocr_par' dir='ltr' id='par_1_10' title="bbox 190 2528 1775 2641">
     <span class='ocr_line' id='line_1_45' title="bbox 225 2528 1775 2569; baseline -0.005 -11"><span class='ocrx_word' id='word_1_545' title='bbox 225 2542 233 2558; x_wconf 77' lang='lat' dir='ltr'>i</span> <span class='ocrx_word' id='word_1_546' title='bbox 249 2541 283 2564; x_wconf 66' lang='lat' dir='ltr'>De</span> <span class='ocrx_word' id='word_1_547' title='bbox 297 2547 347 2564; x_wconf 56' lang='lat' dir='ltr'>ver,</span> <span class='ocrx_word' id='word_1_548' title='bbox 362 2541 384 2563; x_wconf 78' lang='lat' dir='ltr'>et</span> <span class='ocrx_word' id='word_1_549' title='bbox 399 2538 460 2569; x_wconf 74' lang='lat' dir='ltr'>sals.</span> <span class='ocrx_word' id='word_1_550' title='bbox 477 2538 572 2566; x_wconf 61' lang='lat' dir='ltr'>mmm„</span> <span class='ocrx_word' id='word_1_551' title='bbox 591 2543 613 2560; x_wconf 85' lang='lat' dir='ltr'>c.</span> <span class='ocrx_word' id='word_1_552' title='bbox 630 2542 665 2563; x_wconf 71' lang='lat' dir='ltr'>xi,</span> <span class='ocrx_word' id='word_1_553' title='bbox 684 2543 709 2559; x_wconf 86' lang='lat' dir='ltr'>n.</span> <span class='ocrx_word' id='word_1_554' title='bbox 727 2537 763 2559; x_wconf 74' lang='lat'>26.</span> <span class='ocrx_word' id='word_1_555' title='bbox 776 2549 805 2553; x_wconf 98' lang='lat'><strong>—</strong></span> <span class='ocrx_word' id='word_1_556' title='bbox 823 2538 829 2549; x_wconf 63' lang='lat'>²</span> <span class='ocrx_word' id='word_1_557' title='bbox 844 2535 942 2565; x_wconf 64' lang='lat' dir='ltr'>Mum„</span> <span class='ocrx_word' id='word_1_558' title='bbox 956 2540 991 2563; x_wconf 74' lang='lat' dir='ltr'>tx,</span> <span class='ocrx_word' id='word_1_559' title='bbox 1011 2536 1038 2557; x_wconf 59' lang='grc' dir='ltr'>εἰ]</span> <span class='ocrx_word' id='word_1_560' title='bbox 1057 2535 1082 2556; x_wconf 77' lang='lat' dir='ltr'>ct</span> <span class='ocrx_word' id='word_1_561' title='bbox 1102 2539 1164 2563; x_wconf 71' lang='lat' dir='ltr'>seq.;</span> <span class='ocrx_word' id='word_1_562' title='bbox 1183 2532 1270 2559; x_wconf 60' lang='lat' dir='ltr'>Mart„</span> <span class='ocrx_word' id='word_1_563' title='bbox 1286 2536 1309 2558; x_wconf 82' lang='lat' dir='ltr'>v⁷</span> <span class='ocrx_word' id='word_1_564' title='bbox 1328 2531 1375 2559; x_wconf 82' lang='lat'>37;</span> <span class='ocrx_word' id='word_1_565' title='bbox 1394 2530 1427 2552; x_wconf 71' lang='lat' dir='ltr'>[Je</span> <span class='ocrx_word' id='word_1_566' title='bbox 1442 2529 1540 2558; x_wconf 57' lang='lat' dir='ltr'>Premit„</span> <span class='ocrx_word' id='word_1_567' title='bbox 1554 2528 1611 2552; x_wconf 81' lang='lat' dir='ltr'>dist.</span> <span class='ocrx_word' id='word_1_568' title='bbox 1628 2535 1644 2558; x_wconf 84' lang='lat'>1,</span> <span class='ocrx_word' id='word_1_569' title='bbox 1662 2536 1684 2552; x_wconf 89' lang='lat' dir='ltr'>c.</span> <span class='ocrx_word' id='word_1_570' title='bbox 1701 2530 1775 2558; x_wconf 76' lang='lat' dir='ltr'>Quem</span> 
     </span>
     <span class='ocr_line' id='line_1_46' title="bbox 190 2564 1775 2607; baseline -0.009 -8"><span class='ocrx_word' id='word_1_571' title='bbox 190 2577 298 2607; x_wconf 67' lang='lat' dir='ltr'>poenitet.</span> <span class='ocrx_word' id='word_1_572' title='bbox 321 2589 346 2593; x_wconf 89' lang='lat'>—</span> <span class='ocrx_word' id='word_1_573' title='bbox 370 2575 377 2588; x_wconf 73' lang='lat'>⁵</span> <span class='ocrx_word' id='word_1_574' title='bbox 392 2574 460 2601; x_wconf 40' lang='lat' dir='ltr'>Luci,</span> <span class='ocrx_word' id='word_1_575' title='bbox 477 2579 521 2601; x_wconf 77' lang='lat' dir='ltr'>vu,</span> <span class='ocrx_word' id='word_1_576' title='bbox 546 2575 581 2596; x_wconf 81' lang='lat'>11.</span> <span class='ocrx_word' id='word_1_577' title='bbox 605 2585 635 2589; x_wconf 93' lang='lat'><strong>—</strong></span> <span class='ocrx_word' id='word_1_578' title='bbox 649 2572 659 2586; x_wconf 68' lang='lat'>¹0</span> <span class='ocrx_word' id='word_1_579' title='bbox 672 2573 754 2600; x_wconf 56' lang='lat' dir='ltr'>doun„</span> <span class='ocrx_word' id='word_1_580' title='bbox 770 2577 805 2601; x_wconf 74' lang='lat' dir='ltr'>xi,</span> <span class='ocrx_word' id='word_1_581' title='bbox 821 2572 859 2594; x_wconf 73' lang='lat'>3³.</span> <span class='ocrx_word' id='word_1_582' title='bbox 877 2583 906 2588; x_wconf 89' lang='lat'>—</span> <span class='ocrx_word' id='word_1_583' title='bbox 920 2570 930 2586; x_wconf 77' lang='lat'>⁵</span> <span class='ocrx_word' id='word_1_584' title='bbox 945 2570 980 2593; x_wconf 78' lang='lat' dir='ltr'>De</span> <span class='ocrx_word' id='word_1_585' title='bbox 998 2576 1047 2592; x_wconf 73' lang='lat' dir='ltr'>ver.</span> <span class='ocrx_word' id='word_1_586' title='bbox 1063 2569 1085 2591; x_wconf 76' lang='lat' dir='ltr'>c!</span> <span class='ocrx_word' id='word_1_587' title='bbox 1103 2568 1164 2597; x_wconf 71' lang='lat' dir='ltr'>suls-</span> <span class='ocrx_word' id='word_1_588' title='bbox 1180 2566 1276 2593; x_wconf 70' lang='lat' dir='ltr'>Poenit„</span> <span class='ocrx_word' id='word_1_589' title='bbox 1293 2572 1315 2588; x_wconf 83' lang='lat' dir='ltr'>c.</span> <span class='ocrx_word' id='word_1_590' title='bbox 1331 2570 1378 2593; x_wconf 76' lang='grc' dir='ltr'>ΧΗ,</span> <span class='ocrx_word' id='word_1_591' title='bbox 1394 2570 1419 2587; x_wconf 86' lang='lat' dir='ltr'>n.</span> <span class='ocrx_word' id='word_1_592' title='bbox 1437 2565 1475 2586; x_wconf 82' lang='lat'>27.</span> <span class='ocrx_word' id='word_1_593' title='bbox 1493 2576 1521 2580; x_wconf 98' lang='lat'><strong>—</strong></span> <span class='ocrx_word' id='word_1_594' title='bbox 1538 2564 1546 2577; x_wconf 78' lang='lat'>⁰</span> <span class='ocrx_word' id='word_1_595' title='bbox 1565 2564 1636 2593; x_wconf 59' lang='lat' dir='ltr'>Beth,</span> <span class='ocrx_word' id='word_1_596' title='bbox 1652 2564 1677 2585; x_wconf 78' lang='lat' dir='ltr'>in</span> <span class='ocrx_word' id='word_1_597' title='bbox 1693 2564 1775 2593; x_wconf 69' lang='lat' dir='ltr'>Epist.</span> 
     </span>
     <span class='ocr_line' id='line_1_47' title="bbox 191 2599 1334 2641; baseline -0.01 -6"><span class='ocrx_word' id='word_1_598' title='bbox 191 2612 251 2638; x_wconf 69' lang='lat' dir='ltr'>Jac„</span> <span class='ocrx_word' id='word_1_599' title='bbox 269 2617 292 2641; x_wconf 88' lang='grc' dir='ltr'>ν,</span> <span class='ocrx_word' id='word_1_600' title='bbox 309 2612 344 2634; x_wconf 74' lang='grc'>16.</span> <span class='ocrx_word' id='word_1_601' title='bbox 356 2622 385 2628; x_wconf 83' lang='lat'>--</span> <span class='ocrx_word' id='word_1_602' title='bbox 397 2609 405 2624; x_wconf 97' lang='lat'><em>⁷</em></span> <span class='ocrx_word' id='word_1_603' title='bbox 421 2608 541 2636; x_wconf 71' lang='lat' dir='ltr'>liabetur,</span> <span class='ocrx_word' id='word_1_604' title='bbox 555 2607 585 2630; x_wconf 84' lang='lat' dir='ltr'>de</span> <span class='ocrx_word' id='word_1_605' title='bbox 600 2607 698 2635; x_wconf 52' lang='lat' dir='ltr'>Penni„</span> <span class='ocrx_word' id='word_1_606' title='bbox 716 2605 772 2629; x_wconf 72' lang='lat' dir='ltr'>dist.</span> <span class='ocrx_word' id='word_1_607' title='bbox 791 2611 809 2635; x_wconf 86' lang='lat'>1,</span> <span class='ocrx_word' id='word_1_608' title='bbox 823 2613 846 2629; x_wconf 84' lang='lat' dir='ltr'>c.</span> <span class='ocrx_word' id='word_1_609' title='bbox 860 2606 915 2628; x_wconf 70' lang='lat' dir='ltr'>,lum</span> <span class='ocrx_word' id='word_1_610' title='bbox 930 2603 1070 2632; x_wconf 51' lang='lat' dir='ltr'>secundam!</span> <span class='ocrx_word' id='word_1_611' title='bbox 1082 2605 1106 2626; x_wconf 91' lang='lat' dir='ltr'>et</span> <span class='ocrx_word' id='word_1_612' title='bbox 1121 2603 1182 2631; x_wconf 79' lang='lat' dir='ltr'>Quia</span> <span class='ocrx_word' id='word_1_613' title='bbox 1194 2599 1334 2630; x_wconf 72' lang='lat' dir='ltr'>aliquando.</span> 
     </span>
    </p>
   </div>
  </div>
 </body>
</html>
