2017 2948
592 164 685 194 DIST,
709 163 759 194 XI.
784 164 896 194 PART.
922 164 959 194 ll.
982 164 1071 195 ART.
1095 165 1133 194 ll.
1157 164 1303 201 QihEST.
1326 168 1348 197 Ι.

176 230 263 260 luna.
294 229 382 261 Unde
405 239 470 260 non
493 230 667 270 praevenit,
693 230 772 260 sicut
795 239 942 270 expresse

178 285 240 314 tres
254 283 459 323 evangelistae
473 283 676 320 concordant,
692 292 749 314 nec
765 284 942 322 praevenire

177 336 294 367 debuit.
316 337 348 367 Si
367 337 453 367 enim
474 336 674 367 manducatio
694 337 772 375 agni
787 337 883 376 typici
899 339 944 367 est

178 390 285 428 figura
301 389 550 420 manducationis
564 389 641 427 agni
657 389 743 425 veri,
768 389 941 419 manduca-

178 443 221 472 tio
234 442 312 481 agni
325 442 392 472 veri
405 442 511 472 debuit
523 441 610 471 illam
625 442 724 480 sequi,
742 450 805 471 non
819 442 941 481 praeire.

179 493 286 531 Unde,
309 494 383 534 quia
399 494 432 524 in
451 493 527 524 luna
549 495 662 533 quarta
683 493 805 524 decima
830 494 945 533 pascha

178 547 266 585 fecit,
283 547 409 586 quando
424 549 547 577 tantum
563 547 807 577 comedebantur
821 556 942 587 azyma,

180 601 263 639 patet
277 599 362 639 quod
377 600 410 629 in
425 608 536 639 azymo
552 599 731 629 confecerit.

220 655 248 682 1.
274 652 323 682 Ad
346 651 423 682 illud
441 652 525 692 quod
544 652 702 692 objicitur,
723 651 806 691 quod
821 660 944 691 praeve·

179 705 243 742 nit,
260 705 336 745 quia
350 706 520 736 crucifixus
535 708 579 736 est
593 707 706 744 quarta
721 704 842 735 decima
857 705 943 742 luna,

180 759 369 798 respondent
391 759 538 799 quidam,
563 758 647 798 quod
668 758 745 788 luna
766 760 879 797 quarta
893 758 945 788 de-

180 811 261 842 cima
282 814 328 842 est
349 813 538 850 crucifixus,
564 812 637 851 quia
657 811 868 842 solemnitates
887 811 945 841 du-

180 866 251 894 rant
266 864 303 904 (a)
328 874 346 895 a
365 874 434 895 sero
456 874 556 904 usque
577 864 616 895 ad
635 864 720 894 allud
745 872 836 894 sero:
863 863 947 894 unde

181 917 284 956 primo
299 926 368 948 sero
390 917 523 948 comedit
540 926 682 956 agnum,
705 918 753 954 et,
778 918 947 956 antequam

182 971 304 1001 veniret
318 971 471 1007 alterum,
495 979 564 1001 sero
579 972 626 1000 est
644 970 827 1000 crucifixus.
848 969 948 999 Aliter

182 1023 295 1053 dicitur
310 1026 339 1054 et
352 1024 484 1061 melius,
502 1023 587 1062 qnod
602 1023 704 1062 passio
719 1023 787 1061 eius
802 1022 948 1052 inchoata

182 1078 227 1105 est
242 1077 346 1106 statim
360 1078 429 1115 post
443 1085 566 1106 coenam
576 1099 583 1113 ,
601 1075 674 1114 quia
689 1075 748 1105 fuit
763 1075 796 1104 in
812 1074 944 1113 agonia,

181 1130 210 1158 et
223 1128 281 1158 fuit
294 1128 541 1168 comprehensus
553 1151 560 1164 ,
577 1130 634 1157 etc.
651 1136 658 1157 ε
675 1127 758 1157 unde
773 1127 890 1166 optime
902 1128 949 1157 est

180 1180 318 1218 factum,
341 1180 425 1220 quod
447 1181 524 1219 agni
546 1181 713 1218 comestio,
730 1181 761 1210 et
776 1180 873 1219 ipsius
888 1180 949 1210 im-

182 1232 308 1263 molatio
330 1234 409 1263 facta
429 1236 475 1264 est
493 1235 605 1272 quarta
625 1233 746 1263 decima
764 1233 840 1263 luna
852 1257 860 1271 ‚
885 1241 949 1264 non

180 1286 256 1324 quia
271 1288 490 1316 consummata
503 1309 509 1321 ,
526 1286 579 1315 sed
594 1285 750 1315 inchoata.

221 1340 249 1368 9..
270 1338 317 1369 Ad
334 1339 409 1369 illud
429 1338 512 1378 quod
535 1338 692 1377 objicitur,
719 1338 803 1378 quod
817 1346 881 1370 ηοη
896 1339 949 1370 in-

181 1392 336 1423 troierunt
359 1392 543 1431 proecoriwn
554 1414 563 1428 ,
597 1395 631 1423 uc
660 1400 723 1423 ηοη
747 1392 949 1423 contamina-

180 1437 300 1481 rentur,
317 1445 483 1475 dicendum
500 1445 584 1484 quod
599 1444 715 1484 pascha
729 1445 831 1475 tribus
848 1445 948 1475 modis

180 1498 331 1537 accipitur
346 1509 352 1527 :
374 1506 438 1527 nno
453 1497 547 1527 modo
559 1521 566 1534 ,
585 1497 699 1536 pascha
714 1498 802 1527 cibus
817 1498 946 1537 pascha-

180 1551 218 1580 lis
238 1551 362 1588 dicitur,
383 1554 418 1581 ut
439 1560 549 1590 azyma
569 1559 641 1590 quae
661 1560 716 1590 per
740 1553 859 1590 septem
883 1551 949 1581 dies

181 1604 424 1634 comedebantur
437 1604 472 1643 (b)
496 1613 515 1634 a
532 1603 660 1634 Judaeis.
683 1603 753 1634 Alio
769 1604 861 1633 modo
877 1612 947 1642 pas-

180 1656 238 1687 cha
259 1657 373 1687 dicitur
394 1666 499 1696 agnus
523 1657 721 1696 paschalis⁵2
746 1656 783 1686 In
805 1664 869 1695 qua
891 1664 946 1687 ne-

180 1717 262 1741 cesse
284 1713 351 1742 erat
373 1710 478 1742 occidi
493 1710 625 1749 pascha,
640 1708 745 1739 Tertio
762 1709 854 1739 modo
869 1709 947 1739 dici-

181 1765 232 1793 tur
248 1763 362 1802 pascha
381 1772 485 1802 agnus
507 1762 621 1793 verus²
637 1772 644 1792 ε
668 1761 792 1793 Pascha
806 1764 948 1793 nostrum

182 1817 361 1848 immolatus
376 1820 422 1848 est
439 1817 595 1848 Clu-istus.
616 1815 654 1846 Et
668 1816 772 1855 primo
787 1815 880 1846 modo
895 1825 946 1846 ac-

181 1870 296 1909 cipitur
311 1872 343 1900 in
357 1870 488 1901 Joanne.

222 1924 249 1953 3.
273 1923 321 1953 Ad
342 1922 419 1953 illud
443 1922 527 1962 quod
549 1921 697 1961 objicitur
721 1921 758 1951 de
778 1921 827 1951 die
849 1922 946 1959 festo,

180 1975 347 2006 dicendum
362 1976 445 2015 quod
460 1975 505 2005 illi
521 1976 640 2014 septem
655 1973 722 2004 dies
735 1983 846 2004 omnes
858 1976 947 2004 erant

180 2028 245 2059 dies
260 2028 327 2059 festi
338 2038 347 2067 3
373 2029 425 2058 sed
441 2028 562 2068 primus
577 2028 643 2057 erat
658 2036 713 2066 per
728 2027 947 2057 excellentiam

180 2082 277 2112 festus
292 2081 357 2112 dies
369 2105 376 2118 ,
393 2081 444 2111 hic
458 2083 505 2111 est
518 2080 620 2120 quint.
637 2080 749 2110 decim.
761 2103 770 2117 ‚
787 2082 818 2109 et
831 2080 863 2119 (c)
879 2089 948 2110 am-

180 2134 263 2174 plius
273 2134 383 2174 maj0ri
395 2133 578 2164 excellentia
592 2133 770 2170 sabbatum,
784 2133 869 2172 qnod
880 2135 947 2163 erat

181 2187 263 2217 inter
277 2187 345 2217 illos
360 2187 424 2218 dies
440 2187 532 2217 festos
545 2210 551 2225 ‚
570 2187 602 2216 in
617 2195 681 2226 quo
696 2186 777 2216 nihil
792 2186 949 2216 debebant

181 2250 302 2280 parare,
316 2243 386 2271 tum
398 2243 525 2281 propter
539 2249 629 2271 suam
642 2240 865 2277 celebritatem,
880 2243 948 2270 tum

181 2297 307 2333 propter
327 2303 449 2334 azyma.
480 2294 569 2332 Quod
593 2303 669 2333 ergo
693 2294 767 2324 dicit
792 2293 945 2331 Joannes,

181 2346 320 2386 loquitur
343 2347 381 2377 de
395 2346 444 2377 die
468 2347 582 2386 quinta
596 2346 716 2377 decima
729 2370 736 2384 ,
759 2349 831 2377 ante
851 2355 948 2385 quam

216 2429 220 2440 ¹
236 2427 301 2455 Luc„
314 2432 379 2456 xxll,
394 2427 417 2449 Ἰ.
428 2439 457 2443 --
473 2427 481 2441 ²
495 2428 499 2449 l
517 2428 573 2455 (Ὧν,
590 2432 612 2456 v,
629 2428 651 2450 ἶ.
665 2440 694 2443 -
709 2427 716 2439 ³
732 2426 818 2455 Arist„
833 2426 862 2449 (le
878 2426 949 2457 Cael„

183 2463 225 2486 lib.
245 2463 261 2492 l,
278 2464 344 2486 cont.
361 2464 399 2486 33.

1707 171 1760 200 501

996 232 1076 261 facta
1096 233 1142 261 est
1159 240 1257 262 coena.
1282 232 1371 270 Quod
1391 236 1497 265 autem
1518 236 1626 266 dicunt
1644 235 1762 274 Judaei,

997 284 1068 315 Non
1082 285 1117 315 in
1131 284 1183 315 die
1202 285 1280 323 festo
1290 309 1300 323 ,
1319 286 1562 325 intelligendum
1578 290 1625 318 est
1639 288 1677 319 de
1693 289 1763 318 sab-

997 337 1079 366 bato.
1097 332 1245 367 Similiter
1258 339 1341 377 quod
1357 339 1504 369 mulieres
1517 340 1691 379 quiescunt,
1706 341 1766 372 hoc

998 392 1044 420 est
1063 390 1102 419 ob
1127 392 1337 421 reverentiam
1356 393 1497 431 sabbati,
1522 402 1587 423 non
1606 394 1681 432 quia
1699 394 1764 433 pri-

999 452 1070 472 mus
1085 442 1167 480 dies,
1184 444 1260 483 quia
1273 444 1305 474 in
1320 445 1423 484 primo
1437 445 1487 476 die
1502 445 1621 485 aliquid
1638 455 1765 485 parare,

999 494 1053 525 sed
1069 495 1100 524 in
1115 496 1243 527 sabbato
1258 506 1370 536 parare
1384 497 1429 527 nil
1444 497 1567 528 licebat.

1039 550 1068 577 4.
1090 548 1137 578 Ad
1152 548 1229 579 illud
1245 550 1328 589 quod
1343 550 1500 590 objicitur,
1518 550 1602 590 quod
1618 550 1769 581 Dominus

999 609 1064 630 non
1079 600 1186 631 debuit
1201 602 1300 632 facere
1315 612 1372 633 nos
1390 603 1572 642 judaizare,
1599 603 1768 634 dicendum

1000 653 1085 692 quod
1100 652 1251 684 Dominus
1271 655 1308 685 de
1330 655 1402 694 lege
1416 665 1481 686 non
1495 656 1644 693 retinuit,
1662 655 1714 686 sed
1732 656 1770 686 de

1000 715 1083 736 novo
1099 706 1233 736 instituit
1246 718 1252 736 :
1271 708 1350 738 sicut
1364 711 1449 748 patet
1461 709 1498 739 de
1512 709 1677 748 baptismo,
1695 708 1770 748 quia

1001 758 1045 788 illi
1067 767 1152 798 aqua
1174 760 1401 799 lustrabantur,
1424 763 1455 791 et
1476 770 1533 791 nos
1551 770 1633 800 aqua
1654 760 1772 791 lustra-

1001 821 1075 842 mur
1089 823 1095 842 :
1112 813 1165 843 sed
1180 813 1230 844 hic
1241 814 1385 851 instituit,
1403 815 1478 854 quia
1490 817 1686 846 sacramento
1699 823 1771 845 con-

1001 865 1145 903 gruebat.

1043 919 1071 948 5.
1089 918 1136 948 Ad
1148 918 1226 949 illud
1239 920 1323 959 quod
1338 920 1494 959 quaeritur
1508 921 1546 951 de
1558 920 1772 951 controversia

1003 968 1184 1000 Graecorum
1206 973 1237 1001 et
1258 971 1461 1009 Latinorum,
1484 972 1651 1003 dicendum
1667 972 1750 1011 quod
1763 996 1771 1009 ‚

1002 1022 1084 1052 sicut
1098 1023 1171 1053 dicit
1187 1023 1248 1054 Leo
1267 1024 1352 1064 Papa
1364 1049 1371 1063 ,
1389 1025 1509 1065 antiqui
1526 1027 1629 1064 patres
1645 1027 1774 1064 propter

1001 1074 1184 1106 Judaeorum
1209 1077 1461 1116 institutionem,
1487 1080 1517 1109 et
1537 1078 1663 1118 quando
1685 1086 1774 1108 error

1002 1127 1054 1158 ille
1069 1127 1198 1167 vigebat
1213 1129 1250 1160 de
1265 1130 1361 1168 legali
1381 1130 1583 1160 observantia
1594 1154 1601 1168 ,
1624 1130 1774 1161 decreve-

1003 1182 1080 1210 runt
1095 1190 1134 1211 ex
1149 1182 1279 1212 consilio
1292 1182 1330 1221 (d)
1358 1182 1494 1222 Spiritus
1514 1183 1612 1213 sancti
1632 1191 1751 1213 cessare
1763 1207 1770 1220 ,

1004 1243 1170 1274 quousque
1183 1244 1272 1265 error
1285 1236 1337 1265 ille
1351 1237 1556 1274 minueretur,
1575 1236 1655 1266 sicut
1669 1236 1774 1266 decre-

1004 1290 1118 1317 verunt
1141 1288 1172 1317 in
1199 1287 1311 1319 Christi
1334 1289 1462 1319 nomine
1487 1290 1653 1329 baptizare.
1686 1288 1773 1319 Unde

1004 1339 1107 1369 omnis
1122 1339 1256 1370 Ecclesia
1271 1341 1373 1380 primo
1389 1341 1420 1371 in
1435 1342 1554 1381 azymis
1570 1341 1770 1379 conficiebat,

1004 1393 1205 1431 postmodnm
1220 1402 1259 1423 ex
1274 1394 1333 1424 hac
1348 1403 1442 1424 causa
1454 1395 1486 1424 in
1499 1394 1695 1425 fermentato.
1713 1394 1773 1425 Sed

1004 1446 1144 1475 cessante
1155 1447 1223 1484 Jam
1247 1446 1299 1476 illa
1314 1456 1427 1484 causa,
1446 1447 1538 1477 rediit
1548 1448 1617 1486 Jam
1632 1447 1774 1477 Romana

1005 1496 1142 1528 Ecclesia
1161 1498 1199 1528 ad
1221 1498 1317 1529 ritum
1337 1499 1526 1538 pristinum3
1551 1499 1650 1530 Graeci
1674 1509 1772 1537 vero,

1004 1552 1156 1589 tanquam
1175 1551 1322 1590 superbi,
1348 1552 1520 1582 noluerunt
1534 1552 1573 1582 ad
1593 1552 1691 1582 ritum
1708 1552 1772 1592 pri-

1004 1612 1092 1633 mum
1108 1603 1229 1640 1·eclire;
1255 1606 1285 1634 et
1308 1603 1377 1634 ideo
1392 1613 1432 1635 ex
1448 1604 1509 1635 hoc
1523 1605 1567 1635 ita
1588 1605 1685 1636 coacti
1699 1607 1774 1636 sunt

1004 1655 1169 1686 defendere
1180 1680 1189 1693 ,
1215 1656 1317 1696 primo
1333 1656 1470 1687 dicentes
1485 1666 1518 1687 se
1533 1657 1576 1688 ita
1595 1658 1750 1697 accepisse
1764 1669 1771 1695 ;

1004 1709 1142 1739 secundo
1156 1718 1232 1739 vero
1245 1732 1252 1747 ,
1269 1709 1345 1749 quia
1360 1709 1419 1740 hoc
1434 1718 1499 1740 non
1515 1710 1706 1748 sufficiebat,
1723 1711 1774 1741 ad-

1004 1761 1150 1791 diderunt
1173 1761 1328 1792 rationem
1341 1785 1348 1799 ,
1366 1764 1493 1802 propter
1508 1762 1567 1793 hoc
1579 1787 1586 1801 ‚
1611 1772 1650 1793 ne
1665 1763 1772 1802 judai-

1004 1815 1129 1852 zarent3
1164 1814 1254 1844 tertio
1266 1837 1275 1852 ,
1302 1815 1377 1854 quia
1402 1815 1462 1845 hoc
1487 1824 1552 1846 non
1577 1816 1772 1853 sufficiebat,

1004 1867 1029 1896 si
1043 1867 1195 1897 Dominus
1211 1867 1243 1897 in
1258 1868 1378 1907 azymis
1396 1868 1593 1906 confecisset,
1610 1868 1679 1899 ausi
1695 1870 1770 1899 sunt

1004 1920 1063 1950 hoc
1078 1920 1181 1951 dicere
1194 1944 1202 1958 ,
1225 1921 1309 1959 quod
1331 1920 1483 1951 Dominus
1504 1921 1635 1951 confecit
1655 1921 1693 1952 de
1711 1921 1775 1952 fer-

1004 1974 1155 2003 mentato.
1172 1973 1209 2004 Et
1222 1973 1297 2013 quia
1309 1973 1516 2012 evangelistae
1531 1974 1639 2004 dicunt
1652 1976 1774 2005 contra-

1003 2027 1088 2057 rium
1100 2050 1108 2064 ,
1134 2026 1202 2057 ausi
1221 2028 1295 2056 sunt
1310 2026 1430 2065 dicere,
1453 2027 1537 2067 quod
1556 2027 1669 2058 falsum
1684 2027 1771 2058 dixe-

1003 2082 1098 2116 runt,
1117 2081 1148 2109 et
1167 2088 1184 2109 a
1201 2079 1322 2110 Joanne
1337 2080 1471 2120 correpti
1488 2082 1574 2110 sunt.
1598 2080 1675 2111 Ecce
1690 2089 1772 2120 quo-

1004 2132 1097 2162 modo
1108 2132 1118 2149 ³
1131 2141 1220 2163 error
1235 2142 1352 2172 parvus
1367 2132 1400 2162 in
1414 2133 1578 2173 principio,
1595 2133 1716 2164 multus
1729 2135 1775 2164 est

1004 2185 1036 2214 in
1059 2185 1133 2215 fine.
1153 2184 1273 2216 Tamen
1292 2187 1356 2216 tam
1378 2186 1437 2226 ipsi
1461 2186 1651 2224 conficiunt,
1677 2195 1773 2226 quam

1004 2247 1061 2268 nos
1077 2249 1083 2269 ;
1106 2238 1166 2269 hoc
1180 2239 1265 2269 enim
1288 2248 1352 2269 non
1366 2241 1412 2270 est
1426 2239 1463 2270 de
1478 2239 1653 2270 substantia
1667 2248 1773 2269 sacra·

1005 2292 1123 2329 menti,
1140 2292 1194 2322 sed
1208 2292 1245 2323 de
1262 2293 1479 2332 congruentia.
1503 2292 1540 2323 Et
1555 2292 1616 2322 hoc
1631 2293 1714 2330 patet
1733 2300 1773 2322 ex

1005 2345 1194 2382 imitatione,
1212 2345 1262 2376 vel
1277 2345 1474 2377 institutione
1488 2346 1770 2376 sacramentorum.

1038 2426 1068 2455 (a)
1083 2425 1150 2448 ΕιΜ.
1166 2425 1220 2450 Veri.
1233 2426 1313 2449 durat.
1323 2440 1353 2443 —
1366 2425 1396 2455 (b)
1410 2426 1470 2450 (ΖΜ.
1482 2425 1540 2449 edil.
1551 2424 1774 2448 comedebatur.—

1008 2461 1035 2491 (ε)
1047 2461 1072 2484 ln
1085 2461 1144 2485 Coet.
1155 2460 1215 2484 edit.
1226 2468 1272 2484 non
1284 2461 1376 2492 [θρίων
1387 2463 1420 2485 et.
1432 2474 1462 2479 —
1473 2461 1506 2491 (cl)
1517 2461 1576 2484 Caet.
1586 2459 1645 2484 edit.
1657 2458 1771 2483 coneilio.
