2017 2948
95 2287 198 2307 Sacerdos

97 2319 195 2344 proprius

97 2413 137 2430 mr.

215 137 274 165 698
768 134 1077 165 SENTENTIARUM
1103 134 1175 165 LlB.
1203 135 1250 165 lV.

215 209 317 237 verso,
333 202 459 231 videtur
475 202 559 240 quod
575 201 680 231 omnis
693 201 803 237 fidelis,
822 201 916 231 etiam
929 209 982 231 no-

214 253 297 283 lente
309 254 436 292 proprio
451 254 620 291 sacerdote,
634 254 731 293 possit
746 263 819 284 cum
835 254 932 283 adire.

254 308 283 335 5.
300 305 388 342 item,
404 307 488 346 quod
502 306 571 336 talis
584 308 744 337 consessus
759 316 823 336 non
839 308 983 337 teneatur

215 358 267 388 illo
277 367 360 388 anno
370 359 507 398 amplius
520 360 673 395 confiteri,
687 360 811 389 videtur
823 369 830 389 ε
846 359 920 398 quia
930 368 982 389 na-

214 413 286 442 tura
304 411 383 441 nihil
406 412 478 442 facit
498 413 634 449 frustra,
652 421 708 441 nec
730 421 800 442 ars:
826 421 903 450 ergo
928 420 983 442 nec

213 465 326 503 gratia,
344 465 393 495 vel
410 465 522 504 regula
537 465 672 504 Spiritus
687 465 786 495 sancti
801 475 807 495 z
831 474 908 504 ergo
924 474 982 495 su-

216 517 373 556 perfluum
388 521 433 548 est
447 518 510 548 duo
526 518 667 547 remedia
686 518 829 557 ejusdem
846 517 981 557 speciei,

215 571 353 601 maxime
368 571 494 610 quando
505 570 642 601 alterum
663 573 708 601 cst
730 571 858 607 efficax,
875 573 983 600 contra

214 623 297 654 idem
312 623 449 654 ordinari
469 634 475 653 :
490 624 541 653 sed
558 624 720 653 consessus
740 626 786 653 est
807 623 835 653 ei
860 623 914 663 qui
929 632 982 653 su-

215 676 345 715 perioris
364 676 550 706 auctoritate
568 676 668 715 potuit
684 676 864 713 absolvere,
882 678 912 706 et
927 676 982 705 ab-

214 729 324 760 solvit:
341 738 420 767 ergo
434 730 570 769 amplius
595 738 659 759 uon
688 731 814 760 tenetur
839 729 982 759 confiteri

214 782 340 821 proprio
355 782 517 812 sacerdoti.

251 838 280 865 6.
298 835 386 873 ltem,
403 835 428 864 si
444 836 617 872 teneretur,
630 844 708 874 ergo
724 835 840 865 frustra
855 836 984 865 daretur

210 888 287 918 illud
302 888 520 927 prIVilegium,
538 889 604 919 sive
620 889 672 918 illa
687 889 867 926 auctoritas,
883 891 913 919 et
932 889 983 919 vi—

210 941 338 972 deretur
348 942 464 981 duplex
475 942 637 972 tribulatio
646 951 841 981 consurgere
853 945 983 972 :etcum

210 994 270 1024 hoc
285 1004 348 1025 non
374 995 413 1024 sit
427 1004 570 1034 aequuin,
583 1005 640 1025 nec
657 995 773 1033 injure
789 995 908 1031 divino,
927 1004 984 1024 nec

210 1048 325 1086 injure
341 1047 493 1085 humano,
510 1057 575 1077 non
594 1048 719 1078 videtur
733 1048 819 1087 quod
840 1050 984 1078 teneatur

210 1100 351 1130 confiteri
368 1100 496 1139 proprio
510 1101 675 1131 sacerdoti.

482 1209 706 1242 CONCLUSIO.

209 1298 373 1324 Parocht'am'
384 1299 460 1325 semel
477 1298 504 1323 in
517 1305 585 1324 anno
598 1300 720 1325 tenentur
729 1299 841 1332 proprio
853 1298 986 1325 sacerdoti

244 1345 380 1377 confiteri,
396 1345 420 1370 si
434 1345 488 1378 ipsi
504 1345 613 1378 arissam
623 1365 630 1376 ‚
647 1344 788 1371 dummodo
803 1352 856 1370 non
871 1344 985 1370 habeant

244 1396 351 1415 causam
366 1389 513 1422 leqz'tz‘mam
530 1390 620 1422 [psum
632 1388 794 1422 refugiendi.

251 1476 342 1515 Resp.
364 1476 403 1506 ad
421 1485 491 1515 arg.
514 1476 686 1506 Dicendum
707 1476 804 1515 quod,
826 1476 909 1506 sicut
928 1485 986 1506 su-

211 1533 285 1569 pra¹
301 1532 422 1559 tactum
449 1532 495 1559 est
520 1530 557 1559 de
579 1529 776 1559 confessione
800 1538 863 1559 non
881 1538 984 1559 sacra-

211 1582 352 1619 mentali,
369 1590 442 1620 quae
457 1581 587 1620 quidem
603 1582 638 1611 fit
653 1582 691 1611 ad
713 1582 829 1621 peccati
846 1582 987 1620 recogni-

211 1635 330 1666 tionem
345 1636 376 1664 et
392 1634 642 1664 erubescentiam
653 1657 662 1671 ,
681 1643 753 1664 cum
780 1643 844 1664 non
871 1637 987 1673 spectet

211 1687 250 1718 ad
264 1687 403 1726 aliquem
419 1686 642 1723 determinate,
660 1686 713 1717 sed
729 1687 768 1717 ad
784 1695 913 1717 omnem
930 1687 986 1726 qui

213 1739 359 1779 prodesse
377 1741 489 1778 potest,
507 1739 575 1769 sine
589 1739 715 1769 licentia
730 1741 760 1769 et
772 1739 924 1769 mandato
936 1748 988 1778 po-

213 1796 271 1824 test
281 1795 436 1833 peccator,
453 1793 503 1824 cui
520 1793 601 1831 vult,
619 1793 657 1823 ad
672 1793 802 1824 libitum
818 1793 961 1824 confiteri
977 1804 983 1823 :

213 1847 291 1877 dum
303 1848 410 1876 tamen
424 1846 466 1876 sit
483 1846 520 1876 de
533 1846 677 1877 fidelium
698 1855 845 1884 numero,
862 1847 930 1877 sive
947 1846 987 1876 sit

214 1900 322 1938 laicus,
339 1899 406 1930 sive
421 1899 461 1929 sit
475 1899 631 1937 sacerdos,
647 1899 715 1930 sive
730 1899 903 1937 saecularis,
916 1899 982 1930 sive

214 1952 394 1991 religiosus,
411 1952 454 1982 ita
470 1951 554 1991 quod
566 1961 628 1982 non
648 1952 687 1982 sit
701 1952 751 1983 vel
764 1953 987 1990 excommuni-

214 2008 313 2043 catus,
334 2005 385 2035 vel
406 2005 567 2044 praecisus.
594 2005 635 2035 De
659 2006 852 2036 confessione
879 2008 984 2037 autem

214 2057 444 2095 sacramentali,
461 2066 534 2097 quae
552 2059 587 2088 fit
602 2058 639 2088 ad
659 2058 837 2089 habendam
858 2059 984 2089 absolu-

214 2111 332 2142 tionem
346 2134 354 2148 ,
370 2110 460 2140 aliter
481 2111 648 2141 dicendum
662 2135 669 2149 ,
696 2111 779 2150 quod
802 2120 866 2141 nou
887 2114 987 2151 potest

215 2164 284 2194 fieri
298 2164 358 2194 nisi
375 2163 494 2202 potenti
508 2163 691 2194 absolvere:
705 2165 795 2195 aliter
809 2165 895 2195 enim
906 2165 987 2195 nihil

216 2218 252 2248 fit
263 2218 302 2248 ab
317 2217 514 2253 absolvente,
531 2219 561 2247 et
576 2217 655 2246 nihil
670 2218 822 2257 recipitur
845 2228 863 2248 a
882 2219 986 2258 pceni-

218 2272 312 2308 tente,
325 2272 355 2301 et
368 2272 490 2310 oportet
505 2270 620 2300 iterum
632 2271 786 2301 confiteri.
803 2270 986 2301 Secundum

126 2356 137 2368 υ
160 2356 201 2368 ΠΜ,
218 2324 294 2361 hoc,
311 2323 554 2361 intelligendum
573 2323 657 2362 quod
676 2324 823 2362 proprius
843 2324 988 2355 sacerdos

96 2380 128 2399 dis
142 2380 200 2400 dit-:i-

216 2376 331 2407 dicitur
339 2375 501 2415 tripliciter
514 2386 520 2405 :
534 2384 598 2405 uno
607 2375 700 2406 modo
712 2376 984 2415 communissime,

216 2430 276 2460 alio
291 2429 385 2460 modo
400 2429 623 2466 communiter,
640 2431 670 2459 et
684 2429 775 2461 tertio
798 2430 891 2460 modo
914 2439 987 2469 pro-

216 2483 295 2522 prie.
318 2482 600 2521 Communissime,
625 2481 741 2513 dicitur
762 2483 909 2522 proprius
934 2492 987 2513 sa-

216 2535 336 2573 cerdos,
349 2535 542 2574 quicumque
553 2536 655 2573 potest
663 2535 866 2566 confitentem
880 2536 984 2567 absol-

254 2597 363 2624 *Quaeso
381 2597 489 2626 praeced.
502 2609 529 2614 —-
547 2598 553 2610 ¹
566 2598 629 2625 osen,
648 2602 679 2625 lv,
700 2598 721 2619 9,

1040 210 1125 237 vere,
1149 202 1215 232 sive
1234 211 1289 242 per
1307 203 1468 242 propriam
1489 203 1722 242 auctoritatem,
1740 204 1807 235 sive

1040 263 1094 293 per
1109 256 1366 286 commissionem
1382 255 1432 286 vel
1448 255 1721 287 demandationem
1733 280 1740 294 ‚
1755 259 1807 287 ut-

1040 309 1111 346 pote
1127 310 1201 338 sunt
1213 308 1268 346 illi,
1285 309 1340 348 qui
1355 309 1469 339 habent
1496 309 1713 348 privilegium,
1730 310 1808 340 dum

1041 360 1230 399 praedicant,
1246 361 1392 392 audiendi
1409 362 1629 393 confessiones.
1657 363 1805 394 Commu-

1040 414 1122 444 niter
1138 423 1212 444 vero
1236 415 1351 446 dicitur
1373 416 1519 455 proprius
1538 417 1682 448 sacerdos
1701 417 1808 448 omnis

1041 466 1103 504 ille,
1119 467 1173 506 qui
1195 476 1234 497 ex
1253 468 1380 507 propria
1399 469 1595 507 auctoritate,
1620 469 1671 500 vel
1691 470 1806 509 officio,

1042 522 1192 559 tanquam
1214 521 1364 560 praelatus
1378 522 1557 552 ordinarius
1580 524 1681 562 potest
1704 523 1809 554 absol-

1041 582 1124 610 vere,
1132 575 1167 603 ut
1175 574 1350 613 episcopuS,
1361 577 1391 604 et
1397 575 1541 605 sacerdos
1556 575 1744 615 parochialis
1753 576 1807 615 (a).

1041 626 1171 666 Proprie
1185 636 1261 657 vcro
1275 628 1389 658 dicitur
1418 628 1564 667 proprius
1586 628 1730 659 sacerdos
1745 629 1807 667 ille,

1040 679 1096 718 qui
1115 679 1314 711 administrat
1344 684 1541 711 sacramenta
1553 705 1561 719 ‚
1587 683 1618 711 et
1643 681 1693 712 cui
1723 691 1808 713 com-

1041 732 1136 762 missa
1150 735 1196 763 est
1207 734 1347 772 specialis
1361 743 1453 764 cura:
1471 736 1500 764 et
1515 734 1572 765 iste
1593 736 1640 765 est
1663 734 1808 766 sacerdos

1041 786 1238 824 parochialis.
1249 786 1391 825 Intellige
1405 787 1514 825 igitur,
1523 787 1608 827 quod
1618 787 1748 819 cuilibet
1756 788 1810 819 ho-

1040 847 1113 869 rum
1132 838 1254 869 licitum
1273 842 1320 869 cst
1333 840 1492 870 confiteri:
1510 842 1541 870 et
1564 840 1690 880 proprio
1705 850 1807 872 sacer—

1040 891 1116 928 doti,
1133 892 1250 922 scilicet
1265 892 1448 932 parochiali,
1466 893 1628 923 confessus
1644 902 1708 924 non
1722 895 1808 924 tene—

1040 946 1092 974 tur
1106 945 1221 974 iterum
1236 945 1394 983 confiteri;
1412 945 1556 975 similiter
1572 946 1732 976 confessus
1755 955 1810 977 su·

1040 997 1166 1036 pei-tori,
1182 998 1237 1037 qui
1250 1007 1359 1028 curam
1374 999 1477 1035 habet,
1494 998 1563 1029 dico
1583 998 1667 1038 quod
1684 1008 1749 1029 non
1762 1001 1811 1030 te-

1041 1052 1134 1080 netur
1148 1051 1290 1080 confiteri
1306 1051 1456 1081 sacerdoti
1470 1051 1610 1082 inferiori
1627 1052 1810 1091 parochiali,

1040 1103 1100 1133 nisi
1116 1113 1190 1133 eum
1202 1104 1358 1141 remittat;
1374 1104 1426 1133 sed
1438 1104 1553 1134 sufficit
1565 1105 1648 1144 quod
1660 1106 1810 1136 sacerdoti

1040 1164 1099 1186 suo
1115 1156 1296 1186 innoteseat.
1316 1156 1352 1186 Et
1365 1157 1424 1187 hoc
1439 1157 1518 1195 dico,
1537 1157 1562 1187 si
1581 1158 1633 1188 fiat
1649 1167 1689 1188 ex
1705 1167 1809 1189 causa.

1041 1209 1101 1239 Sed
1117 1208 1155 1238 de
1168 1209 1260 1239 tertio
1270 1209 1429 1239 sacerdote
1443 1210 1498 1248 qui
1509 1209 1603 1241 solvit
1618 1219 1674 1250 per
1684 1211 1812 1241 deman-

1040 1263 1211 1300 dationem,
1227 1263 1294 1294 sive
1311 1263 1566 1293 commissionem
1579 1287 1586 1300 ‚
1604 1272 1669 1294 non
1690 1264 1812 1295 habens

1042 1317 1158 1346 animae
1169 1325 1290 1353 curam,
1305 1319 1350 1346 est
1362 1316 1626 1354 distinguendum
1639 1325 1647 1347 :
1662 1319 1718 1348 aut
1727 1318 1812 1348 enim

1041 1370 1210 1400 commissa
1224 1371 1269 1400 est
1283 1370 1310 1399 ei
1327 1372 1358 1400 et
1371 1369 1496 1399 licentia
1511 1369 1582 1399 data
1607 1379 1626 1400 a
1639 1370 1811 1409 sacerdote,

1042 1426 1073 1454 et
1085 1425 1161 1453 tunc
1175 1423 1319 1453 sacerdos
1336 1424 1390 1462 ,ius
1414 1432 1511 1453 suum
1530 1423 1687 1453 commisit
1701 1422 1765 1461 alii,
1782 1426 1811 1454 et

1042 1479 1117 1507 tunc
1141 1476 1196 1516 qui
1219 1476 1388 1506 confitetur
1410 1484 1450 1506 ex
1478 1475 1602 1506 licentia
1631 1476 1811 1514 sacerdotis,

1042 1530 1136 1560 etiam
1149 1531 1216 1568 ipso
1229 1530 1386 1568 exigente,
1400 1528 1453 1559 illo
1465 1537 1561 1566 anno,
1571 1528 1633 1558 nisi
1648 1528 1811 1567 recidivet,

1042 1592 1106 1612 non
1123 1584 1247 1612 tenetur
1270 1582 1388 1612 iterum
1411 1582 1555 1612 confiteri
1577 1581 1700 1620 eidem,
1730 1591 1812 1622 quo—

1042 1636 1129 1665 niam
1144 1634 1289 1665 sacerdos
1309 1636 1364 1674 jus
1384 1644 1480 1665 suum
1502 1637 1532 1665 et
1554 1636 1742 1674 potestatem
1756 1644 1814 1675 pro

1043 1688 1095 1718 illo
1111 1690 1251 1727 tempore
1276 1687 1365 1717 alteri
1381 1687 1479 1724 dedit;
1501 1689 1554 1717 aut
1579 1689 1626 1717 est
1645 1687 1814 1718 auctoritas

1042 1741 1210 1771 commissa
1221 1750 1240 1770 a
1255 1739 1420 1779 superiore
1435 1740 1606 1777 ordinario,
1623 1742 1654 1770 et
1668 1742 1744 1770 tunc
1758 1742 1814 1771 aut

1042 1794 1145 1833 plena,
1159 1795 1213 1824 aut
1228 1793 1261 1822 in
1272 1802 1349 1823 casu
1364 1803 1370 1822 z
1388 1792 1413 1822 si
1430 1792 1531 1831 plena,
1550 1792 1594 1822 sic
1605 1792 1813 1831 Judicandum

1042 1849 1088 1877 est
1102 1846 1182 1876 sicut
1196 1846 1234 1876 de
1249 1845 1422 1882 ordinario,
1441 1845 1521 1875 sicut
1544 1846 1628 1884 patet
1642 1844 1680 1876 de
1696 1845 1746 1875 his
1761 1846 1815 1886 qui

1042 1901 1118 1930 sunt
1130 1898 1355 1939 poenitentiarii
1368 1898 1488 1928 domini
1504 1907 1594 1938 papae
1609 1900 1641 1929 et
1652 1898 1815 1939 episcopo-

1042 1962 1135 1990 rum;
1162 1954 1219 1983 aut
1239 1954 1286 1982 est
1306 1951 1473 1982 commissa
1495 1951 1529 1981 in
1549 1960 1634 1989 casu,
1656 1952 1736 1982 sicut
1752 1952 1811 1991 his,

1042 2008 1098 2047 qui
1109 2007 1292 2046 praedicant,
1307 2006 1418 2037 datum
1429 2008 1474 2036 est
1486 2005 1702 2045 privilegium.
1716 2005 1813 2037 Credo

1043 2060 1139 2097 enim,
1150 2059 1235 2099 quod
1251 2059 1366 2089 talibus
1380 2059 1452 2089 data
1464 2058 1503 2088 sit
1512 2060 1650 2098 potestas
1663 2058 1814 2089 audiendi

1043 2112 1262 2149 confessiones,
1281 2111 1392 2142 nonin
1416 2111 1641 2150 praeJudieium
1668 2111 1812 2142 sacerdo·

1043 2168 1110 2196 tum
1130 2166 1305 2202 bonorum,
1323 2164 1375 2194 sed
1400 2164 1505 2203 potius
1520 2163 1555 2194 in
1577 2164 1718 2195 favorem
1733 2164 1812 2195 fide-

1043 2218 1132 2255 lium,
1147 2220 1177 2248 et
1200 2219 1328 2256 propter
1346 2216 1575 2255 ignorantiam,
1598 2219 1628 2247 et
1643 2217 1812 2256 negligen-

1043 2272 1130 2309 tiam,
1143 2275 1173 2301 et
1192 2270 1345 2301 malitiam
1369 2270 1583 2310 quorumdam
1602 2271 1811 2303 sacerdotum.

1044 2324 1080 2356 Et
1094 2324 1185 2354 credo
1200 2324 1259 2355 hoc
1274 2323 1479 2364 privilegium
1492 2323 1524 2353 in
1537 2323 1687 2354 extremis
1695 2325 1815 2363 tempo·

1043 2377 1130 2408 ribus
1153 2386 1332 2414 emanasse,
1361 2376 1436 2415 quia
1456 2377 1524 2415 jam
1542 2376 1741 2407 verificatum
1768 2379 1815 2407 est

1044 2430 1140 2461 illud²
1158 2441 1164 2460 :
1183 2431 1259 2461 Eric
1278 2430 1362 2461 sicut
1377 2428 1530 2468 populus,
1547 2429 1591 2459 sic
1610 2428 1767 2467 sacerdos,
1783 2431 1814 2460 et

1044 2493 1100 2524 pro
1116 2492 1233 2522 magna
1243 2485 1330 2522 parte
1344 2483 1418 2512 sunt
1431 2481 1557 2512 venales
1569 2481 1765 2519 conductitii;
1782 2483 1812 2512 et

1045 2536 1134 2568 multi
1147 2536 1355 2575 parochianos
1363 2544 1436 2565 suos
1446 2534 1517 2574 plus
1524 2534 1563 2565 ad
1573 2534 1706 2573 malum,
1716 2542 1812 2575 quam

1076 2598 1107 2627 ta)
1121 2598 1182 2622 Coel.
1198 2598 1257 2622 edzt.
1274 2597 1456 2628 parochianus,
1472 2598 1494 2620 »ft
1506 2597 1541 2620 sic
1552 2596 1672 2627 deinceps.

1995 70 2017 1407 ‘'“W-Qw
