2017 2948
256 190 293 219 22
808 176 1119 211 SENTENTlARUM
1140 178 1213 211 LIB.
1237 180 1289 211 111.

254 254 304 290 tis,
322 256 352 284 et
368 252 548 293 praesentis3
564 250 645 281 visio
661 258 737 280 vero
748 250 778 278 et
789 247 886 278 tentio
898 253 963 275 non
978 246 1024 274 051

256 307 314 337 11151
331 308 473 345 respectu
489 304 587 334 habiti
599 306 629 334 et
643 301 823 343 praesentim
847 297 1023 338 expectatio

257 369 330 390 vero
346 361 375 389 ct
391 358 558 389 credulitas
579 359 623 387 est
646 353 865 385 tantummodo
881 352 1023 390 respectu

255 421 319 442 non
342 411 440 442 habiti
455 413 486 442 et
510 410 668 441 absentis:
686 411 716 438 ct
742 408 811 437 ideo
834 409 898 436 tani
922 406 1021 440 actus,

255 473 352 504 quam
368 465 493 495 habitus
504 464 602 503 ipsius
617 461 786 498 charitatis,
805 458 898 489 statui
915 456 1023 496 patriae

255 521 286 548 et
299 518 359 548 viae
374 520 419 547 est
434 516 612 547 communis
630 527 635 545 :
649 517 742 553 etper
759 513 819 543 hoc
837 510 941 549 magis
953 518 1023 539 con-

256 571 365 601 formis
388 572 434 601 051
462 569 597 600 charitas
625 568 686 598 viae
721 565 864 596 charitati
886 562 998 603 patriae
1015 587 1022 598 ,

256 633 351 664 quarn
366 624 494 655 habitus
509 621 651 653 credendi
673 619 795 650 habitui
818 616 957 654 videndi,
974 615 1024 646 vel

255 686 352 718 quam
367 677 539 717 expectatio
554 674 696 706 tentioni.
712 672 811 702 Penes
836 669 1024 709 dignitatem

256 732 397 771 ipsarum
418 729 631 770 potentiarum
652 725 824 756 attenditur
849 723 930 753 ratio
958 721 1023 751 sie:

255 785 341 824 quia,
364 784 444 814 sicut
473 782 539 812 vult
550 779 728 811 Bernardus
742 777 780 808 cle
795 777 907 807 Amore
922 775 1001 806 Dei¹
1017 783 1025 804 :

260 849 274 866 (1
289 837 346 868 Ubi
369 836 471 866 deficit
494 834 679 869 1111011001115,
713 831 755 860 ibi
786 829 910 869 proiicit
931 827 1025 858 affec-

256 892 318 920 tus.
335 900 348 918 u
370 889 408 919 Et
422 886 600 926 Dionysius,
618 885 655 916 cle
671 883 801 915 Divinis
817 881 1007 914 Nominibus
1018 904 1025 918 ‚

256 942 355 982 capite
365 941 510 981 septimo,
522 939 559 969 (10
570 937 722 977 sapientia
733 936 818 973 dicit,
831 935 915 975 quod
926 934 1027 964 multo

256 996 350 1026 altius
370 994 509 1025 ascendit
524 992 654 1022 affectus
676 992 792 1026 noster,
817 992 846 1019 et
869 988 917 1019 vis
931 988 1027 1018 affec-

255 1048 331 1085 tiva,
362 1056 459 1087 quam
486 1046 534 1076 vis
565 1044 740 1083 cognitiva.
771 1042 823 1073 Ait
848 1041 933 1072 enim
952 1040 1002 1079 ’,510
1019 1051 1026 1070 :

261 1100 421 1140 «Oportet
445 1107 635 1137 cognoscere
662 1096 855 1127 intellectum
884 1096 1029 1125 nostrum

257 1155 429 1194 quamdam
454 1154 569 1184 habere
584 1152 757 1192 potentiam
782 1150 820 1181 ad
845 1149 1029 1187 intelligen-

258 1208 346 1245 dum,
364 1217 418 1246 per
429 1216 524 1246 quam
534 1206 617 1236 videt
629 1203 839 1242 intelligibilia
850 1213 857 1240 ;
877 1202 1028 1233 unionem

258 1269 333 1290 vero
349 1260 551 1290 excedentem
567 1257 757 1297 kintcllectus
784 1258 943 1292 naturam,
974 1263 1030 1294 per

258 1322 354 1353 quam
371 1313 579 1352 ctuijtingitur
593 1312 631 1342 ad
646 1320 683 1341 ea
696 1319 768 1350 quae
786 1311 859 1339 sunt
871 1309 953 1339 ultra
970 1317 1002 1338 se
1021 1318 1026 1337 :

258 1366 446 1405 etquouiam
461 1366 553 1395 altius
567 1365 709 1395 elevatur
724 1363 791 1402 ipsa
800 1362 848 1392 vis
861 1361 981 1392 unitiva
996 1361 1028 1390 iu

259 1419 488 1457 1101111110,1(100
514 1418 608 1448 habet
633 1415 805 1456 quamdam
834 1414 1028 1455 praecipuam

258 1471 474 1502 excellentiam
498 1470 660 1509 dignitatis
686 1480 692 1499 :
713 1468 748 1506 [et
776 1468 904 1498 habitus
929 1467 1029 1506 ipsam

259 1525 424 1564 perficiens
438 1526 482 1554 est
495 1523 562 1554 aliis
576 1523 736 1553 habitibus
750 1523 852 1561 major
873 1524 903 1551 et
921 1521 1029 1552 excel-

260 1578 383 1614 lentior,
397 1586 433 1607 ac
444 1586 499 1616 per
514 1576 574 1606 hoc
585 1576 677 1606 statui
696 1576 806 1614 gloriae
826 1575 1027 1606 conformior.

263 1630 361 1661 Penes
370 1630 514 1668 largitate
520 1638 548 1659 m
561 1629 655 1659 etiam
666 1629 849 1659 divinorum
858 1636 1030 1658 munerum

260 1680 341 1709 ratio
366 1679 514 1715 sumitur,
531 1678 606 1717 quia
635 1677 714 1708 viris
737 1678 852 1708 sanctis
879 1676 1031 1707 Dominus

261 1731 440 1769 largitatem
455 1738 521 1760 suae
549 1728 752 1767 benignitatis
778 1728 916 1767 quodam
937 1727 1031 1758 modo

262 1783 484 1820 communicat,
497 1784 527 1812 ct
535 1783 731 1821 praegustare
746 1781 818 1811 facit
832 1781 1030 1811 dulcedinem

262 1839 390 1867 aeternae
404 1835 590 1872 refectionis,
607 1836 642 1864 ut
657 1834 688 1864 in
700 1833 955 1864 tribulationibus
967 1842 1030 1864 non

261 1888 479 1924 succumbant,
496 1889 527 1918 et
541 1888 574 1917 in
584 1887 728 1917 vastitate
742 1886 840 1917 eremi
855 1895 922 1926 prae
935 1887 1031 1917 aridi-

262 1943 323 1971 tate
337 1943 368 1971 et
382 1941 487 1980 inopia
496 1940 672 1970 refectionis
686 1948 750 1970 non
766 1939 922 1970 deficiant.
953 1939 1032 1970 Cum

262 2003 341 2032 ergo
351 2003 459 2033 sapere
469 1993 606 2024 coelestia
627 2002 692 2023 non
707 1993 813 2032 possit,
838 1992 899 2022 nisi
919 1994 1034 2031 gustus

263 2046 430 2085 dispositus
444 2046 618 2076 secundum
633 2045 869 2085 dispositionem
880 2046 923 2075 illi
935 2046 1033 2077 statui

263 2099 520 2136 convenie11te1n3
537 2099 653 2129 diviuae
669 2098 824 2137 largitatis
840 2107 960 2129 munus
971 2099 1033 2130 1100

264 2152 440 2191 requisivit,
456 2154 490 2182 ut
502 2152 611 2190 gustui
632 2154 738 2182 nostro
753 2152 882 2182 daretur
905 2152 1034 2183 habitus

264 2207 294 2235 01
303 2205 474 2244 dispositio,
488 2205 663 2235 secundum
681 2214 778 2244 quam
802 2205 895 2235 statui
923 2205 1034 2244 gloriae

266 2260 344 2289 esset
368 2258 545 2289 conformis.
575 2258 649 2289 Haec
675 2260 781 2289 autem
813 2259 973 2299 dispositio
989 2262 1035 2290 est

266 2311 394 2342 habitus
407 2311 575 2348 charitatis,
593 2321 754 2351 perquam
769 2312 909 2352 dispositi
922 2322 1033 2343 sumus

268 2363 307 2394 ad
326 2363 500 2403 spiritualia
527 2364 735 2402 degustanda,
762 2365 936 2395 secundum
951 2366 1034 2405 quod

270 2415 336 2446 vult
349 2416 500 2454 magister
517 2416 621 2455 Hugo.
639 2416 710 2446 Ideo
735 2417 894 2447 charitatis
908 2418 1036 2449 habitus

269 2478 332 2499 non
346 2471 528 2507 evacuatur,
547 2470 600 2500 sed
616 2471 720 2509 magis
747 2475 986 2502 consummatur
1003 2473 1036 2503 in

270 2523 387 2561 pat1·ia;
415 2525 446 2553 et
472 2523 678 2554 concedendae
698 2526 771 2554 sunt
799 2524 945 2563 rationes,
963 2535 1036 2565 quae

270 2578 344 2606 sunt
357 2575 395 2606 ad
411 2578 531 2615 partem
545 2576 646 2606 istam.

304 2637 310 2653 ¹
326 2637 410 2667 Rern„
426 2637 455 2661 ‘le
469 2638 566 2661 Natura
581 2645 650 2662 amor·
661 2638 710 2662 div.

1119 249 1147 276 1.
1160 246 1207 276 Ad
1223 247 1301 277 illud
1315 255 1392 278 vero
1406 247 1490 287 quod
1517 247 1623 287 primo
1648 246 1797 286 objicitur
1810 246 1845 276 in

1078 299 1285 337 eontrarium,
1311 300 1396 340 quod
1408 300 1582 340 perfectum
1609 300 1742 330 evacuat
1769 298 1848 330 illud

1078 351 1161 390 quod
1173 354 1273 383 estex
1287 354 1387 392 parte,
1404 352 1570 383 dicendum
1586 352 1671 392 quod
1695 360 1735 383 ex
1754 355 1848 391 parte

1078 403 1194 434 dicitur
1223 413 1291 436 esse
1314 405 1433 444 aliquid
1459 405 1626 445 dupliciter
1639 428 1648 442 ,
1675 403 1848 436 secundum

1078 457 1162 496 quod
1177 457 1342 497 dupliciter
1361 458 1476 488 dicitur
1491 467 1557 488 0550
1587 457 1706 497 aliquid
1731 466 1849 488 secun-

1079 510 1156 540 dum
1167 510 1254 550 quid.
1272 510 1340 541 Uno
1351 511 1445 542 modo
1461 511 1575 541 dicitur
1589 510 1708 550 aliquid
1731 519 1850 541 secun-

1079 563 1156 593 dum
1191 563 1285 602 quid,
1322 564 1406 603 quod
1441 566 1566 595 tantum
1600 563 1705 594 deficit
1739 563 1779 593 ab
1813 571 1851 594 eo

1082 616 1167 655 quod
1185 618 1231 646 est
1246 616 1441 656 simpliciter,
1458 617 1538 647 sicut
1565 616 1655 646 albus
1675 615 1850 646 secundum

1082 669 1192 708 pedem
1207 671 1253 699 cst
1268 669 1358 700 albus
1370 669 1546 700 secundum
1561 669 1648 708 quid.
1672 668 1742 699 Alio
1758 667 1852 700 modo

1079 722 1193 752 dicitur
1221 722 1340 762 aliquid
1367 722 1544 752 secundum
1560 721 1648 761 quid,
1681 720 1767 761 quod
1787 729 1853 751 non

1081 777 1204 805 tantum
1220 775 1333 812 deficit,
1349 774 1403 805 sed
1412 774 1507 805 etiam
1515 776 1686 814 repugnat,
1697 774 1780 805 sicut
1792 773 1852 805 ho-

1082 836 1134 858 mo
1150 830 1296 858 mortuus
1308 830 1451 868 respectu
1462 827 1613 858 hominis.
1629 826 1680 858 Sic
1691 829 1721 857 et
1734 827 1853 867 aliquid

1081 881 1195 912 dicitur
1209 890 1275 912 esse
1292 891 1332 912 ex
1358 883 1446 921 parte
1461 881 1627 920 dupliciter
1642 888 1650 910 ε
1667 889 1732 911 11110
1759 879 1852 912 1110ᾶο

1081 934 1257 965 secundum
1270 934 1356 974 quod
1368 936 1458 964 sonat
1473 933 1740 974 imperfectionem
1752 944 1760 971 ;
1791 933 1854 964 alio

1083 986 1175 1016 modo
1188 985 1363 1016 secundum
1376 985 1462 1025 quod
1476 987 1565 1016 sonat
1585 985 1618 1014 in
1646 984 1856 1024 imperfectio·

1083 1049 1156 1070 nem
1170 1042 1200 1070 et
1211 1039 1452 1079 oppositionem.
1470 1038 1508 1069 Et
1526 1038 1629 1078 primo
1644 1037 1738 1068 modo
1755 1038 1856 1077 potest

1082 1093 1144 1123 dici
1166 1092 1301 1123 charitas
1328 1101 1369 1123 ex
1396 1094 1484 1132 parte
1501 1101 1508 1122 ε
1525 1093 1555 1122 01
1582 1090 1667 1131 quod
1683 1090 1727 1120 sic
1754 1091 1801 1121 est
1815 1098 1856 1120 ex

1084 1149 1181 1186 parte,
1198 1154 1263 1176 non
1277 1147 1461 1183 evacuatur,
1473 1144 1526 1175 sed
1551 1146 1807 1181 consummatur,
1824 1144 1857 1174 et

1083 1199 1220 1239 quodam
1238 1199 1330 1229 modo
1346 1199 1536 1237 integratur,
1548 1199 1584 1227 ut
1593 1197 1683 1237 quasi
1695 1198 1799 1227 totum
1813 1205 1854 1227 ex

1083 1252 1228 1292 partibus
1249 1251 1445 1282 conficiatur.
1470 1250 1615 1281 Secundo
1630 1253 1738 1280 autem
1762 1249 1856 1280 modo

1084 1305 1209 1334 habitus
1228 1304 1301 1334 fidei
1319 1306 1350 1334 01
1364 1304 1429 1344 spei
1438 1306 1533 1334 estex
1548 1305 1655 1342 parte:
1672 1305 1702 1333 et
1713 1302 1775 1333 hoc
1787 1311 1858 1333 mo-

1084 1358 1122 1388 do
1137 1357 1209 1388 dicit
1224 1357 1404 1397 Apostolus,
1421 1357 1451 1387 id
1469 1355 1553 1396 quod
1563 1359 1609 1388 esc
1616 1364 1656 1387 eoe
1671 1359 1776 1395 parce,
1791 1355 1857 1386 fore

1084 1410 1315 1448 evacuandum,
1327 1418 1398 1441 cum
1408 1410 1525 1441 venerit
1538 1409 1575 1440 z‘d
1585 1408 1669 1448 quod
1681 1409 1858 1448 perfectum

1085 1467 1140 1495 esc.

1124 1518 1153 1547 2.
1165 1515 1211 1546 Ad
1231 1515 1309 1546 illud
1323 1516 1408 1555 quod
1423 1515 1582 1555 objicitur,
1599 1515 1684 1555 quod
1716 1517 1855 1546 cessante

1084 1577 1177 1599 causa
1193 1571 1290 1599 cessat
1305 1568 1445 1606 eftectus,
1461 1568 1630 1600 dicendum
1641 1568 1726 1608 quod
1736 1568 1814 1599 fides
1826 1570 1858 1599 et

1084 1631 1153 1662 spes
1169 1630 1234 1652 non
1248 1621 1397 1652 dicuntur
1411 1630 1478 1652 esse
1491 1631 1586 1652 causa
1607 1621 1779 1660 eharitatis,
1796 1620 1858 1652 nisi

1085 1675 1160 1715 quia
1174 1675 1346 1714 disponunt
1358 1674 1396 1705 ad
1410 1677 1516 1704 actum
1531 1675 1600 1713 ejus
1620 1685 1626 1705 :
1648 1676 1680 1705 et
1705 1674 1766 1705 hoc
1791 1683 1858 1705 non

1085 1728 1280 1768 simpliciter,
1296 1728 1351 1758 sed
1364 1728 1539 1758 secundum
1551 1729 1670 1758 statum
1685 1727 1757 1758 viae.
1776 1725 1857 1758 Nam

1085 1783 1118 1812 in
1133 1783 1215 1812 statu
1231 1781 1340 1821 patriae
1356 1782 1423 1821 ipsa
1437 1781 1517 1812 visio
1527 1780 1710 1821 disponitad
1724 1780 1859 1820 diligen-

1086 1835 1163 1866 dum
1179 1835 1332 1874 perfecte:
1350 1836 1381 1864 et
1400 1834 1470 1865 ideo
1493 1833 1576 1864 ratio
1600 1833 1654 1864 illa
1667 1842 1733 1864 non
1760 1833 1856 1872 valet,

1086 1888 1161 1928 quia
1183 1897 1241 1918 nec
1253 1887 1379 1927 proprie
1392 1889 1438 1918 est
1466 1896 1572 1925 causa,
1597 1895 1656 1918 1100
1683 1886 1857 1917 secundum

1086 1950 1215 1972 omnem
1227 1942 1356 1971 statum.

1126 1996 1156 2026 3.
1171 1994 1219 2024 Ad
1234 1993 1312 2023 illud
1326 1993 1412 2033 quod
1426 1992 1585 2032 objicitur,
1601 1992 1686 2033 quod
1707 1993 1857 2024 ordinans

1087 2047 1124 2078 ad
1141 2046 1259 2086 aliquid
1267 2048 1376 2083 cessat,
1393 2045 1521 2076 obtento
1536 2054 1573 2076 00
1584 2045 1624 2077 ad
1636 2045 1674 2085 (a)
1691 2045 1777 2085 quod
1793 2045 1859 2076 dis-

1088 2099 1223 2139 ponebat
1236 2101 1266 2129 et
1283 2098 1463 2136 inclinabat,
1480 2098 1649 2128 dicendum
1675 2098 1761 2138 quod
1781 2098 1860 2130 illud

1088 2154 1134 2184 cst
1148 2161 1262 2184 verum
1277 2151 1314 2182 de
1328 2160 1365 2182 00
1376 2150 1460 2191 quod
1474 2150 1576 2181 solum
1591 2151 1688 2182 habet
1701 2151 1859 2182 rationem

1088 2206 1150 2236 viae
1167 2215 1174 2236 2
1191 2205 1326 2235 charitas
1340 2206 1447 2234 autem
1473 2212 1539 2234 non
1567 2204 1790 2235 tantummodo
1815 2206 1862 2235 est

1089 2258 1247 2298 dispositio
1256 2258 1293 2288 ad
1302 2257 1495 2288 tendendum
1502 2259 1533 2287 et
1542 2257 1682 2288 eundum
1690 2257 1722 2287 in
1733 2257 1859 2296 coelum,

1089 2313 1141 2343 sed
1155 2313 1250 2342 etiam
1265 2312 1303 2342 ad
1317 2311 1556 2351 quiescendum.
1575 2310 1662 2341 Sicut
1683 2311 1769 2341 enim
1784 2310 1862 2351 lapis

1089 2366 1198 2396 eodem
1226 2365 1376 2405 pondere,
1405 2374 1468 2404 quo
1491 2366 1638 2395 movetur
1662 2364 1701 2396 ad
1726 2366 1860 2401 terram,

1089 2419 1222 2458 quiescit
1234 2418 1288 2455 ibi,
1302 2427 1375 2448 cum
1386 2418 1425 2448 ad
1436 2420 1550 2448 terram
1560 2418 1756 2457 pervenerit3
1773 2416 1816 2446 sic
1831 2419 1863 2447 et

1090 2481 1148 2502 suo
1164 2470 1506 2510 modointelligeudum
1518 2472 1564 2500 051
1579 2470 1613 2500 111
1629 2469 1766 2509 pondere
1774 2477 1860 2500 amo-

1090 2525 1133 2555 ris
1149 2524 1215 2554 sive
1230 2524 1261 2553 iu
1277 2523 1387 2554 habitu
1402 2523 1573 2561 charitatis,
1596 2524 1628 2553 et
1655 2522 1694 2552 de
1709 2530 1746 2553 eo
1774 2522 1862 2562 quod

1090 2578 1149 2609 isto
1165 2576 1257 2608 modo
1270 2576 1405 2614 ordinat,
1428 2578 1460 2607 et
1477 2575 1608 2607 inclinat.
1631 2574 1748 2615 aliquid
1768 2575 1801 2606 in
1821 2575 1861 2606 fi-

1124 2641 1154 2671 (α)
1171 2640 1231 2665 Caet.
1247 2639 1307 2664 edit⁴
1321 2645 1351 2664 eo
1364 2639 1442 2670 quod.
