2017 2948
191 119 249 147 58⁶2

230 187 259 214 4.
279 184 325 214 Ad
340 184 417 214 iliud
429 184 512 222 quud
523 183 668 222 objicitur
684 184 721 214 tie
740 184 960 218 vivificatione,

190 237 368 274 dicendum,
382 237 462 267 sicut
474 237 599 276 patebit,
617 237 701 277 quod
715 245 796 276 opus
810 236 961 267 vivificati

189 293 236 322 est
259 290 395 330 dignum
419 290 673 321 remuneratione
698 290 788 327 fieri,
814 291 844 319 et
866 298 962 329 opera

190 343 479 375 remunerabuntur
497 343 667 375 secundum
689 351 871 373 mensuram
888 342 962 372 cha-

190 397 290 427 ritatis
308 396 422 427 finalis.

230 452 258 480 5.
285 449 333 481 Ad
354 449 430 480 illud
455 449 538 489 quod
561 448 719 488 objicitur,
741 448 826 488 quod
849 448 961 479 fortius

189 505 235 533 est
251 512 436 542 resurgere3
454 502 622 533 dicendum
638 501 722 541 quod
739 501 851 532 fortius
862 511 962 541 quan-

189 560 257 587 tum
271 556 309 586 ad
325 558 446 592 actum,
464 555 517 585 sed
533 563 597 585 non
611 556 734 594 oportet
748 554 831 594 qumi
846 564 885 584 ex
901 555 961 584 sor-

191 609 260 640 tiori
276 609 403 647 habitu,
424 608 498 647 quia
514 608 619 639 necin
642 607 830 645 resistendo,
854 617 911 638 nec
927 607 960 637 in

189 661 402 700 resurgendo,
419 661 544 701 operari
565 663 612 691 est
635 670 761 691 neeesse
783 660 959 691 secundum

189 718 286 746 totam
302 715 428 746 virtutis
444 715 653 745 nobilitatem.

228 770 256 798 (3.
276 767 323 798 Ad
339 768 424 798 aliud
439 768 609 798 dicendum
625 767 709 808 quod
731 767 816 798 elicit
839 768 959 798 bonum

188 830 253 851 non
270 821 394 851 facienti
410 830 547 860 semper,
567 820 621 850 sed
636 821 667 850 in
680 821 843 858 universo,
858 823 887 850 et
901 820 961 851 hoe

189 875 234 903 est
249 873 417 904 declaratio
434 882 570 904 summae
594 873 820 904 miserieordiae
840 876 871 904 et
887 874 960 913 jus-

191 926 284 964 titiae;
302 929 331 957 et
342 927 448 966 aliquo
461 927 554 957 modo
568 926 691 957 facienti
702 949 709 963 ,
723 927 785 956 nisi
798 926 957 965 negligat,

188 980 263 1019 quia
279 980 372 1010 hahet
388 981 543 1019 majorem
559 980 755 1010 occasionem
776 979 909 1010 fervoris
930 981 961 1009 et

189 1033 419 1064 humiliationis
433 1042 473 1063 ex
488 1033 556 1072 ipso
573 1042 658 1063 casu.

455 1148 632 1186 QUAEs'rio
659 1148 693 1178 u.

224 1230 268 1256 An
284 1230 406 1264 perfecta
419 1231 575 1263 poeuitentia
598 1230 717 1256 restituat
733 1231 760 1255 in
780 1230 923 1264 pristinam

500 1273 611 1300 aradum
627 1273 645 1300 ¹.

230 1354 341 1385 Utrum
370 1355 506 1394 perfecta
535 1354 719 1393 poenitentia
750 1354 893 1384 restituat
926 1354 959 1384 in

191 1407 360 1446 pristinum
377 1407 533 1446 graduum
549 1410 580 1437 et
591 1407 674 1446 quod
689 1407 748 1443 sio,
765 1407 889 1438 videtur
904 1416 960 1447 per

189 1461 409 1500 Augustinum
432 1462 465 1491 in
490 1461 570 1491 libro
595 1462 746 1500 quinque.
771 1462 960 1500 Responsio-

189 1522 264 1545 nam
279 1517 306 1544 ²:
319 1525 333 1542 a
348 1513 535 1544 Paenitentia
550 1517 596 1544 est
611 1523 662 1544 res
676 1515 822 1554 quaedam
839 1515 960 1554 optima

189 1568 220 1596 et
231 1567 376 1606 perfecta,
386 1576 497 1597 omnes
512 1568 650 1598 defectus
666 1577 819 1598 revocans
833 1568 871 1597 ad
887 1577 958 1607 per—

190 1620 343 1650 fectum.»
369 1620 430 1651 Sed
452 1620 476 1650 si
498 1629 562 1651 non
581 1623 744 1651 revocaret
768 1621 800 1651 in
822 1621 959 1660 gradum

191 1670 360 1709 pristinum
372 1694 380 1708 ,
393 1680 458 1701 non
471 1674 552 1702 esset
562 1672 697 1711 perfecta
713 1672 888 1703 revocatio:
909 1681 959 1703 er-

189 1732 250 1762 go,
267 1725 325 1754 etc.

230 1776 308 1807 item
323 1777 445 1808 ratione
461 1777 598 1815 videtur,
612 1778 687 1818 quia
702 1780 846 1817 peccator
860 1777 960 1809 Deum

191 1830 334 1868 offendit,
360 1840 424 1861 non
442 1832 566 1862 tantum
583 1831 658 1871 quia
677 1834 785 1862 contra
808 1833 877 1871 ejus
899 1832 958 1862 im-

190 1883 315 1922 perium
330 1883 420 1921 facit,
438 1884 492 1914 sed
505 1884 601 1915 etiam
617 1885 650 1915 in
665 1884 724 1915 hoc
738 1885 823 1924 quod
838 1894 871 1916 se
891 1894 960 1916 ser-

193 1945 269 1967 vum
282 1945 396 1975 suum,
419 1939 449 1968 et
473 1938 543 1976 ejus
566 1938 760 1976 sanguinem
785 1938 958 1976 deformat,

191 1990 222 2019 et
236 1990 376 2028 peiorem
391 1990 514 2022 reddit:
533 2000 610 2030 ergo
629 2000 693 2022 non
712 1993 813 2031 potest
826 1992 960 2032 perfecte

192 2042 402 2079 reconciliari,
424 2044 567 2082 quandiu
588 2044 707 2084 aliquid
726 2046 832 2075 manet
854 2045 962 2076 minus

192 2093 271 2125 hene
286 2104 382 2134 quam
402 2097 489 2134 ante,
505 2097 581 2134 quia
600 2106 664 2128 non
683 2099 805 2128 tantum
828 2097 889 2128 Deo
912 2107 962 2128 re-

193 2147 311 2185 stituit,
328 2150 484 2187 quantum
500 2149 640 2180 abstulit.

233 2200 311 2231 Item
328 2202 484 2241 perfectus
506 2203 646 2233 medicus
667 2204 840 2243 perfectum
863 2204 961 2243 largi-

193 2255 246 2285 tur
268 2255 446 2286 antidotum
469 2266 476 2286 :
505 2256 558 2286 sed
584 2256 757 2295 pei-sectum
783 2257 960 2288 antidotum

193 2316 258 2338 non
276 2309 341 2345 est,
358 2307 418 2338 nisi
434 2308 599 2347 pristinam
616 2308 707 2348 plene
723 2310 867 2340 restituat
882 2311 961 2341 sani-

194 2362 290 2391 tatem
303 2371 309 2391 :
326 2370 400 2391 cum
412 2369 492 2400 ergo
507 2360 659 2391 Dominus
674 2361 713 2392 sit
729 2364 882 2401 perfectus
899 2373 962 2394 me-

193 2413 282 2444 dicus
297 2413 496 2451 animarum,
514 2416 616 2454 patet,
632 2416 690 2444 etc.

227 2512 234 2528 ¹
250 2512 289 2542 Cf.
308 2513 379 2536 Alex.
395 2513 489 2542 Aleos„
505 2521 529 2544 p.
548 2514 588 2542 lv,
605 2521 628 2544 ⁴1·
646 2520 698 2543 xii,
714 2515 807 2538 memb.
828 2516 850 2543 Δἰ,
867 2517 912 2538 ait.
929 2517 958 2545 53

194 2548 219 2569 S.
243 2547 344 2578 Thom„
374 2556 399 2579 p.
427 2550 468 2578 lit,
497 2557 520 2580 q.
552 2555 629 2578 Lxxx,
660 2552 706 2573 ait.
728 2550 756 2578 3;
776 2551 800 2573 et
824 2550 854 2572 lV
880 2550 959 2581 Sem„

194 2582 251 2606 dist.
267 2588 319 2613 xlvy
337 2591 361 2616 q.
378 2590 396 2614 1,
417 2587 462 2609 art.
480 2586 509 2615 33
525 2585 672 2615 Richardus,
689 2585 719 2609 tV
736 2586 813 2611 Seut..
829 2585 886 2608 dist.
903 2591 957 2613 xiv,

752 115 1060 147 stcNTtJNJ'tARUM
1085 115 1156 144 lim.
1179 114 1227 144 iV.

1060 182 1137 212 item
1163 180 1314 212 Dominus
1336 191 1409 212 cum
1432 182 1557 214 sanavit
1580 183 1614 214 in
1635 193 1783 224 corpore,

1018 244 1142 274 semper
1168 234 1305 265 restitnit
1331 235 1499 266 sanitatem
1523 235 1690 275 pristinam
1713 247 1786 278 per-

1018 288 1119 319 fecte:
1145 298 1225 327 ergo
1249 288 1412 326 similiter,
1436 298 1510 319 cum
1534 292 1625 320 sanat
1647 290 1783 330 spiritu:

1018 341 1070 371 sed
1086 344 1175 371 sanat
1190 342 1222 372 in
1235 341 1348 381 spiritu
1372 351 1428 381 per
1450 343 1689 382 poenitentiam:
1709 352 1787 383 ergo

1018 394 1200 434 poenitentia
1230 395 1366 434 perfecta
1394 396 1530 426 restituit
1558 397 1591 427 in
1620 396 1786 436 pristinam

1017 448 1197 478 sanitatem.

1057 500 1189 531 Contra:
1208 502 1236 530 1.
1260 500 1410 531 Possibile
1432 504 1495 540 est,
1518 505 1553 533 ut
1574 502 1694 533 dictum
1719 505 1784 540 est,

1016 562 1185 593 resurgere
1200 554 1232 584 in
1249 554 1364 584 minori
1379 554 1550 593 charitate,
1572 557 1604 586 et
1624 557 1658 586 in
1677 555 1788 586 eadem

1016 616 1106 637 snam
1132 608 1279 647 perficere
1304 609 1523 647 pcenitentiam
1545 619 1552 639 ε
1580 617 1659 648 ergo
1683 609 1785 648 poeni-

1017 661 1114 691 tentia
1129 662 1265 700 perfecta
1280 670 1343 692 non
1358 663 1497 693 restituit
1512 671 1636 703 semper
1652 663 1685 693 in
1704 662 1788 693 sani·

1016 715 1113 743 tatem
1129 714 1307 753 pristinam.

1055 769 1084 797 9..
1104 766 1180 797 item
1200 767 1313 807 aliquis
1333 777 1388 808 per
1410 770 1573 808 peccatum
1592 768 1696 799 amisit
1717 769 1785 800 vir-

1019 814 1207 858 ginitatem:
1225 820 1278 851 scd
1294 821 1487 860 impossibile
1508 823 1555 852 est
1576 821 1682 861 ipsum
1703 820 1784 852 ulte-

1016 873 1083 903 rius
1097 873 1258 912 virginem
1274 873 1361 904 fieri:
1377 882 1455 912 ergo
1469 873 1661 913 impossibile
1671 875 1717 904 est
1729 882 1786 914 per

1015 926 1232 966 poenitentiam
1249 926 1282 957 in
1297 928 1416 956 statum
1434 927 1605 966 pristinum
1620 926 1735 958 redire.

1055 984 1084 1010 3.
1103 979 1179 1010 Item
1198 980 1301 1019 gloria
1316 989 1435 1019 magna
1449 983 1495 1011 cst
1511 980 1634 1011 homini
1653 981 1687 1010 in
1706 980 1784 1019 hoc,

1015 1034 1098 1073 quod
1114 1042 1280 1073 nunquam
1303 1033 1434 1064 ostendit
1453 1033 1553 1065 Deum
1577 1044 1584 1064 :
1612 1033 1666 1065 sed
1689 1042 1783 1072 eum,

1015 1087 1070 1126 qui
1086 1087 1215 1126 poenitet
1230 1088 1299 1126 post
1314 1090 1494 1126 peccatum,
1511 1095 1638 1117 necesse
1655 1088 1703 1118 est
1720 1086 1782 1118 Do-

1016 1140 1138 1170 minum
1157 1139 1324 1169 offendisse
1345 1150 1351 1169 :
1378 1148 1457 1178 ergo
1481 1148 1648 1179 nunquam
1670 1139 1703 1170 in
1725 1142 1785 1171 sta-

1015 1194 1083 1222 tum
1098 1192 1267 1232 pristinum
1283 1195 1312 1222 et
1329 1192 1466 1231 gloriam
1481 1192 1608 1223 redibit.

1055 1247 1084 1276 4.
1103 1245 1181 1276 Item
1198 1245 1358 1284 potentior
1372 1247 1419 1276 est
1434 1245 1611 1285 baptismus
1625 1247 1656 1277 et
1677 1245 1782 1278 effica-

1016 1298 1090 1336 cior,
1108 1307 1206 1338 quam
1221 1299 1428 1338 poenitentia:
1446 1299 1499 1330 sed
1513 1298 1688 1338 baptismus
1702 1307 1785 1330 nun-

1015 1360 1112 1392 quam
1135 1354 1259 1392 reparat
1275 1361 1385 1382 omnes
1399 1352 1536 1383 defectus
1546 1376 1554 1390 ‚
1576 1361 1657 1392 quos
1673 1353 1784 1384 incur-

1015 1414 1158 1436 reremus
1188 1415 1243 1445 per
1269 1405 1442 1445 originale;
1468 1406 1552 1445 quod
1574 1407 1680 1446 patet,
1708 1406 1785 1446 quia

1015 1461 1157 1490 remanet
1174 1459 1373 1498 quadruplex
1387 1467 1481 1499 poena
1495 1459 1611 1490 animae
1622 1482 1630 1497 ,
1646 1460 1677 1490 et
1690 1467 1785 1499 poena

1014 1511 1153 1551 corporis
1183 1511 1349 1551 multiplex
1371 1523 1377 1540 :
1405 1520 1482 1551 ergo
1508 1520 1566 1542 nec
1597 1512 1784 1552 poenitentia

1015 1565 1150 1596 restituit
1178 1565 1302 1603 omnia,
1330 1575 1402 1605 quae
1426 1566 1623 1597 incurrimus
1651 1575 1708 1606 per
1730 1574 1781 1597 ae-

1014 1617 1110 1648 tuate.

1288 1692 1511 1724 CONCLUSIO.

1015 1775 1193 1806 Poenitentia,
1218 1777 1348 1809 quantam
1369 1775 1405 1802 ad
1427 1775 1534 1802 liabitas
1557 1777 1736 1804 substantiam
1761 1781 1785 1805 et

1049 1821 1159 1852 qratioe,
1186 1820 1209 1845 et
1234 1819 1401 1845 habilitatem
1428 1820 1612 1853 naturalium,
1639 1822 1786 1855 pristinam

1051 1863 1170 1889 restituit
1191 1864 1327 1897 peccatori
1347 1864 1508 1898 sanitatem,
1531 1865 1592 1891 licet
1613 1872 1664 1891 non
1687 1873 1786 1900 semper

1049 1907 1137 1942 quoad
1152 1907 1268 1934 decorem
1282 1908 1482 1934 accidentalem.

1056 1990 1146 2030 Resp.
1164 1990 1202 2020 ad
1218 1999 1289 2029 arg.
1307 1990 1479 2020 Dicendum
1496 1991 1581 2031 quod
1601 1991 1785 2031 poenitentia

1016 2044 1152 2083 perfecta
1174 2045 1274 2082 potest
1297 2043 1489 2074 considerari
1518 2044 1698 2084 dupliciter,
1727 2047 1784 2077 aut

1016 2099 1172 2136 (pruritum
1195 2096 1234 2126 ad
1253 2096 1470 2135 durationem,
1490 2099 1522 2127 et
1544 2098 1699 2129 servorem
1721 2109 1728 2129 :
1751 2098 1785 2130 Si

1015 2152 1169 2190 quantum
1185 2149 1223 2179 ad
1239 2149 1454 2186 durationem,
1471 2152 1506 2180 ut
1521 2151 1637 2182 seilicet
1648 2153 1781 2191 jejunet,

1016 2203 1157 2243 quandiu
1180 2202 1372 2242 imponitur,
1393 2205 1424 2233 et
1445 2203 1599 2243 compleat
1620 2204 1706 2243 quod
1724 2205 1784 2235 sibi

1016 2255 1191 2295 imponitur
1205 2255 1381 2285 secundum
1397 2257 1514 2286 rectam
1529 2256 1722 2288 taxationem
1737 2266 1782 2288 sa-

1016 2308 1166 2346 cerdotis,
1185 2316 1249 2338 non
1264 2310 1310 2338 est
1324 2316 1449 2339 necesse
1471 2309 1594 2340 restitui
1615 2310 1648 2340 in
1667 2312 1784 2341 statum

1015 2361 1183 2402 pristinum
1195 2385 1202 2397 ,
1219 2361 1296 2400 quia
1310 2361 1354 2391 ita
1369 2361 1571 2402 negligenter
1585 2366 1687 2403 potest
1707 2373 1781 2396 exe-

1015 2415 1087 2455 qui,
1102 2414 1186 2454 quod
1200 2423 1264 2444 non
1277 2417 1434 2454 praeparet
1451 2424 1485 2446 se
1505 2415 1544 2446 ad
1567 2418 1685 2448 tantam
1707 2425 1781 2456 gra-

1015 2514 1061 2536 art.
1076 2514 1098 2542 S,
1114 2520 1138 2543 q.
1157 2518 1177 2541 1;
1195 2513 1282 2544 Steph.
1299 2512 1404 2542 Brulet.‚
1420 2513 1450 2536 lv
1467 2513 1546 2544 scut„
1559 2514 1616 2538 dist.
1630 2519 1682 2543 ειν,
1693 2521 1718 2546 q.
1735 2519 1780 2540 xu-

1014 2563 1043 2566 —
1060 2549 1068 2563 2
1086 2548 1139 2572 Vid.
1161 2549 1281 2579 Hypo-qn„
1298 2548 1341 2572 lib.
1358 2549 1399 2578 ill,
1415 2556 1428 2572 a
1444 2549 1541 2580 medioJ
1560 2550 1603 2573 sed
1618 2556 1668 2573 non
1683 2552 1719 2574 est
1736 2553 1783 2574 Au-

1013 2583 1116 2611 crastini.

1803 518 1836 540 Ad
1853 525 1906 548 opp.
