2017 2948
597 187 691 218 DIST.
711 187 788 219 XVI.
814 186 927 218 PART.
951 186 989 218 11.
1011 186 1101 217 ART.
1125 186 1177 217 111.
1198 187 1347 224 QUAEST.
1371 188 1394 219 1.

198 256 305 286 tamen
319 255 427 286 omnia
451 254 546 285 simul
565 255 778 293 congregata,
794 253 882 285 velut
896 262 964 284 sca-

199 308 275 346 bies,
292 318 328 339 eo
342 308 426 348 quod
441 307 533 347 plura
547 309 630 345 sunt,
647 308 771 338 necant.
788 318 802 335 n

240 364 268 392 3.
287 361 363 391 Item
384 361 505 392 ratione
520 360 662 398 videtur,
680 360 754 399 quia
769 360 966 400 complacen-

200 416 242 446 tia
257 417 302 446 est
312 415 426 455 plenus
441 424 610 445 consensus
626 425 632 445 t
652 414 705 445 sed
717 414 880 445 delectatio
895 423 967 453 quae

198 471 245 500 est
263 467 405 505 venialis,
423 467 609 498 adveniente
627 476 784 498 consensu
795 490 804 504 ,
822 467 858 497 fit
880 475 964 496 mor-

199 521 292 552 talis:
315 529 394 560 ergo
417 520 539 551 veniale
566 530 621 560 per
644 520 901 560 complacentiam
932 520 967 550 fit

199 574 341 605 mortale.
365 573 466 604 Minor
489 576 588 613 patet3
609 574 683 613 quia
710 573 871 604 delectatio
902 582 967 603 mo·

198 636 280 665 rosa,
298 635 371 667 quae
385 628 432 657 est
445 626 576 657 venialis
591 629 666 657 ante
677 635 878 664 consensum,
895 635 967 665 pos-

197 682 247 711 tea
261 681 297 710 fit
311 679 465 717 mortalis,

237 735 268 763 4.
286 732 363 763 Item
378 732 529 772 placitum
549 734 595 762 est
609 733 715 772 quieta
724 732 874 763 voluntas
889 743 896 762 :
913 733 966 763 sed

197 786 360 825 quiescens
373 785 406 816 in
423 787 576 823 creatura,
594 786 710 816 fruitur
719 785 783 824 illa,
796 787 826 816 et
839 786 882 816 ita
897 795 967 825 pec-

197 842 245 869 cat
260 839 433 870 mortaliter
449 847 456 869 :
471 847 550 877 ergo
566 838 687 868 veniale
705 839 740 868 fit
755 848 810 878 per
826 839 964 879 compla-

196 892 332 923 centiam
347 891 492 922 mortale.

237 948 264 976 5.
284 945 372 984 Item,
382 945 466 984 quod
480 953 536 984 per
549 944 798 982 multitudinem,
812 944 937 975 videtur
957 955 962 974 ι

196 998 271 1038 quia
285 1007 375 1029 amor
390 997 532 1028 mortalis
547 1006 610 1027 non
624 997 745 1027 excedit
757 1006 900 1027 amorem
916 1006 967 1028 ve-

195 1051 288 1082 nialis
309 1052 342 1081 in
363 1051 525 1081 infinitum
542 1060 549 1080 ;
576 1050 629 1081 sed
651 1050 778 1080 finitum
801 1050 967 1089 aliquoties

195 1108 359 1144 sumptum
366 1104 468 1135 reddit
483 1112 549 1134 esse
560 1112 624 1134 non
637 1104 762 1134 finitum
778 1114 785 1133 ε
800 1112 889 1142 ergo,
906 1105 964 1133 etc.

195 1158 228 1188 Si
242 1158 382 1195 tudicas,
405 1157 489 1197 quod
510 1156 633 1187 excedit
653 1156 686 1186 in
711 1156 968 1196 infinitun1,quia

194 1211 255 1242 hoc
263 1214 311 1242 est
325 1220 420 1250 supra
439 1210 551 1247 Deum,
574 1212 605 1240 et
627 1210 704 1240 illud
720 1211 815 1247 infra;
835 1212 963 1240 contra:

194 1264 242 1294 Ab
251 1264 360 1295 eadem
375 1264 562 1302 virtutenon
577 1263 643 1293 exit
651 1264 794 1293 motusin
805 1254 966 1293 inlinitum

195 1319 309 1357 maj0r,
326 1319 357 1348 et
372 1317 478 1347 minor
495 1325 502 1346 ε
519 1317 572 1347 sed
587 1326 677 1347 amor
696 1312 848 1354 m‘ortalis,
864 1318 895 1346 et
910 1325 965 1346 ve-

195 1371 296 1409 nialis,
314 1372 388 1401 sunt
402 1370 442 1400 ab
457 1370 566 1400 eadem
582 1370 736 1409 potentia:
749 1378 838 1408 ergo,
851 1371 910 1399 etc.

235 1427 265 1455 6.
292 1424 370 1454 Item
394 1423 517 1453 veniale
545 1425 591 1453 est
615 1422 748 1462 alicujus
772 1422 964 1462 quantitatis,

194 1478 270 1518 quia
285 1479 331 1508 est
342 1478 445 1516 majus
457 1480 487 1506 et
503 1476 608 1506 minus
622 1476 693 1506 :sed
704 1484 798 1506 omne
808 1477 965 1515 quantum

194 1533 240 1561 est
262 1529 527 1570 proportionabile
549 1531 689 1568 quanto:
711 1537 790 1567 ergo
817 1529 961 1566 mortale,

193 1593 267 1614 cum
285 1583 325 1613 sit
340 1584 506 1622 quantum,
525 1590 589 1611 non
616 1581 737 1612 excedit
760 1581 883 1612 veniale
904 1581 964 1611 im-

195 1635 501 1678 proportionabiliter
516 1645 522 1665 :
540 1637 571 1665 et
584 1635 639 1672 sic,
657 1636 715 1664 etc.

235 1692 265 1721 7.
280 1690 358 1720 Item
371 1688 492 1720 veniale
508 1690 556 1718 est
570 1687 732 1727 dispositio
749 1688 854 1727 aliquo
870 1688 964 1719 modo

194 1745 233 1775 ad
246 1743 377 1774 mortale
392 1753 397 1773 :
415 1742 469 1773 sed
484 1751 539 1781 per
553 1743 707 1780 maiorem
723 1741 963 1781 dispositionem

195 1798 231 1828 fit
248 1797 433 1827 necessitas:
451 1803 530 1833 ergo
551 1794 746 1831 necessario,
771 1796 804 1824 ut
825 1794 961 1832 videtur,

196 1849 321 1880 veniale
337 1848 507 1879 introducit
523 1847 654 1877 mortale
673 1849 847 1886 peccatum.

97 1914 122 1927 uu
140 1914 180 1928 au·
236 1903 367 1934 Contra:
386 1901 528 1938 Veniale,
545 1903 576 1931 et
592 1900 740 1938 mortale,
761 1901 864 1940 specie
879 1901 965 1932 diffe-

195 1958 271 1988 runt
289 1967 295 1986 :
316 1955 370 1986 sed
395 1954 634 1994 complacentia,
661 1963 697 1985 eo
719 1954 804 1993 quod
828 1955 965 1994 compla-

195 2009 314 2045 centia,
330 2017 395 2039 non
410 2009 511 2037 mutat
531 2007 684 2046 speciem,
702 2007 755 2037 sed
772 2011 937 2039 conservat
955 2019 961 2039 ι

195 2072 273 2102 ergo
288 2071 388 2092 unum
404 2069 461 2100 per
475 2060 735 2100 complacentiam
751 2069 815 2091 non
830 2061 865 2091 fit
886 2061 965 2092 alte-

195 2123 288 2146 rum:
305 2123 384 2153 ergo
398 2114 522 2145 veniale
538 2122 602 2144 non
616 2114 651 2143 fit
666 2114 810 2144 mortale.

235 2168 313 2198 Item
325 2167 458 2198 mortale
471 2166 594 2197 excedit
606 2166 728 2197 veniale
743 2167 776 2197 in
790 2167 962 2207 infinitum,

195 2222 272 2262 quia
299 2230 393 2261 poeua
420 2220 543 2251 excedit
570 2228 697 2259 poenam
718 2220 751 2250 in
776 2220 935 2252 inlinitum
955 2233 960 2251 :

195 2281 274 2312 ergo
290 2271 412 2303 veniale
428 2271 578 2302 infinities
593 2271 835 2311 multiplicatum
849 2281 913 2303 non
930 2273 965 2303 fit

196 2324 339 2356 mortale.

463 2393 687 2426 CONCLUSIO.

195 2478 332 2505 Peccatum
359 2475 463 2502 veniale
481 2483 530 2510 per
557 2475 777 2510 complacentiam
797 2479 881 2511 potest
907 2479 965 2512 ficri

230 2521 357 2553 mortale,
370 2519 495 2554 loquendo
510 2519 543 2547 de
557 2527 584 2547 eo
598 2520 667 2554 quod
681 2521 711 2554 fit
726 2528 779 2548 non
792 2528 840 2556 per
853 2530 962 2558 surrep—

231 2568 335 2594 tionem.

238 2649 329 2690 Resp.
348 2649 388 2682 ad
402 2657 475 2690 arg.
495 2647 668 2681 Dicendum
685 2648 770 2689 quod
784 2649 902 2690 triplex
916 2651 964 2682 est

1728 188 1784 217 651

1023 262 1127 293 genus
1145 253 1277 284 venialis
1291 254 1408 294 peccati
1428 264 1434 285 z
1458 254 1616 294 quoddam
1637 253 1723 284 enim
1743 255 1789 284 est

1021 316 1061 338 ex
1075 307 1288 347 surreptione,
1305 310 1336 338 et
1350 308 1418 338 ideo
1434 308 1556 343 veniale
1568 332 1576 346 ‚
1599 307 1674 347 quia
1693 307 1787 338 vitari

1021 370 1085 392 non
1107 363 1208 401 potest
1233 363 1326 400 tunc;
1353 360 1511 401 quoddam
1534 369 1574 391 ex
1598 360 1788 400 cogitatione

1021 414 1088 445 sine
1114 415 1274 445 voluntate
1298 414 1363 445 sive
1388 423 1558 452 consensu,
1582 416 1612 444 et
1637 414 1706 444 ideo
1731 422 1786 444 ve-

1022 468 1120 506 niale,
1137 468 1211 508 quia
1226 477 1290 499 non
1305 468 1397 508 plene
1411 467 1566 498 consentit
1580 467 1687 505 homo,
1704 469 1739 497 ut
1755 467 1787 496 in

1022 521 1213 560 cogitatione
1226 521 1264 552 de
1281 521 1428 559 muliere,
1445 523 1475 551 et
1490 520 1693 551 delectatione
1707 519 1788 550 circa

1021 582 1212 605 consensum
1231 575 1264 604 in
1286 574 1541 612 delectationem3
1563 573 1722 613 quoddam
1743 575 1789 603 est

1022 626 1144 656 veniale
1157 636 1232 657 cum
1247 627 1369 658 ratione
1384 629 1414 657 et
1428 635 1598 663 consensu,
1616 624 1670 656 sed
1683 627 1789 655 tamen

1021 678 1091 709 ideo
1114 681 1160 709 est
1182 680 1320 717 veniale,
1341 680 1416 720 quia
1440 689 1504 711 non
1527 682 1573 710 est
1595 678 1788 710 deordInatio

1022 734 1132 762 contra
1147 736 1356 773 praeceptum,
1373 735 1409 764 ut
1426 733 1560 764 ebrietas
1572 757 1580 770 ‚
1603 734 1634 763 et
1656 732 1788 762 menda-

1021 784 1107 815 cium
1118 787 1275 825 J'ocosum.
1292 786 1371 817 Cum
1385 786 1488 825 igitur
1507 785 1663 825 quaeritur
1678 786 1787 815 utrum

1022 838 1154 869 mortale
1168 839 1223 869 fiat
1241 839 1381 877 veniale,
1400 839 1425 869 si
1445 839 1600 878 intelligat
1614 837 1698 878 quod
1720 837 1788 867 haec

1022 891 1112 931 culpa
1128 901 1184 929 per
1199 892 1366 923 essentiam
1381 892 1436 922 fiat
1449 892 1500 922 illa
1509 915 1518 929 ,
1530 891 1618 922 nulla
1630 893 1676 921 est
1687 899 1789 930 quaes-

1021 945 1082 983 tio,
1108 945 1182 985 quia
1205 946 1266 976 hoc
1287 948 1334 976 est
1353 945 1561 984 impossibile3
1588 945 1614 974 si
1635 944 1791 982 intelligat

1021 998 1105 1037 quod
1122 997 1213 1035 illud,
1231 998 1314 1037 quod
1336 998 1412 1029 alias
1436 1000 1503 1028 erat
1527 996 1668 1034 veniale,
1693 996 1791 1035 possit

1022 1060 1089 1081 esse
1113 1051 1261 1088 mortale,
1288 1053 1323 1081 ut
1347 1051 1549 1082 mendacium
1569 1043 1714 1090 „iocosum
1726 1073 1735 1088 ,
1761 1051 1791 1080 et

1021 1104 1166 1143 ebrietas,
1179 1105 1246 1135 dico
1257 1105 1341 1145 quod
1353 1105 1512 1145 quoddam
1523 1113 1587 1135 non
1599 1105 1633 1134 fit
1644 1104 1787 1141 mortale,

1022 1157 1180 1197 quoddam
1211 1158 1247 1188 fit
1275 1158 1406 1188 mortale
1437 1166 1492 1197 per
1517 1156 1786 1196 complacentiam.

1022 1210 1166 1242 Primum
1190 1211 1290 1250 igitur
1320 1211 1443 1241 veniale
1471 1210 1556 1250 quod
1584 1209 1790 1240 committitur

1022 1267 1136 1304 praeter
1157 1265 1329 1303 rationem,
1351 1273 1476 1305 semper
1496 1266 1542 1295 est
1568 1264 1707 1301 veniale3
1736 1263 1790 1294 sed

1021 1317 1158 1348 secundo
1173 1317 1266 1347 modo
1280 1317 1402 1347 veniale
1420 1327 1475 1357 per
1490 1317 1727 1348 delectationem
1743 1316 1788 1346 ci-

1021 1374 1069 1402 tra
1084 1372 1124 1411 (a)
1138 1381 1345 1409 consensum,
1370 1372 1405 1402 fit
1428 1371 1560 1402 mortale
1582 1380 1638 1411 per
1658 1379 1787 1401 consen-

1021 1435 1109 1464 sum,
1125 1427 1155 1456 et
1174 1426 1218 1456 ita
1239 1435 1294 1465 per
1315 1425 1589 1465 complacentiam,
1614 1424 1788 1455 secundum

1021 1479 1104 1518 quod
1115 1479 1265 1518 placitum
1278 1478 1392 1509 dicitur
1401 1486 1571 1509 consensus
1581 1478 1705 1517 plenus.
1717 1476 1789 1507 Ter—

1020 1532 1100 1562 tium
1126 1531 1267 1568 veniale,
1292 1532 1377 1571 quod
1402 1533 1447 1562 est
1472 1540 1526 1571 per
1550 1531 1788 1562 delectationem

1020 1584 1101 1614 infra
1114 1584 1150 1623 (b)
1165 1584 1281 1622 Deum,
1302 1586 1402 1624 potest
1417 1585 1484 1615 fieri
1500 1584 1631 1615 mortale
1648 1593 1703 1623 per
1717 1583 1790 1613 libi-

1020 1637 1126 1668 dinem
1137 1646 1305 1676 magnam,
1318 1637 1398 1668 sicut
1411 1638 1610 1668 mendacium
1623 1638 1785 1676 Jocosum:

1021 1693 1051 1721 et
1064 1691 1124 1721 hoc
1144 1691 1179 1720 fit
1196 1691 1328 1721 mortale
1345 1691 1519 1722 secundum
1543 1691 1712 1730 placitum,
1738 1699 1789 1720 se-

1020 1744 1161 1774 cundum
1188 1744 1271 1782 quod
1294 1743 1443 1783 placitum
1465 1743 1581 1774 dicitur
1606 1743 1711 1783 quieta
1733 1751 1790 1773 vo-

1020 1796 1135 1827 luntas.
1166 1796 1203 1826 Et
1224 1797 1299 1836 quia
1324 1796 1447 1827 iteratio
1477 1799 1563 1827 actus
1588 1796 1725 1835 disponit
1751 1796 1788 1826 ad

1021 1849 1181 1880 libidinem
1197 1851 1226 1879 et
1246 1849 1506 1888 complacentiam
1519 1873 1527 1886 ,
1546 1849 1619 1879 hinc
1640 1851 1686 1879 est
1705 1849 1788 1888 quod

1021 1902 1219 1941 Augustinus
1242 1902 1315 1932 dicit
1339 1902 1372 1932 in
1396 1902 1545 1941 pluribus
1566 1902 1676 1940 locis¹,
1702 1901 1787 1941 quod

1021 1956 1112 1996 plura
1137 1955 1271 1986 venialia
1296 1956 1451 1989 obruunt,
1483 1965 1547 1986 non
1574 1964 1630 1994 per
1659 1964 1708 1993 se,
1736 1955 1789 1985 sed

1021 2009 1095 2048 quia
1118 2009 1289 2048 disponunt
1316 2008 1355 2039 ad
1378 2008 1559 2045 libidinem;
1578 2016 1642 2038 non
1657 2008 1787 2047 disposi-

1021 2062 1105 2093 tione
1119 2061 1311 2092 necessitatis
1320 2085 1328 2099 ,
1345 2061 1398 2092 sed
1411 2061 1588 2100 pronitatis.

1063 2119 1076 2147 1
1095 2118 1124 2146 et
1138 2118 1168 2146 ΕΞ.
1185 2115 1233 2146 Ad
1249 2115 1324 2145 illud
1338 2123 1417 2154 ergo
1430 2115 1514 2154 quod
1529 2114 1692 2154 probatur,
1705 2114 1789 2153 quod

1022 2169 1157 2200 venialia
1176 2177 1240 2198 non
1256 2169 1334 2198 fiant
1353 2167 1498 2198 mortalia
1521 2176 1575 2206 per
1598 2167 1787 2204 essentiam,

1021 2222 1188 2253 dicendum
1205 2221 1290 2261 quod
1306 2230 1417 2252 verum
1433 2222 1495 2258 est3
1513 2220 1566 2251 sed
1581 2220 1665 2259 quod
1683 2220 1790 2259 objici-

1021 2278 1073 2306 tur
1092 2275 1125 2305 iu
1147 2274 1341 2305 contrarium
1365 2274 1403 2304 de
1427 2274 1627 2312 Augustino,
1649 2273 1788 2309 solutum

1022 2331 1068 2360 est
1083 2328 1242 2369 quomodo
1256 2327 1457 2366 intelligitur.
1478 2326 1556 2357 Illud
1571 2326 1657 2356 enim
1673 2326 1788 2356 intelli-

1021 2382 1108 2421 gitur
1123 2382 1189 2419 sive
1208 2390 1263 2421 per
1279 2380 1535 2411 convenientiam
1550 2380 1583 2409 in
1599 2388 1716 2418 genere
1734 2388 1788 2410 ac-

1022 2438 1091 2473 tus,
1123 2435 1190 2466 sive
1217 2444 1274 2474 per
1302 2433 1557 2473 dispositionem,
1588 2433 1662 2472 quia
1688 2432 1789 2463 multa

1020 2489 1155 2522 venialia
1169 2489 1340 2529 disponunt
1354 2488 1393 2519 ad
1405 2487 1570 2518 libidinem
1585 2489 1615 2518 et
1629 2489 1788 2527 contemp-

1021 2546 1112 2575 tum:
1132 2543 1201 2574 ideo
1218 2542 1420 2581 Augustinus
1439 2542 1601 2581 comparat
1621 2550 1659 2572 ea
1682 2540 1788 2571 bestiis

1053 2615 1142 2645 ¹Aug.‚
1155 2614 1228 2645 epist.
1244 2618 1316 2643 evin,
1332 2612 1364 2636 al.
1380 2617 1472 2642 cern,
1488 2618 1513 2636 n.
1530 2613 1552 2635 8.

1052 2659 1083 2688 (α)
1095 2658 1165 2684 Edit.
1185 2658 1239 2683 Ven.
1257 2657 1331 2682 circa.
1344 2669 1374 2674 —-
1385 2656 1420 2687 (b)
1438 2656 1507 2679 Item.
