2017 2948
62 1379 94 1400 Im
99 1378 159 1405 prob.

579 185 678 218 DIST.
701 185 778 217 XIV.
803 185 919 217 PART.
941 185 965 216 1.
989 184 1080 217 ART.
1104 184 1141 216 11.
1165 184 1316 222 QUAEST.
1340 186 1364 216 1.

178 254 313 285 aliarum
325 278 333 292 ‚
355 256 475 285 constat
496 253 580 293 quod
601 253 803 293 poenitentia,
820 255 856 283 ut
870 260 947 292 prae-

178 309 311 338 missum
324 310 380 345 est,
393 308 451 338 sub
460 307 584 347 justitia
597 307 806 337 contineatur.
823 306 948 337 ‚Iustitia

178 364 367 399 autemjcum
385 361 425 390 sit
437 360 563 390 habitus
577 369 674 397 unus,
691 368 754 389 non
766 361 867 398 potest
881 368 948 389 esse

179 414 211 443 in
230 414 375 454 pluribus
396 413 536 443 viribus:
561 421 639 451 ergo
659 421 784 443 necesse
803 415 850 443 θεῖ
863 412 948 452 quod

179 467 220 496 sit
239 468 270 496 in
288 476 363 497 una.
383 466 520 503 Rursus,
537 475 609 495 cum
623 466 871 505 actusjustitiae,
893 466 947 505 qui

179 521 226 550 θεῖ
238 519 368 550 reddere
385 519 559 559 unicuique
580 519 663 558 quod
687 528 782 549 snum
799 522 861 557 est,
880 528 949 559 pro-

179 573 247 613 prie
256 573 294 603 sit
308 573 448 609 rationis,
462 573 536 612 quia
548 573 604 604 iste
620 575 665 603 est
679 575 768 604 actus
778 573 948 612 judicialis⁷

179 629 209 657 et
223 627 302 657 ratio
321 628 367 656 est
387 626 487 665 judex
509 627 542 656 in
559 636 659 665 regno
684 627 817 657 animae:
842 627 950 657 dicunt

179 680 264 719 quod
278 680 403 720 justitia
420 682 466 710 est
488 680 519 710 in
540 681 660 711 ratione
678 683 713 710 ut
728 682 772 710 est
786 680 898 719 judex,
915 681 951 710 si-

180 734 231 762 cut
247 733 415 772 prudentia
434 733 467 762 iu
478 742 514 763 ea
528 735 563 763 ut
576 736 621 763 est
634 733 710 771 dux,
728 734 794 763 sive
810 733 952 764 consilia-

180 785 257 815 rius.
280 785 318 816 Et
333 787 486 826 quoniam
500 786 596 824 ratio,
614 789 649 817 ut
663 788 710 817 est
721 786 838 825 judex,
854 786 952 826 impe-

180 840 228 868 rat
242 839 298 868 toti
318 839 446 874 animae,
465 839 537 869 hinc
553 841 599 869 est
613 839 698 878 quod
711 839 835 878 justitia
850 840 949 870 cardi-

180 891 260 921 nalis
282 892 396 922 dicitur
417 901 528 922 omnes
552 892 637 923 vires
660 893 776 922 animae
798 893 929 923 circuire
942 905 948 930 ;

179 947 210 975 et
220 945 294 975 hinc
309 948 355 975 est
371 945 454 985 quod
466 946 594 975 habitus
606 946 756 983 continet,
774 946 826 985 qni
844 946 953 976 viden-

179 1000 231 1028 tur
245 998 285 1029 ad
300 998 497 1029 affectionem
512 1001 687 1039 pertinere,
705 1000 785 1029 sicut
802 1000 949 1029 obedien-

179 1052 255 1082 tiam
270 1055 300 1083 et
313 1053 529 1092 poenitentiam
542 1065 548 1090 ;
565 1057 595 1083 θῖ
609 1054 683 1084 hinc
696 1054 835 1092 estquod
851 1054 952 1093 poeni—

179 1106 276 1136 tentia
295 1105 327 1135 in
343 1115 407 1135 una
421 1106 452 1136 vi
474 1108 529 1143 est,
551 1109 658 1136 tamen
682 1106 797 1136 multas
821 1106 953 1135 circuire

179 1158 324 1195 videtnr;
343 1160 372 1188 θῖ
387 1158 457 1188 ideo
473 1158 505 1187 in
520 1158 663 1188 rationali
681 1161 738 1195 est,
756 1161 791 1188 ut
808 1161 853 1188 est
868 1159 953 1197 regi-

181 1210 246 1241 tiva
260 1211 426 1241 irascibilis
440 1213 471 1241 et
492 1211 755 1251 concupiscibilis,
776 1214 812 1241 ut
828 1214 953 1241 moveat

181 1263 457 1303 concupiscibilem
472 1264 511 1294 ad
522 1264 716 1303 gemendum
733 1274 789 1303 pro
803 1264 906 1303 culpa,
924 1267 954 1294 et

183 1316 372 1346 irascibilem
393 1317 431 1346 ad
453 1317 649 1356 puniendum
673 1317 775 1356 ipsam
799 1318 951 1347 animam.

183 1369 241 1399 Sed
262 1378 320 1399 nec
342 1369 419 1400 illud
448 1373 494 1400 θεῖ
518 1370 655 1400 multum
677 1370 830 1400 rationale
854 1370 953 1410 inspi-

183 1423 288 1461 cienti,
308 1423 393 1463 quod
416 1424 621 1464 poeniteutia,
640 1433 712 1463 qnae
729 1427 773 1454 est
792 1425 824 1454 in
840 1424 955 1454 affectu

184 1477 333 1515 maxime,
351 1480 381 1508 et
394 1478 568 1515 humilitas,
586 1487 658 1518 quae
671 1480 715 1507 est
731 1477 849 1516 species
861 1477 955 1516 justi-

183 1531 246 1569 tiae,
263 1531 302 1560 sit
316 1531 349 1561 in
366 1531 522 1561 rationali.
540 1531 577 1561 Et
592 1531 736 1569 ulterius,
749 1531 878 1561 habitus
895 1531 955 1561 vir-

183 1584 259 1614 tutis
269 1585 432 1615 nondebet
448 1585 611 1624 ponicirca
627 1585 781 1615 virtutem
794 1585 953 1623 imperan—

184 1640 259 1675 tem,
274 1638 328 1669 sed
342 1638 516 1669 elicientem
528 1648 535 1668 ε
550 1648 623 1668 nam
636 1638 667 1668 in
679 1638 829 1668 eliciendo
840 1640 885 1667 θεῖ
901 1638 955 1667 dif-

185 1691 317 1729 ficultaS,
335 1694 365 1722 et
379 1693 523 1730 respectu
539 1691 622 1721 illius
634 1715 640 1727 ,
654 1691 719 1721 sive
733 1690 855 1721 ratione
871 1690 956 1720 illius

185 1746 230 1774 θεῖ
245 1745 437 1775 liabilitatio:
452 1745 535 1775 unde
551 1747 655 1775 motus
670 1745 796 1775 virtutis
808 1753 871 1773 non
886 1743 957 1773 dici-

184 1800 238 1828 tur
249 1807 316 1828 θεεθ
327 1798 423 1838 huju>-
433 1798 571 1837 proprie,
583 1798 631 1827 vel
647 1798 744 1834 illius,
757 1797 819 1826 nisi
831 1796 958 1826 virtutis

185 1850 354 1880 elicientis:
373 1851 453 1880 sicut
465 1851 490 1879 si
505 1851 642 1880 charitas
655 1851 787 1889 imperet
797 1849 957 1879 continere

186 1903 236 1933 vel
249 1903 373 1942 ¹iustitia
394 1913 540 1942 pugnare
554 1915 560 1941 ;
578 1906 684 1933 tamen
699 1904 859 1933 continere
874 1912 955 1932 sem-

186 1965 242 1995 per
266 1959 311 1986 θεῖ
337 1957 560 1993 continentiae,
582 1959 611 1987 θῖ
635 1959 718 1987 recte
743 1966 889 1997 pugnare
913 1958 959 1986 est

187 2006 378 2037 fortitudinis
396 2018 402 2037 z
432 2008 513 2038 sicut
538 2017 618 2046 ergo
644 2008 796 2047 poenitere
820 2017 883 2037 non
912 2009 959 2038 est

187 2060 249 2090 nisi
273 2061 483 2100 poenitentiae,
507 2062 550 2092 sic
574 2064 604 2092 υῖ
624 2061 753 2092 habitus
774 2063 820 2091 θεῖ
840 2071 905 2091 non
927 2061 959 2090 in

188 2113 305 2144 virtute
320 2114 506 2154 imperante,
524 2115 577 2145 sed
588 2114 728 2145 eliciente
742 2125 748 2144 :
766 2114 835 2144 haec
849 2115 958 2144 autem

188 2176 252 2196 non
275 2168 320 2196 est
342 2167 389 2197 vis
412 2168 584 2205 rationalis,
609 2168 663 2199 sed
684 2169 733 2198 vis
757 2167 913 2203 affectiva,
930 2168 960 2197 θῖ

190 2220 328 2251 maxime
343 2220 517 2259 irascibilis,
535 2222 616 2251 sicut
629 2223 715 2261 patet
727 2230 766 2252 ex
783 2221 959 2251 rationibus

190 2272 278 2311 prius
288 2273 376 2304 visis.
391 2274 469 2305 Nam
486 2275 667 2314 poenitentia
681 2284 747 2305 non
759 2276 882 2305 tantum
899 2283 961 2305 res-

190 2325 264 2365 picit
291 2326 406 2357 vitium
434 2329 518 2367 quod
551 2329 772 2365 abominatur,
803 2329 958 2367 quantum

190 2379 369 2418 subjectum
385 2381 502 2420 peccati
526 2383 634 2412 contra
653 2381 737 2421 quod
758 2381 913 2419 insurgit,
930 2383 959 2411 et

190 2431 275 2472 qnod
293 2432 488 2471 insurgendo
506 2434 611 2473 punit,
626 2436 656 2464 et
671 2444 733 2464 non
753 2436 817 2464 tam
835 2433 961 2473 respicit

190 2485 326 2524 culpam,
347 2486 414 2517 sive
430 2486 594 2524 offensam,
620 2496 718 2527 quam
738 2487 833 2517 etiam
857 2496 962 2517 emon-

189 2537 282 2569 dam:
300 2541 329 2569 ct
344 2538 403 2569 ista
422 2539 557 2570 emenda
571 2542 617 2570 est
632 2540 665 2570 in
681 2549 783 2579 poenae
803 2541 960 2571 sufferen—

225 2621 230 2636 ²
252 2621 277 2645 S.
296 2620 398 2646 Thous..
423 2628 446 2651 p.
471 2621 512 2649 111,
532 2627 556 2651 q.
578 2626 672 2650 Lxxxv,
695 2620 727 2644 al.
753 2626 786 2650 iv,
806 2622 875 2646 tenet
891 2622 960 2652 quod

190 2657 228 2679 est
244 2656 269 2679 in
283 2656 462 2680 voluntate.—
476 2656 483 2669 ²
498 2656 580 2680 Gloss.
594 2663 667 2686 super
682 2656 780 2685 Genea,
795 2663 819 2680 c.
839 2662 865 2680 ιι.

1709 188 1767 217 563

1002 253 1061 282 tia:
1085 253 1115 283 et
1134 252 1204 283 ideo
1224 253 1306 282 recte
1326 251 1441 282 dicitur
1461 252 1614 283 vindicta.
1642 252 1679 283 Et
1699 253 1769 284 ideo
1783 256 1888 282 ornum·

1003 308 1049 336 est
1062 305 1122 336 alia
1136 305 1252 345 opinio,
1270 304 1355 344 quod
1371 305 1565 344 poenitentia,
1582 308 1617 336 ut
1633 308 1679 336 est
1697 315 1767 346 spe-

1004 358 1089 389 cialis
1105 359 1224 396 virtus,
1248 360 1294 388 est
1309 359 1342 388 in
1357 358 1515 388 irascibili.
1540 358 1628 389 Hanc
1643 360 1771 399 positio-

1004 421 1078 442 nem
1093 411 1185 442 credo
1206 411 1463 451 probabiliorem.
1488 411 1557 442 Non
1576 413 1661 442 enim
1685 413 1772 453 capio

1004 465 1163 504 quomodo
1188 465 1370 504 poenitentia
1408 465 1440 494 in
1472 465 1620 495 omnibus
1650 466 1773 497 viribus

1005 527 1072 548 esse
1092 518 1206 557 possit,
1231 527 1303 548 cum
1325 518 1363 548 sit
1389 518 1517 548 habitus
1541 518 1702 557 specialis;
1731 519 1774 549 sic

1005 580 1062 601 nec
1075 571 1248 601 secundum
1265 571 1366 610 capio,
1380 571 1538 610 quomodo
1554 570 1658 601 omnis
1674 571 1775 602 virtus

1006 625 1045 654 sit
1062 624 1095 654 in
1110 634 1175 654 una
1190 625 1233 659 vi,
1250 625 1412 664 supposito
1427 624 1512 664 quod
1523 624 1670 664 potentiae
1685 624 1777 655 ratio-

1006 677 1092 708 nales
1116 677 1178 707 sint
1194 677 1313 717 plures,
1331 687 1404 717 quae
1428 680 1500 708 sunt
1518 677 1654 717 propriae
1678 678 1777 718 ipsius

1006 731 1122 761 animae
1137 732 1173 760 ut
1188 730 1361 767 rationalis,
1379 731 1446 761 sive
1461 731 1525 761 sint
1543 731 1650 771 plures
1666 733 1775 771 poten-

1006 783 1075 819 tire,
1103 784 1169 814 sive
1186 786 1221 813 ut
1243 784 1351 814 dicunt
1375 784 1444 822 alii,
1471 785 1578 824 plures
1601 785 1699 822 vires3
1720 794 1778 815 nec

1007 838 1154 873 tertium,
1179 838 1339 877 quomodo
1357 839 1540 877 poenitentia
1565 842 1595 869 et
1614 839 1778 870 humilitas

1007 892 1118 921 sintin
1138 892 1274 929 ratione,
1297 901 1371 922 cum
1393 892 1498 923 dicant
1521 893 1603 932 quod
1630 895 1675 923 est
1690 893 1780 923 affec-

1007 945 1116 982 tionis,
1134 948 1169 975 ut
1192 945 1285 975 etiam
1302 945 1369 984 ipsa
1390 955 1478 984 spes,
1497 946 1547 976 vel
1570 946 1717 976 charitas.
1742 945 1780 976 Et

1007 998 1076 1028 ideo
1097 998 1265 1028 dicendum
1288 999 1373 1037 quod
1393 1008 1466 1028 cum
1488 998 1673 1038 poenitentia
1693 999 1731 1028 de
1747 1008 1779 1028 se

1007 1050 1088 1080 dicat
1101 1051 1244 1081 habitum
1264 1052 1449 1088 affectionis,
1467 1052 1552 1091 quod
1566 1055 1612 1082 est
1627 1052 1660 1082 in
1675 1054 1780 1092 poten-

1007 1103 1050 1133 tia
1065 1104 1211 1134 affectiva
1224 1105 1243 1134 ¹.
1261 1104 1336 1135 Cum
1355 1107 1462 1135 autem
1483 1104 1566 1135 dicat
1582 1105 1779 1135 affectionem

1008 1157 1070 1186 orlii
1084 1156 1134 1186 vel
1150 1157 1277 1193 doloris,
1292 1160 1327 1187 ut
1338 1157 1498 1195 vindictae,
1513 1160 1543 1187 θῖ
1558 1160 1594 1187 ut
1608 1157 1778 1197 punientis,

1008 1212 1089 1239 sicut
1108 1212 1191 1249 patet
1220 1219 1260 1240 ex
1281 1210 1446 1250 multiplici
1471 1211 1654 1241 auctoritate
1675 1213 1704 1241 et
1728 1220 1778 1241 ra-

1009 1263 1093 1292 tione
1116 1263 1146 1292 in
1169 1264 1376 1303 opponendo,
1395 1266 1425 1294 θῖ
1443 1263 1521 1294 illud
1542 1264 1648 1294 odium
1662 1288 1669 1301 ,
1696 1265 1779 1304 quod

1009 1318 1054 1345 θεῖ
1070 1324 1143 1346 cum
1165 1316 1415 1353 insurrectione,
1440 1317 1478 1347 sit
1502 1317 1534 1347 in
1553 1317 1701 1347 irascibili
1724 1326 1781 1357 po-

1008 1369 1117 1406 tentia7
1132 1369 1202 1399 dico
1211 1370 1294 1409 quoii
1306 1370 1374 1409 ipsa
1386 1370 1571 1409 poenitentia
1581 1373 1627 1400 est
1638 1371 1669 1400 in
1678 1370 1782 1401 irasci-

1010 1423 1074 1453 bili.
1093 1423 1125 1453 Si
1141 1423 1326 1462 objiciatur:
1345 1424 1503 1463 quomodo
1515 1424 1574 1455 boc
1588 1426 1689 1464 potest
1701 1433 1779 1463 esse,
1797 1431 1902 1459 objectio.

1010 1485 1084 1506 cnm
1108 1477 1149 1506 sit
1179 1477 1296 1516 species
1320 1477 1471 1515 justitiae,
1491 1477 1648 1517 ,iustitiam
1676 1480 1782 1508 antem

1010 1539 1136 1559 necesso
1161 1530 1199 1559 sit
1219 1539 1287 1560 esse
1306 1530 1338 1560 in
1358 1540 1423 1561 una
1445 1531 1584 1570 potentia
1597 1555 1605 1569 ‚
1630 1533 1782 1571 tanquam

1010 1582 1158 1612 habitum
1176 1592 1294 1619 uuum,
1312 1583 1380 1613 haec
1395 1585 1502 1613 autem
1522 1593 1585 1614 non
1604 1585 1704 1623 potest
1718 1593 1784 1614 esse

1010 1636 1195 1673 irascibilis,
1219 1637 1295 1675 quia
1315 1636 1420 1675 magis
1443 1638 1488 1666 θεῖ
1508 1636 1557 1666 vis
1579 1636 1709 1667 rationis
1729 1637 1784 1676 jus

1011 1690 1159 1726 recidere,
1183 1699 1280 1729 quam
1303 1690 1451 1729 potentiae
1475 1690 1659 1720 irascibilis?
1683 1690 1785 1720 dicen-

1011 1743 1089 1773 dum
1105 1743 1190 1781 quod
1204 1743 1272 1782 ipsa
1285 1743 1411 1782 justitia
1425 1745 1470 1772 est
1487 1743 1520 1772 iu
1534 1743 1635 1773 tribus
1652 1742 1781 1781 viribus,
1800 1751 1893 1785 nespou-

1011 1795 1184 1825 secundum
1197 1796 1282 1835 quod
1297 1796 1372 1826 dicit
1386 1795 1494 1826 Glossa
1505 1804 1601 1835 super
1613 1796 1755 1827 Genesim
1762 1796 1782 1833 ²,
1799 1788 1830 1802 ⁵¹⁰

1012 1848 1093 1886 quod
1110 1850 1312 1887 comparatur
1321 1849 1442 1887 justitia
1455 1848 1575 1879 Eufrati
1595 1849 1646 1888 (a).
1661 1848 1694 1879 Si
1709 1849 1785 1888 obji-
1799 1860 1904 1888 objectio.

1012 1901 1075 1930 cias
1095 1911 1100 1930 :
1126 1901 1286 1940 quomodo
1312 1904 1413 1941 potest
1437 1911 1504 1932 esse
1528 1902 1656 1932 habitus
1679 1903 1785 1932 unus?

1014 1953 1085 1983 Ilico
1102 1953 1184 1993 qnod
1193 1954 1317 1993 justitia
1327 1954 1494 1984 cardinalis
1504 1957 1605 1994 potest
1621 1964 1685 1985 esse
1700 1955 1786 1986 habi-

1012 2009 1063 2037 tus
1087 2016 1188 2045 unus,
1216 2017 1281 2037 nou
1306 2008 1385 2038 sicut
1409 2008 1567 2039 conclusio
1590 2009 1786 2048 particularis

1012 2059 1128 2091 dicitur
1150 2060 1279 2091 habitus
1300 2071 1399 2098 unus,
1415 2062 1469 2092 sed
1492 2062 1573 2093 sicut
1596 2072 1661 2093 una
1683 2062 1787 2093 totalis

1014 2113 1145 2144 scientia
1162 2114 1278 2145 dicitur
1298 2124 1396 2152 unus;
1417 2117 1452 2145 ut
1469 2115 1693 2154 grammatica,
1713 2124 1785 2155 quae

1015 2167 1130 2197 multos
1146 2167 1284 2198 continet
1299 2167 1425 2199 habitus
1436 2168 1655 2208 particulares,
1670 2171 1701 2199 et
1714 2177 1787 2207 geo-

1013 2221 1126 2251 metria
1142 2232 1148 2252 :
1167 2221 1211 2251 sic
1228 2224 1257 2251 et
1268 2222 1392 2261 justitia
1409 2222 1638 2260 obedientiam,
1658 2221 1786 2252 humili-

1015 2276 1122 2311 tatem,
1140 2275 1357 2314 poenitentiam
1367 2299 1376 2314 ,
1394 2278 1424 2306 et
1444 2276 1639 2314 largitatem,
1658 2277 1688 2306 θῖ
1706 2275 1787 2305 veri-

1014 2329 1128 2365 tatem;
1152 2330 1181 2358 et
1205 2328 1380 2359 secundum
1400 2329 1475 2359 istos
1498 2328 1624 2359 habitus
1651 2328 1787 2368 particu-

1014 2379 1096 2410 lares
1121 2382 1307 2420 potestesse
1335 2381 1367 2411 in
1391 2382 1500 2411 divisis
1524 2381 1681 2421 potentiis.
1707 2379 1787 2411 Nam

1017 2434 1131 2464 veritas
1143 2436 1190 2465 est
1207 2435 1237 2465 in
1253 2435 1418 2473 rationali,
1434 2437 1465 2465 et
1479 2435 1609 2473 largitas
1622 2434 1653 2463 in
1671 2442 1786 2464 concu-

1015 2487 1162 2526 piscibili,
1190 2488 1375 2527 poenitentia
1399 2490 1429 2518 et
1455 2487 1618 2517 humilitas
1645 2487 1678 2516 in
1707 2486 1786 2517 iras-

1015 2540 1109 2570 cibili.
1148 2540 1309 2572 Uniuntur
1340 2543 1447 2571 tamen
1482 2550 1591 2571 omnes
1621 2540 1653 2570 in
1689 2549 1787 2571 unam

1015 2594 1185 2632 rationem,
1216 2604 1288 2634 quae
1308 2597 1355 2625 θεῖ
1381 2594 1510 2625 reddere
1543 2593 1716 2633 unicuique
1732 2595 1788 2633 ,ius

1047 2657 1079 2685 (a)
1095 2656 1199 2686 Corriqe
1214 2656 1345 2686 Euphrati.

1801 1941 1894 1967 Respon-

1799 1978 1839 1992 sio.
