2017 2948
195 125 251 154 172

194 189 346 229 quoniam
363 187 488 227 justitia
508 187 610 226 magis
636 186 730 217 dictat
752 195 810 215 nos
826 184 962 223 obligari

194 242 256 272 Deo
267 265 274 277 ‚
304 250 400 280 quam
438 240 600 280 proximo;
630 239 698 269 ideo
727 238 964 278 praemittuntur

194 294 342 325 mandata
357 294 395 324 ad
411 294 510 323 Deum
527 293 704 323 ordin-antia
722 294 872 330 tunquam
892 290 964 328 ‹lig-

194 349 294 385 niora,
312 350 342 377 et
356 347 586 383 excellentiora,
603 348 630 375 vt
651 345 754 383 iungis
777 343 961 381 obligantia.

195 401 325 439 Rurmm,
343 400 417 440 quia
431 400 458 439 pl
466 409 500 429 us
510 401 556 429 est
569 397 703 436 obligari
718 396 757 426 ειιΙ
772 398 877 425 actum
892 404 965 433 ope-

195 454 256 491 riS,
273 462 368 493 quam
383 453 421 483 ad
442 454 546 482 actum
563 451 643 487 oris;
664 452 693 479 et
712 449 750 479 ad
768 451 872 479 actum
890 447 964 484 oris⁷

195 516 292 547 quam
308 506 344 536 ad
360 509 464 535 artum
481 504 583 534 cordis
601 514 607 533 z
629 503 702 532 hinc
727 504 771 531 est
789 500 871 540 quod
889 509 966 540 prae-

196 562 320 599 ceptum
336 557 527 588 adorationis
542 556 574 585 in
593 564 686 595 opere
706 556 850 593 respectu
867 553 966 583 Patris

196 614 243 642 est
264 611 423 651 pri1num;
447 611 641 649 praeceptum
666 617 742 638 vero
763 606 967 636 confessionis

198 667 229 696 iu
245 675 298 696 ore
317 667 461 704 respectu
476 663 544 694 Filii
558 666 604 693 est
619 662 814 698 secundum3
832 669 967 700 praecep-

196 722 264 749 tum
282 728 357 749 vero
377 716 631 748 sanctificationis
658 716 690 745 in
712 714 804 745 corde
825 715 968 753 respectu

196 774 331 813 Spiritus
350 773 447 803 sancti
469 774 515 802 est
540 771 679 801 tertium.
707 769 869 805 Similiter,
894 768 969 808 quia

195 827 265 866 plus
278 829 324 857 est
337 826 474 864 obligari
490 825 527 855 ad
543 823 796 859 beneficentiam,
813 830 911 862 quam
931 821 969 851 ad

194 880 407 910 innocentiam
419 903 426 916 ‚
454 880 646 918 praeceptum
676 876 770 913 illud,
797 884 852 915 per
882 874 967 913 quod

195 934 377 972 obligamur
392 933 429 963 ad
446 931 704 962 benefaciendum
728 930 793 966 alii,
816 928 968 969 praecedit

197 987 250 1017 illa
264 996 319 1026 per
333 995 405 1025 quae
427 985 608 1023 obligamur
625 984 664 1014 ad
689 992 752 1013 non
778 982 969 1013 nocendum.

200 1039 235 1070 Et
253 1040 381 1076 iterum,
393 1038 468 1078 qnia
480 1038 584 1076 inagis
595 1037 779 1075 obligamur
793 1036 893 1066 vitare
910 1044 973 1064 ma-

197 1094 252 1132 jus
269 1094 498 1122 nocumentum
520 1090 671 1130 proximi,
689 1092 719 1119 et
747 1090 850 1127 majus
874 1097 973 1118 nocu-

202 1148 344 1175 mentum
355 1146 443 1175 estin
457 1144 637 1181 homicidio⁷
651 1153 747 1183 quam
756 1143 788 1172 in
800 1142 953 1172 adulterio
964 1152 971 1178 ;

203 1201 229 1227 c*
248 1199 281 1227 in
299 1198 464 1235 adulterio,
486 1206 582 1236 quam
604 1197 635 1226 iu
658 1197 741 1226 furto
755 1207 761 1233 3
777 1198 808 1225 et
827 1195 860 1224 iu
879 1196 972 1231 furto,

204 1261 299 1292 qnam
318 1253 349 1281 in
365 1251 647 1287 sulsotcstin1‹›11io;
661 1252 691 1280 et
703 1250 735 1279 in
751 1249 800 1279 his
812 1248 973 1285 omnibus,

204 1317 301 1347 quam
318 1307 350 1337 in
367 1306 619 1346 concupiscemia
635 1305 754 1342 cordis;
772 1306 802 1334 et
816 1304 849 1333 in
865 1312 977 1333 concu-

205 1360 355 1401 piscentia
363 1360 466 1390 cordis
478 1360 582 1397 magis
593 1362 735 1398 respectu
745 1357 866 1394 uxoris,
879 1364 976 1395 quani

206 1417 349 1454 respectu
363 1415 408 1445 rei
424 1414 606 1454 temporalis
620 1424 626 1450 3
644 1416 674 1443 et
689 1413 749 1442 hoc
766 1411 876 1442 ordine
894 1409 977 1440 oidi-

207 1470 324 1498 nantur
354 1468 501 1498 mandata
525 1466 672 1505 llecalogi
695 1477 702 1496 :
724 1465 799 1495 hinc
825 1466 871 1494 est
895 1464 979 1503 quod

208 1521 448 1552 convenientem
474 1520 592 1549 habent
625 1519 768 1549 ordinem
803 1517 979 1547 secundum

208 1574 355 1612 regulam
370 1573 572 1611 obligationis
588 1572 684 1611 ipsius
701 1571 845 1611 Justitiae.
868 1570 980 1599 Conce-

209 1627 348 1658 dendum
365 1629 411 1656 est
436 1626 538 1664 igitur
560 1625 642 1665 quod
664 1624 812 1654 mandata
835 1622 979 1660 liet-alogi

209 1682 293 1710 recto
309 1680 418 1709 ordine
433 1679 631 1715 ordinantur,
654 1678 720 1707 sive
744 1676 981 1707 consideremus

209 1733 354 1771 regulam
370 1732 443 1761 fidei
459 1731 614 1767 dictantis,
632 1731 698 1761 sive
721 1729 867 1769 regulam
884 1728 980 1767 Justi-

208 1786 261 1816 tice
275 1784 473 1824 exequentis.

250 1841 278 1868 1.
294 1838 341 1868 Ad
362 1837 439 1867 illud
457 1845 531 1867 vero
554 1837 639 1876 quod
660 1836 762 1875 primo
786 1836 934 1875 objicitur
948 1835 981 1865 in

209 1891 414 1926 contrarium,
432 1890 516 1929 quod
532 1890 584 1919 via
605 1889 692 1928 prior
707 1891 764 1926 est,
782 1898 880 1928 quam
902 1888 981 1918 illud

209 1945 247 1974 ad
258 1944 341 1983 quod
354 1944 449 1980 ducit,
466 1943 633 1972 dicendum
649 1943 746 1981 quod,
758 1943 908 1982 quamvis
926 1942 982 1971 im-

209 1997 304 2036 pletio
319 1996 541 2026 mandatorum
561 1995 708 2025 secundee
729 1996 846 2025 tabulae
862 2004 979 2035 praece-

210 2049 262 2080 dat
292 2050 324 2079 in
351 2048 537 2079 executione
566 2048 736 2086 perfectam
766 2048 982 2086 impletionem

211 2102 433 2131 mandatorum
458 2100 569 2140 priuiae
594 2100 728 2136 tabulae,
752 2101 785 2129 in
808 2100 982 2130 considera-

212 2157 295 2186 tione
310 2158 416 2186 tamen
431 2157 461 2185 et
476 2155 508 2184 iu
527 2155 700 2185 intentione
718 2157 764 2184 est
779 2164 795 2184 e
810 2155 980 2185 contrario.

213 2209 294 2240 Ordo
314 2211 420 2239 auten]
440 2208 662 2238 mandatorum
683 2208 789 2245 magis
812 2208 984 2238 attenditur

213 2270 307 2301 penes
321 2261 464 2292 ordinem
479 2260 652 2299 dignitatis,
667 2269 764 2299 quam
778 2262 894 2290 nostrae
907 2269 982 2290 exe-

213 2314 362 2345 cutionis.

252 2370 282 2398 22.
299 2367 345 2397 Ad
364 2367 442 2397 illud
466 2366 550 2406 quod
573 2365 730 2404 objicitur,
756 2365 841 2404 quod
865 2367 985 2404 quanto

214 2420 319 2459 aliqua
334 2422 408 2450 sunt
423 2419 674 2455 universaliora,
699 2420 785 2448 tanto
809 2419 925 2457 priora,
942 2419 987 2448 di-

215 2473 350 2503 cendum
365 2473 449 2513 quod
462 2473 520 2503 etsi
536 2472 613 2502 illud
626 2472 665 2501 sit
680 2480 793 2501 verum
811 2471 986 2502 secuudum

216 2524 341 2563 aliquod
358 2535 460 2564 genus
482 2524 672 2566 prioritatis;
690 2524 769 2553 nihil
790 2526 897 2554 tamen
919 2532 987 2563 pro-

249 2585 281 2615 (ιι)
297 2586 366 2611 Edit.
387 2587 442 2612 Ven.
458 2586 647 2611 ‹lelectione.—
659 2584 692 2615 (ὕ)
709 2585 765 2609 isto.

743 116 1049 150 SENTENTlARUM
1073 117 1146 148 LlB.
1171 118 1226 148 lll.

1020 184 1108 215 hibet
1123 185 1185 215 alio
1195 194 1312 224 genere
1325 185 1497 225 prioritatis
1512 194 1578 216 esse
1588 194 1606 216 e
1618 185 1786 224 contrario,

1019 239 1128 277 utpote
1143 240 1300 277 quantum
1320 238 1357 268 ad
1375 238 1571 277 prioritatem
1587 237 1746 268 electionis
1760 239 1791 268 et

1020 290 1048 320 di
1053 291 1196 329 gnitatis.
1209 290 1360 327 Quamvis
1371 292 1456 322 enim
1469 292 1527 322 ssos
1538 291 1578 321 sit
1589 291 1674 331 prior
1688 291 1792 322 fructu

1022 345 1162 382 tempore
1177 346 1207 374 et
1227 345 1362 383 origine,
1379 346 1499 375 fructus
1519 347 1623 374 tamen
1642 346 1688 374 est
1706 344 1793 384 prior

1021 396 1171 427 electione
1191 398 1229 437 (a)
1246 400 1277 428 et
1292 398 1448 437 dignitate
1465 407 1472 428 :
1490 399 1520 428 et
1534 397 1578 427 sic
1592 397 1624 427 in
1635 397 1793 437 proposito

1021 452 1068 480 est
1084 450 1341 489 intelligendum.

1063 504 1091 533 3.
1107 502 1153 533 Ad
1170 503 1246 533 illud
1265 503 1350 543 quod
1365 503 1526 543 objicitur,
1543 503 1626 543 quod
1649 503 1734 543 prior
1748 505 1796 534 est

1023 557 1111 586 actus
1125 557 1237 593 cordis
1251 565 1348 596 quam
1364 557 1429 586 oris
1444 559 1475 587 et
1489 557 1606 596 operis,
1624 556 1795 587 dicendum

1022 608 1176 646 similiter,
1193 609 1277 648 quod
1293 610 1439 648 quamvis
1452 610 1491 639 sit
1507 609 1593 649 prior
1608 609 1732 648 origine
1745 618 1794 639 ac-

1023 663 1074 692 tus
1089 662 1203 700 cordis,
1221 672 1318 702 quam
1331 663 1446 702 operis,
1464 663 1542 693 nihil
1558 665 1664 693 tamen
1683 662 1796 702 prohi-

1024 715 1075 745 bet
1090 716 1256 746 hominem
1279 716 1382 755 magis
1405 716 1543 755 obligari
1567 715 1604 745 ad
1628 715 1796 746 vitandum

1024 770 1129 798 actum
1158 769 1263 808 operis
1274 793 1283 806 ,
1311 778 1407 808 quam
1438 769 1549 799 cordis.
1579 768 1661 799 Ordo
1690 771 1796 799 autem

1026 824 1259 861 praeceptorum
1282 822 1385 861 magis
1415 822 1541 861 respicit
1571 822 1795 861 maj0ritatem‚

1026 884 1122 914 quam
1138 875 1334 914 prioritatem
1350 875 1496 914 originis
1690 882 1698 888 ·

1066 931 1094 958 4.
1113 928 1159 957 Ad
1179 927 1256 958 illud
1271 928 1355 967 quod
1372 928 1532 967 objicitur,
1548 928 1632 968 quod
1649 927 1736 968 prior
1753 929 1800 958 est

1027 983 1114 1011 actus
1131 981 1302 1019 rationalis,
1320 990 1417 1021 quam
1434 982 1600 1012 irascibilis
1616 981 1666 1012 vel
1685 989 1800 1011 eoncu-

1029 1035 1259 1074 pisciliilis,(lici
1276 1037 1375 1074 potest
1396 1035 1572 1065 secundum
1592 1034 1800 1074 praehabitam

1030 1088 1125 1125 viam,
1145 1089 1227 1128 quod
1238 1089 1297 1119 hoc
1312 1091 1359 1119 est
1371 1098 1484 1119 verum
1502 1089 1539 1119 de
1555 1089 1717 1128 prioritate
1737 1088 1800 1119 ori·

1031 1142 1127 1180 ginis.
1157 1141 1255 1172 Aliter
1272 1142 1367 1172 etiam
1392 1144 1493 1181 potest
1512 1142 1593 1180 dici,
1619 1141 1703 1181 quod
1724 1141 1804 1171 nihil

1031 1196 1177 1235 prohihet
1202 1195 1376 1226 secundum
1403 1195 1543 1235 aliquam
1572 1195 1804 1235 appropriatio-

1031 1258 1104 1278 nem
1120 1250 1227 1278 actum
1242 1248 1406 1278 irascibilis
1421 1249 1612 1288 praecedere,
1627 1248 1804 1279 secundum

1032 1302 1115 1341 quod
1132 1302 1183 1331 ille
1198 1304 1286 1331 actus
1298 1301 1519 1340 correspondet
1530 1309 1673 1340 personae
1689 1299 1804 1339 Patris,

1033 1364 1106 1394 quse
1121 1357 1167 1385 est
1181 1354 1284 1394 prima
1298 1363 1432 1394 persona
1454 1354 1487 1384 in
1509 1353 1533 1384 T
1535 1354 1662 1384 rinitate
1679 1364 1686 1383 :
1707 1355 1739 1384 et
1752 1362 1805 1384 se-

1034 1408 1173 1438 cundum
1190 1407 1275 1437 illam
1292 1407 1601 1447 correspondentiam
1618 1407 1805 1446 assignatur

1034 1461 1110 1491 ordo
1123 1461 1155 1491 in
1169 1461 1335 1499 mandatis,
1345 1470 1418 1500 quae
1433 1462 1574 1500 spectant
1586 1460 1624 1491 ad
1633 1459 1804 1491 secundam

1036 1515 1188 1545 tabulam.

1075 1570 1103 1598 5.
1129 1568 1177 1598 Ad
1200 1567 1278 1597 illud
1305 1567 1390 1606 quod
1414 1567 1580 1606 objicitur,
1596 1566 1681 1607 quod
1701 1569 1748 1597 est
1763 1567 1806 1597 ibi

1035 1621 1153 1652 ordinis
1176 1620 1389 1660 repugnantia
1414 1620 1496 1651 inter
1520 1620 1667 1651 mandata
1693 1620 1805 1660 primae

1035 1674 1166 1711 tabulae,
1196 1675 1226 1704 et
1252 1673 1418 1711 seeundae,
1448 1674 1523 1713 quia
1547 1674 1629 1703 inter
1658 1673 1807 1704 mandata

1036 1728 1147 1767 primae
1166 1726 1281 1756 tabulae
1296 1726 1447 1764 negativa
1462 1727 1693 1765 praeponuntur
1712 1725 1803 1756 affir-

1036 1781 1178 1817 mativis;
1205 1779 1372 1810 dicendum
1399 1779 1484 1818 quod
1512 1779 1572 1810 hoc
1600 1781 1647 1809 est
1676 1778 1804 1817 salsum,

1036 1834 1112 1874 quia
1133 1832 1279 1872 quamvis
1302 1832 1441 1871 primum
1464 1831 1650 1862 mandatum
1665 1831 1808 1862 videatur

1036 1897 1102 1918 esse
1118 1886 1304 1925 negativum
1320 1887 1478 1925 quantum
1499 1885 1538 1915 ad
1562 1885 1704 1922 modum,
1721 1885 1809 1915 affir-

1036 1940 1192 1970 mativum
1204 1940 1309 1969 tamen
1320 1940 1366 1969 est
1381 1940 1537 1978 quantum
1550 1938 1589 1968 ad
1602 1947 1680 1968 rem.
1699 1937 1810 1969 Prohi-

1036 1993 1149 2022 hentur
1157 1992 1243 2022 enim
1253 1992 1377 2022 adorari
1389 1991 1560 2030 sculptilia,
1572 1994 1602 2021 et
1614 1991 1647 2021 in
1658 1991 1717 2021 hoc
1726 1991 1809 2021 clau-

1036 2046 1121 2076 ditur
1136 2045 1220 2084 quod
1236 2053 1320 2075 unus
1341 2045 1426 2075 solus
1451 2044 1531 2074 Deus
1553 2044 1661 2074 debeat
1683 2043 1808 2074 adorari

1037 2101 1066 2128 et
1081 2098 1149 2128 coli.

1077 2154 1106 2181 6.
1128 2151 1174 2180 Acl
1192 2151 1269 2180 illud
1285 2150 1369 2190 quod
1383 2150 1542 2189 objicitur,
1558 2149 1643 2189 quod
1667 2150 1701 2179 in
1721 2156 1810 2179 man-

1037 2204 1117 2234 datis
1133 2204 1244 2243 primae
1271 2203 1387 2233 tabulae
1415 2202 1651 2233 nobilissimum
1680 2203 1810 2241 ponitur

1040 2256 1151 2286 ultimo
1163 2256 1242 2292 loco,
1258 2256 1438 2295 responderi
1454 2257 1555 2295 potest
1571 2265 1624 2295 per
1635 2256 1809 2295 interemp-

1038 2309 1169 2346 tionem,
1186 2309 1261 2348 quia
1276 2318 1340 2339 non
1354 2311 1400 2339 est
1416 2310 1519 2347 majus
1533 2309 1700 2339 sabbatum
1715 2317 1807 2338 sanc-

1039 2362 1277 2401 titicare,quam
1304 2362 1401 2392 Deum
1423 2362 1564 2392 adorare.
1591 2361 1689 2391 Aliter
1712 2361 1809 2391 etiam

1040 2414 1220 2454 responderi
1247 2416 1347 2453 potest
1363 2425 1369 2444 z
1388 2415 1463 2454 quia
1480 2416 1547 2444 esto
1562 2413 1598 2453 (b)
1612 2413 1696 2452 quod
1717 2412 1811 2443 nobi-

1041 2468 1200 2497 lissimum
1218 2470 1387 2506 poneretur
1410 2467 1503 2497 tertio
1522 2467 1601 2502 loco,
1623 2465 1726 2496 adhuc
1747 2474 1811 2496 non

1042 2525 1089 2554 est
1103 2523 1309 2559 deoidinatio,
1322 2522 1482 2563 quiaillud
1491 2521 1657 2562 respondet
1666 2520 1810 2558 bonitati,

1044 2585 1116 2616 quae
1131 2576 1350 2616 appropriatur
1363 2575 1494 2615 Spiritui
1509 2576 1627 2614 sancto⁷
1642 2575 1733 2614 cujus
1743 2582 1813 2616 per-
