2017 2948
645 153 833 185 DISTINCT.
857 150 949 184 XVII.
974 152 1074 184 PARS
1101 153 1138 184 ΙΙ.

97 223 214 254 debant
231 223 315 263 quod
330 222 406 253 utile
421 223 488 252 erat
504 221 662 259 confiteri,
678 222 709 251 et
722 220 863 251 sacerdo—

97 277 143 306 tes
155 278 300 316 poterant
313 274 487 306 absolvere.
500 274 572 305 Ideo
585 274 735 313 Magister
748 276 779 304 et
790 273 864 304 Gra·

100 329 206 360 tianus
234 329 267 358 in
295 327 430 358 Decretis
456 326 516 357 hoc
544 327 683 357 referunt
711 329 864 366 tanquam

99 382 295 421 opinionem;
313 383 419 410 tamen
434 382 567 419 uterque
581 379 739 418 improbat
754 380 823 417 1100,
837 381 865 409 et

100 434 286 465 determinat
301 434 333 463 in
347 433 541 463 contrarium
554 443 561 462 ε
575 434 606 463 01
615 433 640 462 si
651 433 723 472 quis
734 433 868 472 pertina-

100 486 178 516 citer
195 487 348 516 assereret
366 484 578 522 contrarium,
601 489 681 515 esset
700 484 868 515 haereticus

98 538 298 578 judicandus

424 587 492 608 DUR.
516 587 548 608 11.

181 640 231 665 Sed
248 639 315 671 quod
329 639 430 664 defendi
445 646 497 663 non
510 640 603 669 potest,
620 638 688 662 ablui
705 639 796 668 potest.

143 696 276 728 Videtur
290 697 372 727 male
389 696 507 733 dicere,
525 696 600 736 quia
619 695 745 726 nullum
762 703 869 734 pecca-

105 753 174 781 tum
182 752 284 789 potest
293 749 521 780 rationabiliter
531 748 654 779 defendi
664 758 671 779 :
684 756 783 788 quare
793 756 872 786 ergo

105 803 196 841 dicit,
210 803 295 842 quod
311 802 433 833 defendi
450 811 514 832 non
529 802 654 841 potest?

147 855 240 895 Resp.
273 855 443 885 Dicendum
470 854 556 894 quod
584 854 797 885 defensionem
824 853 875 883 hic

107 910 197 939 vocat
210 908 328 948 peccati
343 908 600 938 excusationem:
623 910 654 938 et
672 907 778 947 aliqua
800 908 876 937 sunt

108 963 252 1001 peccata,
272 970 345 1000 quae
364 963 438 991 sunt
462 961 621 1000 possibilia
640 960 782 997 defendi,
802 959 877 999 quia

108 1016 240 1054 possunt
253 1014 412 1052 excusari,
429 1016 459 1043 et
471 1014 531 1044 hoc
546 1014 614 1053 ipso
629 1013 727 1052 digna
740 1015 878 1043 5001νο-

109 1067 179 1105 nia,
197 1067 277 1097 sicut
294 1068 420 1106 peccata
434 1069 574 1105 naturae,
592 1075 664 1106 quaa
678 1067 810 1105 possunt
825 1073 878 1095 ex-

110 1120 214 1151 cusari
226 1120 265 1150 de
275 1129 323 1157 se;
340 1122 370 1149 et
382 1119 487 1158 aliqua
502 1121 576 1149 sunt
588 1121 714 1158 peccata
728 1127 800 1157 quae
815 1127 879 1148 non

110 1175 241 1212 possunt
258 1172 403 1202 excusari
418 1172 456 1202 de
472 1181 504 1202 se
515 1196 522 1209 ,
540 1172 593 1202 sed
618 1174 748 1211 possunt
763 1171 880 1202 habere

111 1225 306 1256 ablutionem
328 1228 358 1255 et
381 1225 614 1255 absolutionem
637 1225 751 1255 merito
776 1225 880 1264 lacry-

111 1288 250 1309 marum.
262 1278 336 1309 Vult
347 1287 424 1317 ergo
437 1278 540 1308 dicere
554 1289 560 1308 z
573 1277 610 1308 Et
621 1287 685 1308 non
697 1280 744 1308 est
755 1278 881 1317 aliquod

112 1334 275 1371 peccatum
304 1333 369 1361 tam
396 1324 621 1370 grave,⁷quod
645 1340 700 1370 per
725 1331 882 1371 lacrymas

113 1393 176 1414 non
192 1384 247 1414 fiat
261 1383 454 1420 excusabile3
472 1393 530 1413 nec
549 1383 677 1422 aliquod
696 1384 739 1414 ita
762 1384 882 1423 ponde-

114 1446 237 1475 rosum,
255 1437 333 1477 quin
354 1446 450 1467 verus
469 1436 558 1467 dolor
578 1437 773 1467 contritionis
793 1436 883 1466 faciat

114 1490 267 1520 confiteri.
296 1490 334 1520 Et
357 1490 450 1520 fletus
479 1491 509 1519 ct
538 1489 722 1528 lacrymatio
749 1489 884 1519 consulit

115 1543 243 1580 sceleri,
260 1543 337 1573 dum
354 1542 503 1581 impetrat
522 1542 664 1579 veniam3
685 1544 716 1572 et
729 1551 881 1572 verecun-

114 1597 192 1634 diae,
209 1596 286 1626 dum
309 1595 410 1625 reddit
431 1597 625 1634 peccatorem
650 1595 880 1631 excusabilem3

115 1649 164 1681 vel
172 1649 245 1679 facit
253 1657 328 1679 eum
340 1648 562 1678 verecundiam
575 1648 721 1687 abjicere,
733 1648 772 1677 ob
785 1657 883 1687 quam

114 1711 178 1733 non
193 1701 328 1732 audebat
341 1700 483 1731 confiteri
498 1712 504 1730 :
520 1703 550 1731 et
561 1700 603 1730 ita
620 1700 805 1731 Ambrosius
821 1709 883 1731 non

115 1755 248 1785 intendit
271 1754 438 1784 excludere
461 1753 706 1790 consessionem,
736 1753 789 1783 sed
813 1762 883 1793 per-

116 1808 248 1838 suadere
270 1816 381 1837 veram
406 1806 625 1836 contritionem
650 1817 656 1835 z
680 1807 710 1835 et
737 1806 780 1836 sic
803 1808 888 1845 patet

117 1861 293 1891 intellectus
309 1858 514 1890 auctoritatis.

435 1956 503 1978 DUB.
527 1955 571 1976 111.

164 2025 220 2048 Non
235 2022 291 2047 dico
299 2041 307 2053 ,
319 2021 387 2053 quod
399 2020 543 2045 confitearis
556 2027 585 2044 ea
599 2026 724 2044 conservo
740 2022 782 2045 tuo
793 2038 800 2051 ‚
816 2022 843 2044 ut

444 2056 501 2086 tibi,
514 2058 562 2080 ete.

160 2127 342 2158 Secundum
356 2125 417 2156 hoc
431 2124 568 2162 videtur,
584 2123 669 2163 quod
690 2133 764 2154 cum
784 2125 889 2155 omnis

121 2181 217 2211 homo
232 2179 271 2209 sit
285 2187 472 2215 conserVUS,
494 2176 579 2216 quod
594 2175 673 2207 nulli
695 2176 793 2216 possit
815 2186 888 2217 pec-

122 2235 228 2264 catum
242 2231 387 2263 revelari.
405 2230 579 2268 Praeterea,
600 2229 743 2269 sigillum
767 2230 888 2261 confes-

123 2286 220 2316 sionis
234 2287 281 2315 est
295 2284 528 2315 arctissimum:
545 2292 624 2322 ergo
649 2291 713 2313 non
738 2282 828 2313 debet
852 2283 889 2313 ti-

124 2348 210 2369 mere
226 2340 259 2368 ut
273 2337 331 2367 sibi
346 2336 566 2376 exprobretur.

164 2390 256 2430 Resp.
269 2390 440 2421 Dicendum
450 2389 534 2428 quod
544 2387 709 2427 dupliciter
723 2389 891 2421 confitetur

125 2445 237 2484 aliquis
251 2445 413 2484 peccatum
427 2451 522 2472 suum
538 2440 631 2471 alicui
647 2451 653 2470 :
669 2442 723 2471 aut
739 2441 820 2472 sicut
834 2442 891 2473 ho-

125 2498 222 2534 mini,
233 2499 264 2528 et
274 2497 332 2527 hoc
342 2504 396 2535 per
406 2493 579 2535 quamdam
591 2493 890 2534 confabulationem3

126 2553 180 2582 aut
196 2551 277 2581 sicut
287 2549 360 2587 Deo,
378 2550 408 2579 et
417 2548 477 2579 hoc
492 2555 547 2586 per
563 2545 761 2577 conscientiae
776 2549 893 2581 revela-

128 2606 255 2641 tionem,
266 2605 301 2634 ut
316 2602 464 2641 loquatur
477 2599 598 2630 homini
610 2599 691 2629 sicut
702 2599 774 2631 Deo.
787 2601 892 2635 Primo

1629 158 1687 187 675

919 219 1012 250 modo
1026 221 1191 259 peccatum
1212 221 1368 259 confiteri,
1385 223 1432 253 est
1450 222 1592 254 confiteri
1611 232 1688 254 con-

919 280 1021 310 servo,
1038 272 1112 312 quia
1125 273 1294 303 confitetur
1306 273 1445 313 homini,
1460 276 1491 305 et
1500 276 1536 305 ut
1550 275 1688 313 homini3

920 326 951 355 et
964 325 1033 356 ideo
1048 327 1149 365 potest
1163 326 1222 356 sibi
1238 327 1442 366 exprobrare,
1459 328 1536 367 quia
1549 328 1588 359 ad
1604 329 1692 368 sigil-

920 376 987 407 lum
995 378 1199 408 confessionis
1208 387 1272 409 non
1283 380 1418 409 tenetur.
1429 380 1499 410 Alio
1507 380 1611 419 modo,
1619 381 1694 420 quia

922 431 1089 461 confitetur
1102 431 1223 461 homini
1239 433 1274 462 ut
1290 431 1365 469 Deo,
1383 434 1413 462 et
1431 434 1507 463 tunc
1521 442 1585 463 non
1600 434 1694 464 confi-

923 484 1049 513 teturut
1057 493 1223 521 conservo,
1234 484 1286 514 sed
1296 484 1369 522 Deo,
1380 485 1456 524 quia
1465 485 1562 516 homo
1569 496 1633 517 non
1644 496 1696 517 no-

923 535 969 565 vit
984 535 1062 566 illud
1074 537 1224 575 uthomo3
1240 546 1298 568 000
1313 539 1413 577 potest
1426 538 1505 569 illud
1519 538 1632 577 dicere,
1644 540 1698 570 sed

925 590 1051 619 tenetur
1057 591 1170 627 tacere,
1180 592 1211 620 et
1217 592 1294 621 tunc
1302 599 1365 621 non
1376 592 1423 622 est
1430 591 1607 623 timendum
1615 593 1699 632 quod

926 642 1106 680 exprobret.
1120 642 1153 673 Si
1166 645 1273 673 autem
1281 643 1395 683 aliquis
1408 645 1639 676 confessionem
1649 655 1700 676 re-

927 693 1058 731 velaret,
1077 695 1233 734 indignus
1243 699 1324 727 esset
1334 697 1496 728 honestate
1505 698 1698 736 sacerdotali;

929 748 959 776 et
977 747 1207 779 rationabiliter
1217 750 1370 781 confessio
1385 753 1488 790 posset
1502 751 1571 782 fieri
1586 751 1655 789 alii,
1672 753 1702 781 et

930 799 995 839 ipse
1011 800 1122 839 vitari;
1139 804 1168 832 et
1184 802 1244 833 hoc
1259 804 1443 835 auctoritate
1458 805 1640 845 superioris.

1248 896 1316 918 DUE.
1341 896 1385 919 IV.

1156 952 1331 978 Nescientibus
1347 954 1400 978 aliis
1411 972 1417 984 ,
1433 957 1480 979 etc.

974 1011 1102 1043 Videtur
1125 1014 1208 1044 male
1231 1014 1352 1053 dicere,
1376 1016 1451 1055 quia
1473 1016 1583 1047 nullus
1606 1020 1706 1057 potest

934 1065 1073 1104 seipsum
1098 1069 1388 1100 excommunicare.
1414 1069 1510 1107 Item,
1531 1073 1706 1110 quantum-

934 1127 1071 1158 cumque
1086 1119 1200 1159 aliquis
1215 1121 1364 1160 poeniteat
1376 1146 1383 1160 ,
1403 1122 1465 1152 nisi
1480 1132 1536 1162 per
1548 1124 1706 1163 judicium

935 1171 1104 1202 sacerdotis
1116 1182 1180 1202 non
1195 1176 1296 1212 potest
1310 1175 1515 1206 reconciliari.

977 1224 1068 1264 Resp.
1100 1225 1274 1257 Dicendum
1300 1230 1364 1265 est,
1392 1229 1477 1268 quod
1503 1229 1644 1269 loquitur
1669 1231 1707 1262 de

937 1278 1048 1308 notitia
1064 1288 1127 1318 qua
1141 1279 1212 1318 quis
1227 1281 1315 1311 novit
1330 1283 1366 1311 ut
1384 1281 1491 1312 homo.
1514 1282 1639 1323 Aliquis
1659 1286 1705 1315 ta-

938 1340 1011 1361 men
1037 1331 1125 1363 novit
1154 1334 1190 1362 ut
1217 1332 1321 1370 Deus,
1351 1334 1390 1364 ad
1421 1336 1513 1374 cujus
1539 1336 1707 1368 arbitrium

937 1383 1033 1414 homo
1050 1384 1164 1415 dicitur
1178 1385 1260 1416 ferre
1274 1386 1306 1416 in
1322 1395 1355 1417 se
1370 1389 1707 1421 excommunicationis

938 1437 1141 1474 sententiam,
1158 1438 1286 1477 quando
1304 1439 1343 1469 ab
1358 1439 1464 1480 aliquo
1479 1450 1513 1472 se
1532 1445 1617 1474 arcet
1631 1452 1708 1483 pro-

939 1490 1008 1529 pria
1023 1490 1202 1528 voluntate,
1225 1501 1243 1521 a
1258 1500 1321 1530 quo
1343 1494 1469 1524 arcetur
1488 1498 1708 1527 excommuni-

939 1545 1027 1573 catus
1044 1543 1176 1581 invitus,
1192 1546 1300 1583 utpote
1315 1554 1333 1575 a
1348 1545 1423 1576 locis
1437 1548 1576 1585 sacratis,
1593 1552 1623 1580 et
1637 1559 1709 1589 par—

940 1596 1118 1635 ticipatione
1148 1596 1367 1628 Eucharistiae.
1401 1598 1438 1629 Et
1465 1599 1490 1629 si
1518 1602 1553 1631 tu
1582 1601 1712 1642 objicias

940 1648 1024 1687 quod
1037 1658 1131 1679 nemo
1146 1649 1237 1680 debet
1252 1659 1285 1680 se
1294 1651 1420 1689 privare
1434 1652 1488 1684 illo
1502 1657 1710 1694 sacramento,

941 1711 1014 1732 cum
1035 1702 1075 1731 sit
1096 1702 1275 1741 medicina,
1299 1703 1467 1735 dicendum
1496 1707 1580 1745 quod
1605 1707 1712 1738 dilatio

942 1754 1119 1792 medicinae,
1138 1757 1174 1785 ut
1189 1755 1300 1786 melior
1316 1756 1371 1786 fiat
1384 1759 1590 1798 praeparatio,
1607 1761 1713 1800 potius

942 1810 988 1837 est
1012 1807 1187 1847 promotio,
1215 1817 1313 1848 quam
1338 1810 1484 1841 retractio
1503 1821 1522 1841 a
1545 1812 1639 1844 bono.
1664 1813 1712 1844 Ad

943 1860 1020 1891 illud
1039 1862 1146 1891 autem
1167 1864 1401 1893 sacramentum
1425 1864 1564 1895 maxime
1588 1875 1712 1906 praepa-

943 1916 1031 1944 ratur
1049 1914 1145 1944 homo
1161 1923 1217 1954 per
1231 1914 1426 1946 desiderium
1444 1919 1475 1947 et
1493 1927 1549 1957 per
1562 1927 1713 1950 reveren-

944 1967 1037 2004 tiam;
1055 1968 1085 1997 et
1101 1969 1219 2006 quanto
1234 1967 1354 1998 diutius
1372 1969 1541 2009 aliquando
1560 1980 1594 2002 se
1613 1974 1712 2004 retra-

944 2018 1007 2056 hit,
1033 2021 1120 2050 tanto
1141 2019 1378 2052 desiderabilius
1402 2023 1555 2061 sumitur,
1577 2027 1608 2055 et
1624 2034 1713 2057 reve-

945 2072 1066 2102 rentius
1087 2072 1225 2111 accedit,
1242 2073 1381 2105 maxime.
1402 2074 1453 2106 ille
1475 2076 1530 2116 qui
1551 2086 1570 2109 a
1589 2080 1715 2118 peccato

945 2124 1085 2164 resurgit
1097 2129 1106 2155 '2
1123 2126 1154 2156 et
1169 2125 1238 2156 ideo
1253 2125 1314 2156 1100
1326 2126 1411 2159 (11011.

1262 2219 1330 2241 ΒΠΒ.
1352 2219 1386 2243 V·

1118 2276 1149 2300 Ut
1162 2275 1347 2307 indulgentiam
1360 2278 1407 2302 Dei
1421 2279 1486 2311 nisi,
1502 2283 1549 2306 etc.

987 2336 1119 2368 Videtur
1134 2346 1175 2367 ex
1188 2337 1259 2376 hoc,
1276 2339 1361 2378 quod
1375 2339 1532 2373 absolutio
1547 2345 1717 2378 sacerdotis

948 2399 1004 2430 per
1025 2390 1157 2420 modum
1183 2391 1402 2431 supplicandi,
1426 2393 1494 2426 sive
1518 2396 1717 2440 deprecandi,

947 2443 1059 2474 debeat
1074 2443 1161 2482 fieri;
1183 2453 1247 2474 non
1268 2453 1346 2483 ergo
1365 2454 1421 2484 per
1444 2448 1574 2480 modum
1599 2450 1717 2484 indica-

948 2496 1061 2527 tivum.
1074 2495 1136 2527 Sed
1150 2496 1209 2528 hoc
1225 2498 1271 2527 est
1285 2498 1369 2536 quod
1380 2500 1525 2532 omnium
1541 2512 1719 2537 sacramen-

949 2551 1054 2581 torum
1075 2550 1176 2581 forma
1199 2552 1245 2580 est
1264 2559 1321 2589 per
1340 2552 1472 2585 modum
1491 2555 1717 2598 indicativum

949 2611 1028 2641 ergo
1043 2605 1073 2633 et
1089 2602 1187 2642 hujus
1203 2605 1403 2637 sacramenti.
