2017 2948
238 199 276 227 26
799 191 1109 223 SENTENTIARUM
1128 190 1201 221 LlB.
1225 191 1279 222 111.

239 263 267 292 ei
281 260 440 300 conjuncti
466 261 550 296 sunt,
566 267 662 297 quam
678 259 758 289 circa
783 268 836 290 cos
861 259 1006 298 quisunt

239 315 344 345 minus
358 311 528 352 conjuncti.
556 310 646 341 Ratio
667 313 773 342 autem
802 321 876 351 quae
900 313 1007 342 movet

239 368 297 397 hoe
312 374 438 406 ponere,
461 367 506 395 est
518 365 593 404 quia
610 364 791 404 liujiismodi
807 365 883 396 ordo
899 373 1007 395 conso-

238 430 313 451 nare
339 420 464 450 videtur
478 418 637 448 dictamini
666 420 801 455 naturae,
824 417 1005 457 perfectioni

239 473 363 512 gloriae,
378 471 557 502 rectitudini
579 471 698 501 divinae
723 471 868 509 justitiae.
887 470 1006 500 Natura

238 527 323 558 enim
339 527 442 563 dictat,
460 525 542 565 quod
561 525 657 555 homo
680 524 750 564 plus
769 534 800 554 se
816 534 911 563 quam
929 524 1008 555 alte-

238 589 312 611 rum
327 580 450 618 diligat.
477 578 582 608 Gloria
608 578 703 608 ctiam
718 578 889 608 essentialis
905 577 1008 617 magis

238 633 363 672 respicit
372 632 463 662 illum
478 632 509 661 in
526 640 589 671 quo
601 633 657 668 est,
670 640 767 670 quam
780 630 879 660 alium
890 630 919 661 ei
932 639 1008 661 con—

238 686 373 717 similem
387 688 418 716 et
432 686 660 725 propinquum.
674 684 783 714 Divina
805 685 900 715 etiam
911 684 1008 723 Justi-

238 740 281 770 tia
296 739 431 776 ordinat,
447 739 531 779 quod
547 738 617 778 plus
644 737 681 768 de
697 738 762 768 suis
786 737 907 768 meritis
923 747 1008 777 gau-

238 793 309 823 deat
336 792 432 822 homo
447 800 519 831 quce
538 791 620 828 fecit,
637 799 735 830 quam
759 790 796 820 de
823 790 946 821 alienis.
971 789 1009 821 Et

238 846 281 875 sic
298 854 353 884 per
367 853 494 875 omnem
514 844 643 874 modum
660 843 787 874 videtur
801 843 1006 882 conveniens,

239 900 274 928 ut
285 898 362 929 ordo
377 897 546 934 charitatis,
563 896 618 936 qui
632 897 670 935 (a)
686 899 731 927 cst
745 897 778 927 in
792 897 856 934 via,
868 896 1009 928 salvetur

239 951 269 981 in
284 951 396 990 patria.
411 950 501 981 Alius
510 953 615 981 autem
624 950 738 980 modus
748 950 870 981 dicendi
886 949 1006 988 esthic,

238 1004 324 1043 quod
340 1013 414 1035 cum
429 1004 545 1044 duplex
560 1004 599 1033 sit
620 1003 696 1033 ordo
711 1003 873 1033 charitatis
891 1012 898 1033 :
914 1012 1007 1040 unus,

239 1058 293 1096 qui
318 1057 442 1097 respicit
470 1056 654 1086 charltatem
680 1056 855 1086 secundum
882 1065 927 1091 se,
953 1057 1010 1096 qui

239 1111 367 1150 quidem
383 1110 554 1141 attenditur
568 1110 743 1139 secundum
755 1109 891 1148 gradum
906 1111 936 1139 et
950 1109 1009 1139 dif-

239 1164 385 1194 ferentias
407 1163 500 1200 lioni3
518 1164 605 1199 alter,
621 1162 677 1201 qui
701 1162 873 1193 attenditur
889 1162 1010 1193 ratione

239 1219 364 1247 naturae
381 1217 558 1253 substratam
571 1218 680 1255 utpote
696 1216 747 1246 ille
764 1216 819 1255 qui
834 1218 880 1246 est
894 1224 1009 1247 secun-

240 1270 316 1300 dum
332 1270 525 1299 differentias
540 1269 658 1309 proprii
675 1271 705 1298 ct
720 1269 824 1307 alieni,
841 1269 1010 1308 propinqui

241 1325 271 1353 ct
284 1323 397 1353 remoti
415 1332 421 1352 :
444 1331 528 1353 unus
554 1323 687 1352 istorum
713 1322 874 1358 ordinum,
895 1322 1011 1352 scilicet

240 1376 291 1406 ille
306 1376 360 1416 qui
379 1378 424 1406 est
439 1376 610 1413 eharitatis,
623 1375 797 1406 secuudum
812 1384 845 1405 se
857 1378 964 1406 manet
978 1375 1010 1405 in

240 1430 342 1469 patria
360 1440 366 1460 :
384 1429 435 1459 ille
457 1429 542 1459 enim
570 1432 615 1459 est
640 1429 800 1459 charitatis
823 1428 1009 1459 essentialis.

241 1483 329 1513 Unde
346 1483 450 1521 magis
477 1482 581 1521 diligit
598 1482 694 1512 homo
718 1482 750 1511 in
769 1482 871 1521 patria
898 1481 1010 1519 Deum,

239 1546 339 1577 quam
368 1537 515 1576 spiritum
542 1539 702 1573 creatum3
725 1536 872 1575 spiritum
895 1536 1010 1574 magis,

239 1599 338 1631 quam
348 1599 473 1629 corpus.
491 1589 580 1619 Alius
595 1598 670 1619 vero
683 1589 771 1625 ordo,
797 1589 852 1628 qui
875 1589 1009 1619 attendi-

238 1646 289 1673 tur
301 1643 422 1672 ratione
432 1646 554 1672 naturae
570 1642 735 1671 substratze
750 1665 757 1678 ⁷
775 1650 838 1671 non
855 1642 1010 1679 manebit,

238 1705 295 1736 pro
309 1705 345 1725 co
357 1695 440 1735 quod
456 1704 519 1725 nou
534 1695 681 1733 competit
695 1695 739 1724 illi
754 1695 859 1724 statui.
878 1694 913 1724 In
930 1696 1012 1725 statu

239 1758 377 1788 namque
402 1748 604 1778 beatitudinis
628 1748 761 1786 perfecta
776 1747 836 1777 erit
860 1747 1010 1777 obedien-

239 1803 281 1832 tia
297 1804 420 1832 uaturie
443 1803 587 1840 respectu
613 1801 723 1839 gloria?
739 1826 746 1838 ,
777 1802 915 1840 perfecta
937 1810 1011 1831 con-

239 1855 381 1885 formitas
396 1855 567 1885 voluntatiS
582 1857 697 1885 nostrae
714 1857 857 1894 respectu
875 1854 1010 1892 divinae,

240 1908 374 1947 perfecta
389 1908 483 1938 etiam
501 1908 708 1938 redundantia
728 1908 847 1938 laetitiae
868 1916 1011 1938 commu-

240 1961 299 1992 nis.
316 1961 396 1998 Quia
411 1961 546 2000 perfecta
560 1961 619 1991 erit
634 1960 812 1992 obedientia
827 1963 950 1991 naturae
966 1970 1013 1991 re-

241 2017 345 2054 spectu
370 2014 480 2052 gloriae
492 2037 500 2051 ,
519 2014 767 2044 conformabitur
786 2016 862 2044 tuuc
882 2014 1012 2046 omnino

242 2070 356 2097 natura
371 2066 483 2105 gloriae
495 2090 503 2104 ‚
515 2068 551 2097 ut
566 2067 646 2096 sicut
659 2075 774 2105 corpus
789 2066 942 2097 efficietur
954 2067 1015 2106 spi-

242 2120 355 2151 rituale
367 2143 375 2157 ,
391 2122 421 2150 et
436 2128 491 2159 per
506 2119 612 2149 omnia
629 2119 754 2158 spiritui
769 2119 1012 2158 obtemperabit,

242 2173 390 2212 quamvis
402 2172 577 2203 secundum
592 2173 708 2202 statum
719 2172 779 2203 vi-‘e
794 2175 936 2212 oporteat
949 2173 1014 2212 spi-

243 2226 340 2256 ritum
353 2226 477 2265 corpori
493 2224 758 2263 condescendere3
776 2226 819 2256 sic
830 2228 944 2256 natura
960 2235 1016 2265 per

245 2278 351 2310 omnia
375 2278 622 2309 conformabitur
635 2278 737 2308 ordini
756 2278 864 2317 glorife
884 2280 914 2309 et
935 2287 1014 2318 gra-

246 2332 313 2369 tiae,
329 2332 384 2372 qui
397 2332 432 2371 (b)
446 2331 616 2362 attenditui·
631 2332 807 2362 secundum
821 2332 1016 2363 differentias

248 2386 321 2415 boni
338 2409 346 2422 ‚
373 2385 520 2425 quamvis
544 2393 630 2415 nunc
659 2384 761 2422 gratia
789 2385 1017 2416 condescendat

249 2438 308 2477 ipsi
323 2437 449 2469 affectui
464 2437 610 2468 naturali.
630 2436 764 2475 Rursus,
786 2438 861 2476 quia
882 2439 1017 2478 perfecta

248 2490 307 2521 erit
325 2490 525 2521 conformitas
543 2490 716 2520 voluntatis
739 2493 854 2521 nostrai
875 2494 1018 2531 respectu

249 2543 365 2574 divinae
379 2568 386 2579 ‚
413 2552 477 2574 non
501 2543 606 2581 magis
632 2542 802 2581 diligemus
828 2543 905 2574 illud
935 2545 1018 2584 quod

283 2624 316 2654 (a)
333 2623 393 2647 Caet.
407 2623 468 2647 edit.
481 2630 548 2654 quie.
558 2637 587 2641 —
598 2622 631 2654 (b)
645 2622 706 2648 Coee.
719 2622 778 2647 edit.
792 2630 857 2654 quae.
867 2637 891 2641 -
905 2625 933 2654 (c)
948 2625 1017 2650 Edit.

255 2659 320 2689 Vah,
333 2658 465 2689 judicabit..

1062 258 1166 296 magis
1175 258 1234 288 erit
1247 258 1339 289 nobis
1347 259 1575 299 propinquum,
1592 258 1646 289 sed
1655 258 1734 289 illud
1747 259 1833 299 quod

1062 310 1133 350 plus
1141 311 1201 341 erit
1212 310 1273 342 Deo
1282 311 1433 351 placitum
1441 314 1652 351 etacceptum.
1664 310 1831 351 Praeterea,

1062 363 1138 402 quia
1160 363 1219 394 crit
1246 363 1290 394 ibi
1315 365 1451 404 perfecta
1469 365 1632 395 affluentia
1654 364 1835 396 communis

1062 415 1199 454 laetitiae,
1224 416 1486 456 multiplicabitur
1515 417 1672 456 gaudium
1696 417 1836 448 hominis

1063 468 1321 509 multiplicatione
1336 470 1473 509 perfecta
1483 494 1490 507 ,
1507 472 1542 500 ut
1557 472 1682 501 tantum
1698 469 1837 510 gaudeat

1063 521 1101 552 de
1122 522 1205 552 bono
1225 522 1483 563 uniuscujusque
1499 523 1657 563 proximi,
1677 525 1835 564 quantum

1063 574 1101 605 de
1116 584 1190 612 suo;
1208 575 1292 615 quod
1307 584 1371 606 nou
1386 578 1490 615 posset
1504 585 1586 613 esse,
1610 576 1671 607 nisi
1689 576 1837 616 diligeret

1063 628 1246 668 proximum
1262 630 1417 668 quantum
1432 629 1647 669 semetipsum.
1664 629 1702 660 Et
1716 629 1777 661 hoc
1790 631 1838 661 est

1064 681 1149 721 quod
1159 681 1235 711 ‹lieit
1245 681 1415 712 Anselmus
1425 682 1456 711 in
1470 682 1632 722 Prostoqz'o
1642 683 1663 720 ¹,
1674 691 1743 722 cap.
1757 682 1815 714 ult.
1827 694 1834 713 :

1068 745 1082 763 «
1097 734 1130 764 ln
1149 734 1202 764 illa
1222 735 1357 774 perfecta
1375 735 1527 765 charitate
1550 735 1836 768 innumerabilium

1064 787 1254 825 angelorum
1268 789 1299 818 et
1313 787 1481 818 hominum
1499 788 1677 827 beatorum,
1693 789 1749 820 ubi
1768 788 1839 820 nul-

1065 840 1114 871 lus
1129 841 1235 871 minus
1250 841 1349 871 alium
1365 849 1462 880 quam
1479 842 1619 882 seipsum
1635 842 1756 882 diligit,
1771 851 1838 874 non

1065 894 1154 924 aliter
1178 894 1328 933 gaudebit
1347 894 1481 934 quisque
1506 903 1565 935 pro
1588 895 1727 934 singulis
1754 895 1836 934 aliis,

1065 955 1161 985 quam
1175 955 1232 985 pro
1248 946 1388 985 seipso.»
1408 945 1484 983 Quis
1494 948 1601 977 autem
1617 946 1750 978 istorum
1763 947 1840 978 duo-

1065 1008 1138 1030 rum
1160 999 1327 1030 modorum
1342 999 1382 1029 sit
1395 1000 1624 1039 rationabilior,
1640 1000 1768 1032 difficile
1793 1003 1840 1032 est.

1065 1052 1211 1088 diffinire,
1230 1051 1384 1091 quamdiu
1406 1061 1519 1083 sumus
1539 1054 1572 1084 in
1591 1056 1676 1085 statu
1694 1062 1838 1094 praesen-

1065 1105 1104 1135 tis
1116 1105 1262 1135 miseriae.
1278 1104 1313 1135 Si
1322 1105 1409 1135 enim
1417 1105 1555 1136 velimus
1564 1106 1709 1145 ¹iudicare
1723 1115 1837 1138 secun-

1065 1159 1143 1189 dum
1162 1167 1199 1188 ea
1216 1167 1288 1198 quae
1303 1158 1337 1189 in
1352 1158 1445 1189 nobis
1459 1159 1625 1197 sentimus,
1642 1159 1700 1190 vix
1713 1159 1840 1191 videbi-

1067 1213 1118 1243 tur
1144 1211 1237 1242 alicui
1263 1211 1421 1250 credibile,
1446 1221 1504 1243 nec
1526 1212 1724 1251 rationabile,
1753 1213 1840 1253 quod

1066 1265 1179 1305 aliquis·
1204 1265 1335 1295 omnino
1364 1265 1477 1304 diligat
1505 1265 1653 1303 alterum,
1683 1267 1840 1306 quantum

1067 1320 1217 1359 seipsum.
1238 1319 1325 1350 Unde
1344 1319 1542 1358 judicabitur
1558 1321 1593 1359 (c)
1609 1321 1752 1360 primum
1768 1329 1840 1352 mo-

1066 1373 1143 1404 dum
1158 1373 1280 1403 dicendi
1294 1382 1362 1403 esse
1372 1373 1478 1412 magis
1492 1382 1618 1405 verum.
1636 1373 1669 1405 Si
1681 1374 1754 1414 quis
1764 1383 1841 1407 vero

1067 1426 1143 1457 velit
1164 1427 1304 1456 mentem
1323 1435 1415 1457 suam
1434 1426 1530 1457 altius
1552 1427 1678 1458 elevare
1698 1427 1738 1458 ad
1762 1427 1842 1459 illud

1067 1481 1189 1511 bonum
1204 1479 1534 1520 incomprehensibile,
1550 1481 1635 1521 quod
1645 1483 1656 1499 ²
1668 1489 1723 1513 nec
1733 1481 1843 1515 oculus

1067 1535 1164 1573 vidit,
1182 1543 1236 1567 nec
1257 1536 1348 1567 auris
1361 1535 1498 1573 audivit,
1514 1544 1570 1568 nec
1586 1537 1622 1568 in
1636 1544 1689 1568 cor
1701 1537 1842 1570 hominis

1068 1589 1184 1620 ascend
1188 1589 1225 1627 it,
1237 1591 1268 1619 et
1279 1589 1318 1619 ad
1329 1588 1415 1619 illam
1426 1589 1601 1620 maximam
1612 1589 1734 1621 civium
1746 1590 1842 1622 unio-

1068 1651 1153 1680 nem,
1177 1642 1282 1682 magis
1298 1642 1518 1673 rationabilem
1532 1642 1688 1682 jrrdicabit
1710 1651 1844 1684 sequen·

1067 1697 1131 1726 tem
1150 1696 1283 1726 modum
1298 1695 1432 1733 dicendi,
1450 1696 1627 1726 secundum
1641 1696 1727 1736 quod
1741 1696 1843 1728 mani-

1067 1750 1143 1779 feste
1166 1749 1240 1779 dicit
1259 1748 1429 1779 auctoritas
1444 1748 1597 1787 Anselmi,
1614 1751 1644 1780 et
1666 1749 1844 1789 Augustini

1069 1803 1101 1832 in
1125 1802 1205 1832 libro
1230 1802 1268 1833 cle
1288 1801 1368 1833 Vera
1392 1802 1556 1841 reliqione,
1579 1805 1610 1833 et
1630 1802 1772 1843 idipsum
1797 1803 1844 1836 vi-

1068 1855 1160 1885 detur
1179 1854 1296 1885 sentire
1314 1854 1482 1895 Dionysius
1502 1855 1636 1886 inlibris
1652 1856 1692 1888 de
1709 1856 1844 1889 Divinis

1069 1907 1272 1940 Noiizinibus.
1284 1907 1383 1946 Unde,
1394 1908 1419 1938 si
1428 1908 1564 1940 velimus
1573 1909 1661 1949 loqui
1673 1911 1710 1940 ut
1722 1911 1842 1950 plures,

1069 1961 1296 1992 sustinebimus
1317 1961 1461 2001 primum
1478 1962 1625 2001 modum;
1647 1963 1673 1993 si
1688 1971 1766 1995 vero
1786 1972 1844 1995 ve-

1069 2014 1166 2045 limus
1185 2014 1273 2054 loqui
1289 2017 1319 2044 et
1337 2015 1453 2046 sentire
1468 2017 1503 2046 ut
1518 2015 1737 2055 sapientiores,
1752 2016 1844 2047 susti-

1070 2067 1216 2097 nebimus
1230 2070 1426 2107 sequentem.
1444 2067 1642 2099 Sustinentes
1658 2077 1738 2108 ergo
1758 2067 1846 2101 hunc

1070 2120 1246 2150 secundum
1262 2120 1394 2151 modum
1408 2120 1542 2158 dicendi,
1553 2129 1724 2160 possumus
1738 2120 1778 2152 ad
1792 2121 1846 2152 oi>-

1067 2173 1152 2212 Jecta
1166 2180 1222 2211 per
1238 2172 1383 2202 ordinem
1395 2172 1597 2212 respondere.

1112 2228 1140 2255 ἰ.
1166 2225 1214 2255 Ad
1239 2224 1316 2255 illud
1338 2225 1421 2264 quod
1442 2224 1546 2265 primo
1572 2225 1732 2265 objicitur,
1761 2226 1846 2266 quod

1072 2278 1174 2318 gloria
1195 2277 1293 2308 salvat
1313 2277 1458 2308 ordinem
1473 2279 1597 2309 naturae
1616 2278 1780 2317 institutae,
1802 2278 1847 2311 di·

1072 2330 1207 2362 cendum
1222 2330 1307 2370 quod
1325 2339 1441 2361 verum
1456 2332 1502 2361 est
1517 2330 1601 2371 quod
1616 2333 1766 2363 naturam
1784 2332 1846 2363 sal—

1074 2386 1145 2421 vat3
1168 2383 1220 2414 sed
1242 2383 1516 2423 imperfectionem
1531 2383 1612 2414 tollit
1625 2386 1657 2415 et
1679 2384 1844 2417 eliminat:

1073 2438 1149 2469 ordo
1177 2438 1284 2467 autem
1306 2437 1361 2477 qui
1383 2436 1555 2468 attenditur
1570 2440 1717 2478 respectu
1739 2438 1790 2470 sui
1815 2440 1847 2470 et

1074 2490 1222 2530 proximi,
1239 2489 1343 2520 deficit
1360 2499 1378 2520 a
1392 2490 1530 2529 perfecta
1543 2490 1844 2531 communicatione,

1075 2546 1104 2574 et
1129 2543 1259 2579 unitate⁷
1282 2544 1313 2573 et
1331 2543 1497 2573 concordia
1511 2543 1685 2574 affectionis
1700 2554 1708 2574 :
1725 2545 1755 2574 et
1776 2544 1848 2576 ideo

1075 2598 1108 2628 in
1122 2596 1278 2627 ablatione
1290 2595 1361 2626 talis
1372 2596 1493 2627 ordinis
1504 2605 1569 2628 non
1581 2597 1618 2627 fit
1627 2598 1752 2628 naturae
1765 2605 1847 2638 prae-

1107 2658 1116 2673 ⁵
1131 2657 1252 2688 Anselm.,
1268 2657 1359 2689 Prosl„
1375 2665 1398 2682 c.
1414 2663 1475 2683 xxv.
1485 2658 1554 2682 -Ἰ
1571 2658 1638 2688 Cor„
1651 2664 1682 2690 11,
1697 2660 1721 2684 9.
