2017 2948
572 151 670 183 DIST.
691 149 754 182 XV.
780 148 893 181 PART.
919 148 957 178 ll.
980 146 1071 178 ART.
1098 147 1121 177 1.
1145 146 1323 184 QUAESTIO
1346 147 1384 178 11.

222 223 252 253 2.
263 221 341 253 Item
348 220 430 252 Deus
442 221 475 250 in
487 219 673 250 contritione
685 217 814 248 dimittit
824 217 950 256 culpam

183 277 214 306 et
237 283 363 315 poenam
385 276 553 310 aeternam,
579 280 651 311 quae
674 271 796 301 excedit
823 278 951 300 omnem

185 336 311 368 poenam
338 325 545 365 temporalem
573 323 928 363 improportionabiliter
944 332 951 358 ;

185 390 262 420 ergo
272 389 345 411 cum
357 379 500 410 contritio
509 387 573 408 non
586 376 715 407 excedat
725 375 954 406 confessionem

185 431 548 473 improportionabiliter,
569 439 627 460 nec
645 431 803 469 quantum
826 428 865 458 ad
889 437 956 467 pce-

186 495 277 523 nam,
301 494 357 515 nec
370 487 525 524 quantum
539 483 578 513 ad
594 483 758 519 meritum,
782 481 882 511 multo
898 481 957 510 for-

187 538 250 569 tius
276 538 308 568 iu
326 537 520 568 confessione
543 535 719 567 absolvitur
746 537 889 575 peccator
920 533 958 563 ab

189 592 275 622 omni
299 601 393 631 pceua
415 589 582 630 temporali
600 591 755 629 quantum
778 588 817 618 ad
835 587 933 618 Deum
949 597 956 617 t

190 653 269 684 ergo
290 644 370 675 Deus
399 653 464 674 non
487 643 590 682 exigit
619 641 805 682 ampliorem
827 640 961 670 satisfac-

190 698 322 728 tionem.

233 752 262 781 3.
280 750 356 780 Item
367 774 376 788 ,
398 752 483 780 tanta
497 752 598 789 potest
612 758 680 779 esse
697 748 861 785 contritio,
877 746 963 787 quod

194 804 293 834 deleat
311 804 348 843 (a)
366 812 493 833 omnem
509 811 638 842 poe-nam
649 804 679 832 et
690 801 833 840 culpam:
845 803 875 831 et
889 803 965 830 tunc

195 859 316 887 constat
331 856 414 896 quod
429 856 511 886 Deus
525 855 605 885 nihil
626 855 770 894 exigeret
785 853 965 884 satisfactio-

196 909 246 939 nis
260 918 268 939 z
286 909 339 939 sed
354 909 379 938 si
395 909 465 939 talis
480 909 588 939 veniat
603 908 642 939 ad
658 908 887 947 poenitentiam,
905 915 968 946 poe-

196 971 238 992 na
252 962 456 992 satisfactoria
475 964 522 992 est
542 962 570 992 ei
591 960 783 1001 imponenda
801 971 807 990 :
825 968 902 998 ergo
917 959 966 990 vi-

197 1015 291 1045 detur
304 1015 388 1054 quod
402 1015 571 1045 satisfactio
591 1023 656 1044 non
676 1014 731 1044 fiat
745 1013 823 1049 Deo,
841 1012 894 1043 sed
916 1011 970 1042 Ec-

198 1067 302 1098 clesiae
314 1092 321 1105 ,
339 1076 411 1107 (111εο
425 1071 470 1098 est
486 1069 555 1106 eJus
569 1076 694 1107 sponsa.

238 1123 267 1151 4.
297 1120 374 1151 Item
396 1120 548 1151 confessio
571 1121 655 1150 ultra
677 1120 898 1150 contritionem
925 1121 972 1149 est

199 1173 301 1204 solum
330 1174 504 1204 necessaria
527 1175 655 1213 propter
683 1173 970 1203 reconciliationem

200 1226 374 1257 faciendam
388 1226 554 1263 E‹·clesiae;
571 1229 601 1256 et
616 1226 685 1256 ideo
700 1226 735 1255 fit
750 1226 873 1255 homini
897 1235 904 1255 :
922 1234 973 1255 er—

203 1290 242 1320 go
260 1280 358 1310 multo
373 1280 484 1310 fortius
505 1280 542 1310 de
557 1279 764 1310 satisfactione
776 1304 784 1317 ,
806 1289 878 1319 (111εο
903 1288 976 1309 con-

202 1333 346 1373 sequitur
358 1333 596 1363 confessionem.

244 1388 273 1416 5.
291 1386 370 1417 Item
386 1387 531 1417 videmus
553 1386 637 1425 quod
654 1386 790 1416 Ecclesia
809 1385 944 1415 absolvit
959 1394 977 1415 a

206 1441 319 1479 maj0ri
342 1443 429 1479 parte
452 1449 555 1479 poenae
572 1439 783 1470 satisfacmiae
806 1439 837 1468 in
862 1439 976 1478 hujus-

206 1494 291 1525 modi
310 1493 567 1524 relax-(itionibus.
592 1493 652 1523 Sed
674 1493 783 1523 nullus
803 1494 904 1532 potest
926 1491 980 1521 ali-

207 1548 258 1578 cui
274 1547 437 1584 relaxare,
462 1547 522 1577 nisi
536 1547 619 1586 quod
638 1547 695 1576 sibi
712 1546 844 1576 debetur
866 1556 873 1575 ι
900 1553 980 1584 ergo

207 1603 333 1634 videtur
349 1602 433 1642 quod
459 1602 517 1632 ista
531 1602 684 1633 debeatur
707 1601 853 1632 Ecclesiae
876 1611 883 1631 :
904 1609 981 1639 ergo

208 1656 333 1687 videtur
355 1656 440 1695 quod
463 1655 630 1687 satisfactio
657 1664 720 1685 non
745 1656 799 1684 liat
824 1654 905 1692 Deo,
929 1653 982 1684 sed

210 1707 314 1746 magis
329 1706 484 1737 Ecclesiae.

484 1815 709 1847 CONCLUSlO.

213 1903 372 1937 Satissactio
388 1906 495 1939 proprie
509 1906 537 1937 fit
552 1906 608 1939 ipsi
628 1905 690 1937 Deo,
706 1904 750 1930 sed
766 1905 795 1930 in
809 1904 938 1935 Ecclesia,
962 1907 986 1930 ec

250 1955 298 1982 per
322 1949 483 1981 Ecclesiam,
507 1951 535 1975 ut
562 1951 710 1976 innotescat
728 1949 849 1975 voluntas
873 1950 921 1975 Dei
939 1957 988 1984 per

251 1993 410 2020 sacerdotes,

260 2081 349 2120 Resp.
367 2081 406 2111 ad
419 2090 491 2120 arg.
508 2081 680 2111 Dicendum
695 2081 780 2121 quod
795 2090 869 2111 cum
886 2090 990 2120 pecca-

220 2137 268 2165 tor
282 2136 388 2174 peceat
401 2158 408 2171 ‚
427 2144 460 2164 se
480 2134 519 2165 ad
536 2143 663 2174 poenam
679 2137 833 2165 aeternam
857 2134 988 2173 obligat.

220 2186 299 2217 Cum
319 2188 426 2217 autem
451 2186 559 2217 divina
581 2187 798 2217 misericordia
819 2186 967 2226 justificat
982 2212 990 2225 ,

222 2249 277 2270 seu
298 2240 452 2277 vivificat,
474 2249 603 2271 omnem
629 2241 761 2271 remittit
791 2241 918 2280 culpam
932 2265 940 2278 ,
964 2243 993 2271 ct

222 2295 346 2324 reatum
368 2302 470 2332 poenae
485 2295 636 2331 ‚antei-nae,
666 2294 722 2333 qui
746 2294 994 2333 inseparabiliter

223 2347 364 2378 adhaeret
382 2347 482 2386 culpae
504 2358 510 2377 z
540 2348 591 2378 sed
608 2347 684 2387 quia
700 2347 913 2378 misericordia
930 2357 994 2378 non

223 2402 325 2440 potest
340 2400 548 2440 praejudicare
559 2401 694 2440 ι11151111εο
705 2424 714 2438 ,
731 2402 823 2440 cujus
842 2403 889 2431 est
913 2401 996 2432 mala

224 2453 357 2493 punire;
374 2452 444 2483 ideo
460 2452 504 2483 sic
518 2452 612 2484 solvit
627 2462 645 2483 a
663 2452 755 2493 culpa
775 2455 805 2483 et
822 2462 934 2493 poena,
960 2456 995 2484 ut

226 2508 332 2537 tamen
347 2508 509 2536 remaneat
529 2506 689 2545 obligatus
707 2506 747 2537 ad
766 2506 995 2546 aliquantulam

226 2568 353 2600 poenam
376 2559 592 2599 temporalem.
611 2559 670 2590 Sed
686 2560 838 2598 quoniam
856 2563 997 2599 peccator

259 2622 291 2650 (a)
308 2622 368 2646 Coet.
381 2621 441 2645 edit.
455 2620 530 2646 delet.
545 2634 573 2638 -
588 2621 618 2650 (b)
631 2622 691 2645 (cvl.
703 2621 762 2645 edit.
775 2622 918 2646 remittitur.

347 2673 422 2697 “OH-
439 2673 471 2696 V.

1718 149 1776 178 609

1008 215 1113 255 ipsum
1129 214 1228 244 Deum
1243 214 1416 245 offenderat
1428 238 1438 252 ‚
1452 217 1483 245 et
1501 214 1670 246 Ecclesiam
1685 215 1775 246 (lam-

1008 268 1207 305 niticaverat,
1225 267 1383 297 commisit
1407 267 1558 298 Dominus
1576 268 1778 308 judiciariam

1010 323 1195 360 potestatem
1214 329 1310 359 super
1334 323 1510 359 peccatores
1532 322 1706 352 rectoribus
1725 321 1780 352 Ec-

1011 374 1131 411 clesice,
1160 376 1191 404 et
1209 374 1242 404 in
1263 382 1316 404 eos
1340 375 1555 413 compromisit
1574 378 1725 414 tanquam
1748 375 1781 405 in

1012 428 1161 466 arbitros,
1178 430 1214 458 ut
1228 428 1272 458 sic
1293 428 1468 458 innotescat
1484 429 1631 460 voluntas
1647 431 1699 461 Dei
1714 439 1781 470 pee-

1013 482 1185 512 nitentibus
1200 490 1255 521 per
1271 481 1464 519 sacerdotes,
1481 484 1512 512 et
1525 491 1581 521 per
1595 483 1665 513 illos
1680 483 1782 522 impo-

1016 537 1110 565 natur
1124 544 1217 574 poeua
1240 535 1471 574 peccatoribus,
1494 537 1525 564 et
1548 534 1680 565 Domino
1699 535 1786 565 satis-

1016 587 1071 617 fiat
1081 587 1306 626 principaliter,
1317 589 1349 617 et
1360 587 1507 618 Ecclesiae
1515 597 1571 627 per
1578 597 1784 627 consequens..

1018 639 1105 670 Unde
1128 641 1296 671 satisfactio
1317 641 1442 680 proprie
1464 642 1502 672 de
1526 644 1651 681 peccato
1672 641 1707 672 fit
1730 641 1790 681 ipsi

1019 693 1099 731 Deo3
1118 696 1224 723 tamen
1248 703 1304 733 per
1323 694 1508 731 Ecclesiam,
1527 697 1557 725 et
1576 695 1608 725 in
1630 695 1788 733 Ecclesia;

1020 749 1048 777 et
1066 746 1201 776 concedo
1215 747 1354 777 rationes
1368 747 1405 777 a1l
1422 747 1481 777 hoc
1497 747 1654 779 inductas.

1063 802 1091 829 1.
1106 800 1152 830 Ad
1176 800 1253 830 illud
1277 801 1361 839 quod
1385 801 1544 839 objicitur,
1561 801 1647 841 quod
1664 810 1728 831 non
1748 806 1793 832 est

1022 853 1176 892 speranda
1201 853 1329 883 dimidia
1358 854 1451 884 venia
1468 878 1475 890 ‚
1509 854 1677 885 dicendum
1708 854 1794 894 quod

1023 909 1099 937 tunc
1109 907 1202 937 venia
1210 907 1405 944 dimidiatur,
1418 907 1544 946 quando
1554 917 1657 938 unum
1664 909 1796 939 mortale

1025 960 1202 997 dimittitur,
1220 962 1250 990 et
1273 959 1433 999 reliquum
1457 962 1604 996 tenetur;
1630 963 1660 991 et
1675 961 1734 991 hoc
1751 964 1798 992 est

1026 1014 1253 1044 inconveniens
1269 1021 1401 1052 ponere,
1419 1013 1503 1053 quod
1520 1013 1601 1044 Deus
1617 1014 1673 1054 qui
1694 1015 1798 1054 justus

1027 1069 1092 1104 est,
1117 1066 1212 1105 possit
1233 1066 1456 1103 confoederari,
1483 1069 1512 1097 et
1533 1067 1727 1098 reconciliari
1746 1068 1800 1099 ho-

1029 1120 1107 1150 mini
1123 1120 1154 1148 in
1178 1128 1236 1149 sua
1250 1119 1403 1158 injustitia
1426 1120 1641 1158 pernianenti3
1660 1120 1800 1161 alioquin

1029 1173 1125 1203 simul
1139 1175 1221 1203 esset
1233 1172 1354 1202 amicus
1372 1175 1402 1203 et
1419 1173 1576 1203 inimicus.
1594 1173 1664 1204 Non
1685 1175 1728 1205 sic
1742 1184 1799 1205 au-

1030 1229 1095 1257 tem
1108 1228 1154 1256 est
1170 1226 1207 1256 de
1221 1226 1325 1265 aliqua
1340 1235 1434 1265 poena
1448 1227 1624 1266 temporali,
1638 1228 1714 1266 quia
1727 1228 1802 1258 obli-

1031 1279 1118 1319 gatio
1134 1278 1172 1308 ad
1189 1288 1314 1318 posnam
1330 1288 1394 1309 non
1410 1279 1481 1309 facit
1502 1279 1690 1319 injustitiam
1706 1281 1745 1319 ¹in
1766 1290 1803 1311 eo

1032 1332 1087 1372 qui
1102 1333 1171 1363 vult
1185 1332 1317 1363 solvere.

1073 1387 1102 1415 9..
1120 1386 1165 1416 Ad
1179 1385 1258 1416 illud
1270 1385 1357 1425 quod
1369 1386 1527 1425 objicitur,
1542 1387 1626 1427 quod
1642 1388 1675 1418 in
1689 1388 1804 1419 contri-

1034 1440 1118 1470 tione
1141 1439 1268 1468 dimittit
1289 1448 1416 1478 poenam
1438 1442 1612 1479 aeternam,
1637 1441 1806 1472 dicendum

1035 1493 1120 1533 quod
1135 1493 1195 1522 1100
1208 1494 1265 1530 est,
1281 1492 1355 1532 quia
1370 1492 1414 1522 ibi
1430 1493 1645 1533 principaliter
1657 1497 1808 1534 operatur

1037 1545 1251 1576 misericordia
1275 1545 1440 1583 relaxans3
1468 1546 1521 1576 sed
1543 1547 1576 1576 in
1597 1548 1808 1579 satisfactione

1033 1599 1177 1638 Justitia3
1194 1598 1226 1628 in
1241 1598 1435 1629 confessione
1450 1608 1526 1629 vero
1549 1602 1683 1640 utraque
1700 1610 1708 1631 z
1724 1601 1809 1632 unde

1038 1653 1129 1693 quasi
1144 1653 1285 1683 medium
1300 1655 1395 1682 tenet.
1414 1652 1448 1682 In
1463 1655 1553 1693 cujus
1568 1654 1699 1693 signum
1712 1656 1748 1686 fit
1766 1655 1808 1685 ibi

1038 1707 1148 1746 ligatio
1159 1730 1168 1744 ,
1186 1709 1216 1737 et
1231 1706 1344 1737 solutio
1361 1716 1368 1736 :
1385 1706 1455 1736 ideo
1469 1715 1532 1737 non
1550 1709 1597 1737 est
1614 1708 1727 1739 simile.

1080 1763 1109 1791 3.
1124 1760 1170 1791 Ad
1184 1760 1261 1791 illud
1274 1760 1360 1799 quod
1373 1760 1533 1799 objicitur,
1550 1761 1634 1800 quod
1649 1764 1737 1792 tanta
1753 1772 1811 1802 po-

1041 1816 1098 1844 test
1108 1822 1175 1843 esse
1185 1813 1343 1849 contritio,
1355 1813 1440 1852 quod
1452 1815 1553 1843 totum
1563 1814 1744 1845 remittatur
1755 1816 1792 1854 (b)
1802 1829 1809 1853 ,

1041 1866 1210 1897 dicendum
1227 1866 1311 1905 quod
1322 1875 1436 1896 verum
1451 1868 1514 1904 est;
1538 1867 1591 1898 sed
1613 1868 1689 1908 quia
1707 1868 1812 1900 Eccle-

1042 1921 1096 1950 siae
1111 1929 1176 1950 non
1194 1921 1328 1956 constat,
1347 1919 1417 1949 ideo
1432 1919 1523 1949 debet
1542 1929 1561 1950 a
1576 1921 1736 1952 sacerdote
1751 1922 1812 1952 im-

1043 1973 1117 2013 poni
1132 1972 1177 2002 :si
1187 1974 1295 2003 autem
1306 1972 1458 2002 sacerdoti
1471 1975 1638 2011 constaret,
1652 1976 1814 2014 reputaret

1044 2025 1174 2056 0111111110
1201 2025 1261 2055 51111
1285 2024 1479 2055 satisfactum
1498 2049 1507 2063 ,
1533 2027 1563 2055 et
1586 2029 1661 2057 tunc
1686 2036 1813 2067 poenam

1045 2088 1110 2110 non
1128 2079 1323 2118 imponeret,
1351 2078 1405 2108 sed
1423 2078 1607 2110 absolutum
1625 2081 1812 2112 ostenderet.

1045 2132 1135 2164 Nunc
1154 2131 1311 2168 autemlin
1330 2131 1488 2171 aliquibus
1504 2131 1677 2172 decipitur;
1696 2134 1749 2165 sed
1766 2135 1816 2166 de-

1047 2185 1147 2225 ceptio
1168 2186 1214 2214 est
1240 2184 1402 2215 fructuosa
1419 2208 1429 2222 ,
1453 2185 1528 2224 quia
1552 2194 1677 2225 semper
1704 2187 1817 2218 merita

1047 2240 1262 2278 cumulantur,
1290 2242 1321 2271 et
1341 2239 1487 2271 Ecclesiae
1506 2240 1697 2280 imponenti,
1719 2244 1750 2272 et
1770 2242 1817 2273 ul-

1048 2295 1146 2325 terius
1164 2293 1384 2324 satisfacienti:
1398 2293 1474 2333 quia
1487 2293 1572 2324 enim
1591 2293 1741 2325 Dominus
1753 2304 1818 2327 non

1049 2347 1119 2378 vult
1130 2346 1214 2377 ultra
1228 2349 1357 2385 sortem,
1371 2346 1533 2386 reliquum
1548 2346 1581 2377 in
1597 2347 1754 2379 thesauris
1766 2348 1819 2380 Ec-

1050 2400 1153 2431 clesiae
1168 2400 1304 2431 habetur
1318 2399 1504 2438 repositum.

1092 2455 1121 2485 4.
1139 2454 1187 2485 Ad
1201 2453 1278 2484 illud
1293 2452 1378 2492 quod
1392 2452 1549 2491 objicitur,
1565 2453 1650 2493 quod
1665 2454 1819 2487 confessio

1051 2509 1098 2538 est
1107 2509 1234 2547 propter
1244 2505 1540 2545 reconciliationem,
1557 2506 1724 2539 dicendum
1736 2509 1822 2549 quod

1053 2569 1116 2590 non
1139 2563 1185 2590 cst
1206 2560 1308 2590 solum
1339 2561 1466 2599 propter
1496 2559 1574 2598 hoc,
1603 2561 1656 2591 sed
1681 2562 1719 2592 ad
1742 2563 1823 2594 arbi-

1053 2613 1201 2644 trandum
1225 2621 1349 2652 poenain
1374 2613 1454 2642 inter
1473 2613 1636 2645 hominem
1655 2617 1685 2645 et
1703 2615 1801 2647 Deum
1815 2641 1823 2655 ‚

1667 2672 1705 2701 39
