2017 2948
102 2002 205 2022 Fundam.

221 115 281 144 224

221 181 316 216 cerat,
332 180 501 211 observare
517 192 523 211 ι
539 181 593 213 sed
607 181 685 213 illud
696 183 917 221 juramentum
933 179 993 210 suit

222 232 400 271 incautum,
417 236 447 264 et
468 235 621 274 vergebat
644 235 677 265 in
700 235 823 265 exitum
850 233 969 263 malum
982 256 990 269 ,

221 286 296 325 quia
313 289 421 318 contra
437 287 491 318 Dei
513 291 707 328 praeceptum
720 312 727 326 ‚
749 297 812 328 quo
833 295 989 327 praecepe-

221 343 269 371 rat
290 341 458 380 Dominus,
480 352 520 373 ne
543 353 615 374 cum
635 343 784 381 gentibus
808 342 868 372 illis
891 341 992 372 foedus

221 394 331 425 iniret:
349 404 429 434 ergo
445 396 571 427 videtur
589 396 674 436 quod
688 397 911 435 juramentum
931 393 991 424 tale

220 447 260 478 sit
273 448 510 487 obligatorium.

260 503 290 531 2.
308 501 385 532 Item
405 502 604 541 Augustinus
632 502 705 532 dia-it
735 504 742 520 ¹
771 501 856 541 quod
887 509 989 531 mere-

220 555 283 585 trix
295 557 408 595 Jurans
422 566 454 587 se
469 559 667 587 servaturam
689 556 784 586 sidem
804 565 861 586 suo
882 564 991 595 pecea-

220 610 297 645 tori‚
314 611 403 648 pejor
415 612 461 640 est
473 610 497 639 si
513 619 577 640 non
598 612 702 640 servat
723 609 832 647 fidem,
852 619 948 649 quam
965 609 990 639 si

225 661 406 692 observaret
432 673 438 692 ε
472 663 523 692 sod
548 664 769 701 juramentum
796 662 873 693 illud
897 662 991 692 habet

220 714 340 744 malum
357 715 496 753 exitum3
519 718 549 746 et
565 718 669 747 tamon
688 716 827 755 obligat,
851 715 990 754 alioquin

220 776 285 797 non
300 771 381 798 esset
397 770 486 808 pejor
498 769 530 799 in
544 779 608 800 non
623 770 831 807 observando,
849 778 946 809 quam
958 769 991 799 in

219 821 415 853 observando
429 831 436 853 ι
452 832 531 861 orgo
542 825 761 863 Juramentum
776 823 859 863 quod
873 823 991 863 simpli-

219 875 296 905 citer
312 876 417 915 vergit.
433 877 465 906 in
481 877 602 907 exitum
618 877 756 915 malum,
773 879 820 908 est
834 877 988 916 obligato-

218 927 315 958 rium.

260 984 288 1011 3.
306 981 383 1012 Item
399 982 458 1013 hoe
475 983 580 1023 ipsum
600 984 726 1014 videtur
748 984 786 1014 de
807 985 990 1022 juramento

219 1035 303 1073 quod
314 1037 417 1074 vergit
428 1036 460 1066 in
472 1037 595 1067 exitum
606 1038 713 1067 minus
728 1038 849 1068 honum
861 1062 868 1075 ,
883 1040 991 1077 utpote

219 1088 273 1126 qui
294 1090 383 1127 Jurat
404 1099 437 1119 se
459 1099 522 1120 non
544 1090 736 1121 intraturum
757 1091 789 1120 in
810 1095 847 1129 ta)
866 1090 991 1129 religio-

219 1150 308 1179 nem,
324 1142 398 1181 quia
412 1143 528 1182 aliquis
542 1153 598 1183 per
611 1144 806 1174 matrimonii
823 1143 990 1173 vinculum

219 1196 320 1233 potest
334 1195 476 1234 obligare
490 1206 522 1226 se
532 1221 539 1233 ‚
558 1200 592 1227 ut
604 1207 667 1227 non
678 1197 773 1227 intret
788 1197 988 1236 religionem,

219 1247 263 1276 ita
279 1248 363 1286 quod
388 1249 625 1280 matrimonium
648 1250 725 1280 illud
744 1259 818 1280 vere
839 1252 885 1281 θεῖ
910 1250 988 1280 ohli-

222 1301 403 1338 gatorium:
423 1311 501 1341 ergo
522 1303 587 1341 pari
612 1303 732 1333 ratione
756 1303 883 1334 videtur
907 1303 991 1343 quod

220 1356 250 1383 et
265 1363 320 1393 per
335 1354 441 1394 ipsum
454 1356 687 1394 juramentum.

261 1410 289 1438 4,
308 1407 384 1437 Item
399 1408 521 1439 licitum
534 1411 581 1439 est
594 1409 689 1439 alicui
707 1409 790 1440 nolle
806 1410 925 1440 intrare
940 1420 990 1440 re—

221 1460 392 1500 ligionem:
412 1466 441 1491 et
455 1462 539 1501 qnod
556 1462 675 1493 lieltum
692 1465 737 1493 est
752 1464 851 1501 nolle,
869 1464 990 1494 licitum

220 1516 266 1544 est
280 1514 485 1553 contii-marm
502 1517 532 1545 et
554 1516 638 1554 quod
662 1516 783 1547 licitum
805 1519 853 1547 est
874 1518 990 1547 contir-

221 1576 323 1605 mnre,
340 1567 462 1598 licitum
478 1570 524 1598 θεῖ
536 1569 645 1607 jurare
665 1581 671 1599 ε
697 1570 749 1599 sed
766 1571 989 1608 juramentum

220 1621 354 1658 licitum,
367 1622 640 1659 estJuramentum
653 1622 879 1661 obligatorium
891 1633 898 1653 :
911 1633 990 1662 ergo

220 1674 344 1705 videtur
358 1675 440 1715 quod
457 1685 529 1706 cnm
545 1676 658 1715 aliquis
670 1678 760 1716 Jurat
771 1687 803 1707 se
817 1687 880 1707 nou
896 1677 992 1707 intra-

220 1730 330 1758 turum
345 1729 547 1767 religionem,
565 1729 649 1768 quod
662 1739 718 1769 per
732 1730 809 1760 illud
821 1731 991 1769 juramen-

221 1784 289 1811 tum
305 1781 468 1821 obligetur
483 1793 489 1812 :
506 1782 559 1812 sed
574 1782 634 1812 tale
647 1784 925 1822 estjuramentum
941 1784 992 1814 in-

221 1837 350 1865 cautum
373 1835 456 1874 quod
480 1835 588 1873 vergit
604 1835 637 1865 in
661 1835 783 1866 exitum
804 1837 911 1867 minus
932 1837 991 1867 ho—

222 1897 318 1918 num:
335 1897 413 1927 ergo
428 1888 552 1918 videtur
567 1889 651 1928 quod
670 1889 892 1927 juramentum
914 1889 991 1921 illud

221 1940 260 1969 >xit
273 1939 514 1977 obligatorium.

261 1992 321 2022 Sed
340 1995 471 2022 contra:
495 1992 577 2023 Beda
597 1993 686 2030 dicit,
712 1996 742 2024 et
762 1994 914 2033 Magister
935 1995 989 2025 ad-

221 2045 306 2075 ducit
322 2045 355 2075 in
370 2045 473 2075 littera
489 2056 494 2076 :
516 2045 573 2075 «Si
590 2046 665 2085 quid
682 2055 738 2077 nos
757 2047 914 2077 incautius
935 2049 992 2086 Ju-

221 2107 291 2129 rnre
307 2099 494 2137 contigerit,
518 2099 602 2138 quod
623 2099 825 2130 observatum
850 2101 990 2139 peiorem

222 2152 327 2191 vergit
338 2153 371 2182 in
382 2152 520 2189 exitum⁷
535 2152 633 2183 libere
646 2153 724 2183 illud
738 2153 905 2184 salubriori
920 2163 992 2184 con-

222 2206 292 2236 silio
306 2206 499 2236 mutandum
515 2206 736 2237 noverimus.»
757 2207 844 2246 Ergo
855 2231 862 2244 ,
879 2216 991 2238 seeun-

222 2260 299 2290 dum
312 2260 384 2298 hoc,
400 2261 619 2299 juramentum
635 2260 810 2298 incautum,
827 2261 912 2300 quod
923 2269 992 2292 ver-

224 2313 272 2351 git
287 2313 319 2343 in
340 2313 462 2343 exitum
487 2313 623 2351 malum,
648 2313 698 2344 vel
722 2314 829 2344 minus
850 2314 990 2352 bonum,

224 2376 288 2397 non
303 2369 348 2397 est
363 2367 601 2405 obligatorium.

263 2420 341 2450 Item
352 2420 490 2450 Isidorus
499 2423 509 2438 ²
522 2431 528 2450 z
545 2419 635 2450 «Non
645 2422 691 2450 est
701 2420 934 2451 observandum
942 2422 993 2460 J'u·

223 2476 403 2504 ramentum
418 2483 481 2514 quo
492 2473 613 2503 malum
622 2473 747 2504 incaute
759 2473 966 2513 promittitur.
974 2484 988 2502 n

255 2555 261 2569 ¹
280 2555 396 2584 Atig.,1le
410 2556 471 2579 Bon.
485 2555 605 2586 conjuyii,
623 2563 643 2578 ιτ.
662 2560 696 2582 ιν,
716 2561 740 2577 ιι.
763 2555 784 2577 4.
803 2567 832 2570 —
850 2555 857 2567 “·“
879 2554 946 2578 lsid..
965 2554 994 2578 de

225 2590 293 2612 Sum.
311 2591 380 2619 Bon.‚
399 2590 440 2613 tib,
459 2591 488 2619 lt,
505 2597 527 2614 c.
545 2595 617 2617 xxxl,
631 2590 645 2618 ξ
663 2595 687 2612 x.

773 111 1082 146 SENTENTIARUM
1105 113 1179 145 LIB.
1203 115 1254 146 III.

1049 179 1080 210 Si
1099 182 1133 210 tu
1148 181 1231 212 divas
1242 206 1249 218 ‚
1266 183 1350 222 quod
1364 184 1534 214 auctoritas
1553 184 1612 216 ista
1629 186 1818 228 intelligitur

1047 234 1166 271 solum,
1182 236 1308 275 qnando
1324 237 1396 276 quis
1411 238 1500 276 jurat
1521 239 1606 277 quod
1626 242 1673 270 est
1695 242 1815 273 malum

1047 288 1078 317 et
1093 287 1260 326 injustum,
1284 290 1338 320 sed
1357 299 1421 320 non
1440 291 1567 330 quando
1589 293 1659 331 quis
1682 294 1766 332 jurat
1784 305 1818 326 se

1047 349 1111 370 non
1136 342 1291 372 facturum
1316 343 1436 373 bonum
1460 344 1648 382 perfectum,
1670 346 1709 377 ad
1732 347 1817 387 quod

1047 402 1111 423 non
1125 396 1263 433 tenetur;
1281 397 1430 434 objicitur
1443 399 1550 427 contra
1563 398 1642 428 hoc:
1659 400 1734 439 quia
1745 399 1818 430 nul-

1046 446 1115 477 lum
1129 449 1350 486 juramentum
1365 452 1411 480 est
1424 451 1567 488 justum,
1585 451 1669 490 qnod
1687 452 1816 493 impug-

1046 502 1244 540 natJustitiae
1260 503 1502 542 perfectionem:
1524 504 1577 534 sed
1594 505 1815 543 juramentum

1046 563 1110 593 quo
1123 555 1194 594 quis
1213 557 1300 593 jurat
1322 566 1354 586 se
1377 565 1441 586 non
1465 556 1660 587 intraturum
1684 558 1818 598 religio-

1046 616 1134 644 nem,
1162 617 1217 637 uec
1244 617 1476 646 aggressurum
1503 610 1743 649 perfectionem,
1771 614 1819 642 est

1046 660 1189 699 perfectae
1215 661 1348 699 ‚justitiae
1380 662 1638 700 impugnativum
1659 674 1664 693 :
1689 672 1767 703 ergo
1788 668 1819 695 et

1042 714 1261 752 Jurnmentum
1282 714 1450 754 iniquum:
1471 715 1524 745 sed
1548 711 1672 746 nullum
1695 717 1757 747 tale
1773 719 1818 748 est

1045 766 1273 805 obligatorium
1296 778 1301 797 :
1329 776 1408 806 ergo
1440 768 1565 798 videtur
1597 769 1681 808 quod
1713 769 1818 800 nullus

1045 816 1208 856 obligetur
1223 827 1277 857 per
1294 819 1516 857 ,juramentum
1536 819 1715 856 incautum,
1732 821 1817 860 quod

1045 871 1153 909 vergit
1169 871 1199 900 in
1216 872 1337 901 exitum
1354 872 1461 902 minus
1476 873 1608 902 honum.

1087 923 1163 953 Item
1182 924 1307 954 nullum
1325 926 1546 963 juramentum
1567 928 1612 956 est
1628 926 1815 965 discretum,

1045 977 1129 1015 quod
1150 980 1195 1006 est
1217 980 1326 1008 wintra
1348 978 1484 1017 Spiritus
1508 979 1607 1009 sancti
1628 979 1816 1010 eonsilium:

1046 1030 1099 1060 sed
1114 1040 1187 1060 cnm
1204 1031 1274 1070 quis
1287 1032 1375 1070 jurat
1395 1042 1426 1061 se
1447 1041 1509 1062 non
1532 1033 1724 1063 intraturum
1742 1033 1817 1064 reli-

1047 1083 1190 1122 gioni-m,
1205 1086 1430 1123 juramentum
1447 1085 1522 1115 illud
1538 1088 1585 1115 θεῖ
1599 1088 1706 1116 contra
1722 1086 1820 1126 Spiri-

1046 1139 1097 1166 tus
1112 1138 1211 1166 saneti
1227 1138 1416 1167 eonsilium:
1434 1138 1485 1167 sed
1502 1138 1628 1168 nullum
1651 1139 1711 1169 tale
1726 1141 1817 1179 Jura-

1046 1192 1190 1220 mentum
1221 1190 1316 1220 habet
1346 1191 1377 1220 in
1407 1191 1557 1221 comitatu
1581 1191 1763 1231 Judicium‚
1788 1196 1818 1223 et

1046 1243 1170 1273 nullum
1195 1244 1255 1273 tale
1279 1246 1324 1274 est
1345 1244 1570 1282 obligatorium
1595 1254 1602 1274 :
1627 1253 1708 1283 ergo
1734 1245 1818 1276 idem

1046 1296 1128 1335 quod
1146 1296 1245 1336 priuS.
1262 1296 1358 1327 Juxta
1373 1297 1431 1326 hoe
1444 1297 1616 1336 quaeritur⁷
1635 1298 1660 1327 si
1680 1298 1752 1337 quis
1763 1299 1819 1338 ju-

1046 1351 1095 1379 rat
1114 1359 1146 1379 se
1166 1359 1332 1390 nunquam
1356 1352 1559 1389 recepturum
1579 1350 1816 1390 praelationem‚

1047 1403 1156 1431 utrum
1183 1411 1238 1441 per
1261 1402 1322 1432 tale
1342 1404 1563 1441 ¹iuramentum
1585 1402 1767 1441 obligetur3
1789 1405 1819 1434 et

1046 1455 1129 1494 quod
1150 1455 1209 1492 sie,
1232 1455 1369 1492 videtur,
1393 1456 1468 1495 quia
1492 1455 1614 1486 licitum
1637 1458 1683 1486 est
1706 1456 1819 1496 praela-

1046 1508 1163 1538 tionem
1178 1510 1311 1547 sugere:
1329 1518 1407 1547 ergo
1423 1509 1546 1539 licitum
1561 1511 1624 1546 est,
1645 1509 1731 1548 quod
1748 1509 1819 1549 quis

1042 1562 1129 1601 juret
1144 1570 1213 1591 eam
1231 1572 1293 1591 non
1314 1562 1463 1601 recipere.
1485 1562 1519 1592 In
1538 1562 1732 1592 contrarIum
1755 1564 1817 1600 est,

1046 1616 1130 1655 quod
1145 1608 1274 1654 majoris
1289 1616 1487 1655 persei-[lonis
1502 1619 1565 1654 est,
1585 1618 1619 1646 ut
1636 1616 1815 1646 communi-

1046 1671 1092 1698 ter
1109 1668 1233 1705 dicitur,
1250 1670 1350 1698 status
1361 1668 1564 1708 praelntionis,
1577 1678 1673 1708 quam
1687 1669 1815 1708 religio-

1047 1721 1112 1758 nis,
1129 1724 1159 1751 θῖ
1175 1722 1256 1751 bono
1274 1722 1396 1761 privato
1417 1722 1612 1761 praeferenda
1633 1724 1680 1752 est
1700 1722 1818 1752 utilitas

1047 1774 1235 1805 communis

1316 1850 1539 1882 CONCLUSIO.

1047 1931 1230 1956 „iuramentum
1246 1930 1381 1955 incautum
1397 1936 1503 1962 vemens
1518 1930 1547 1955 in
1567 1929 1664 1956 salutis
1678 1929 1819 1956 detrimen-

1085 1977 1154 2006 tum,
1171 1974 1213 2000 vel
1228 1975 1256 2000 in
1271 1974 1490 2008 impedimentum
1511 1974 1700 2008 perfectionis,
1722 1974 1818 2001 directe

1083 2027 1135 2045 non
1150 2021 1185 2045 est
1201 2019 1400 2052 obligatorium.

1088 2102 1180 2141 Resp.
1194 2101 1231 2131 ad
1247 2110 1318 2140 arg.
1336 2100 1382 2130 Ad
1399 2100 1622 2139 praedictorum
1637 2099 1818 2139 intelligen-

1049 2154 1123 2185 tiam
1140 2157 1185 2184 est
1200 2154 1391 2190 notandum,
1409 2153 1493 2193 quod
1511 2152 1726 2192 multiplieiter
1739 2162 1818 2184 eon-

1047 2208 1372 2246 tingitjuramentum
1388 2216 1454 2236 esse
1471 2207 1690 2245 Juramentum
1707 2206 1816 2237 incau-

1047 2262 1127 2290 tum.
1149 2259 1254 2289 Primo
1273 2258 1382 2296 modo,
1399 2258 1525 2298 quando
1537 2259 1665 2297 ⁸juratur
1680 2258 1816 2298 aliquid,

1048 2313 1132 2353 quod
1147 2312 1330 2352 simpliciter
1349 2312 1455 2350 vergit
1470 2312 1502 2342 in
1517 2311 1626 2342 salutis
1645 2311 1818 2342 detrimen-

1048 2368 1136 2403 tum,
1161 2366 1243 2396 sicut
1264 2374 1338 2395 cum
1361 2365 1475 2404 aliquis
1494 2366 1582 2404 jurat
1603 2374 1636 2395 se
1659 2365 1817 2395 facturum

1048 2419 1167 2458 aliquid
1182 2418 1264 2458 quod
1279 2428 1343 2448 non
1360 2420 1459 2457 potest
1472 2418 1540 2448 sine
1555 2419 1680 2457 peceato
1694 2416 1817 2447 mortali

1048 2472 1273 2502 consummari.
1286 2471 1430 2502 Secundo
1439 2470 1531 2501 modo
1539 2470 1817 2509 diciturjuramen-

1049 2529 1116 2556 tum
1133 2534 1199 2555 esse
1215 2525 1377 2554 incautum
1387 2548 1395 2559 ‚
1413 2533 1486 2555 cum
1499 2524 1571 2564 quis
1579 2525 1667 2563 ,iurat
1681 2522 1816 2563 aliquid,

1082 2590 1115 2619 (a,
1135 2588 1194 2611 Coet.
1208 2587 1269 2610 edil.
1284 2587 1350 2610 deest
1365 2586 1399 2610 in.
