2017 2948
47 1401 152 1422 Fundam.

691 149 786 180 DIST.
812 149 849 180 ll.
874 149 962 180 ART.
986 149 1010 180 l.
1034 148 1180 186 QUAEST.
1206 150 1229 180 l.

164 225 220 257 per
233 215 347 247 durare
360 240 368 253 ‚
386 216 445 248 fuit
458 216 493 247 in
508 215 638 247 nomine
653 215 778 254 Christi,
798 216 849 247 vel
862 216 933 246 'l'ri-

163 269 290 308 nitatis3
323 269 377 300 sed
406 269 562 309 baptisma
590 268 720 299 Ioannis
744 269 778 299 in
804 269 932 300 nomine

163 322 301 353 venturi.

401 394 642 428 ARTICULUS
668 395 693 427 Ι.

203 484 251 514 Ad
265 483 508 522 intelligentiam
522 482 622 522 hujus
636 482 864 520 distinctionis,
882 492 930 512 se-

164 534 306 564 cundum
322 534 384 564 duo
399 542 472 573 quae
487 533 676 564 determinat
690 533 851 572 Magister,
869 533 932 564 duo

165 587 380 627 principaliter
401 589 592 626 quaeruntur
607 597 613 617 ε
634 586 737 626 primo
751 586 789 617 de
805 586 930 617 institu-

163 640 250 671 tione
273 641 545 670 sacramentorum
568 642 727 678 quantum
743 639 781 670 ad
796 639 932 678 primam

163 695 305 734 partem;
323 695 480 733 quantum
494 701 570 723 vero
585 692 623 723 ad
638 692 807 723 secundam
819 716 828 731 ‚
843 702 933 732 quae-

164 747 246 777 ritur
271 747 309 777 de
334 746 491 785 baptismo
514 745 654 776 Joanuis.
682 746 770 776 Circa
792 746 933 785 primum

165 800 355 839 quaeruntur
386 799 447 828 tria
462 809 469 829 :
501 799 604 838 primo
637 799 793 838 quaeritur
823 801 932 830 ulrum

165 861 259 883 omne
279 854 406 892 tempus
427 852 523 883 fuerit
542 852 692 883 idoneum
707 853 746 884 ad
761 853 933 885 institutio-

165 915 240 936 nem
263 908 556 943 sacramentorum3
583 906 740 943 secundo,
765 908 877 937 utrum
900 907 933 937 in

165 959 298 990 diversis
312 959 508 999 temporibus
523 959 690 990 debuerint
704 959 828 991 diversa
842 960 932 991 insti-

165 1012 231 1050 tui;
253 1012 365 1050 tertio,
388 1014 500 1043 utrum
523 1012 556 1042 in
578 1014 719 1052 tempore
742 1013 854 1052 gratiae
876 1013 933 1044 de-

165 1065 290 1096 buerint
306 1065 426 1095 institui
442 1074 544 1096 unum
559 1089 566 1103 ,
583 1065 634 1095 vel
649 1065 751 1105 plura.

435 1180 614 1218 QUAESTIO
638 1181 660 1211 Ι.

175 1262 219 1288 An
232 1269 306 1288 omne
318 1264 418 1296 tempus
432 1263 519 1294 fuerit
535 1263 658 1289 idoneum
674 1262 710 1289 ad
725 1263 921 1290 institutionem

421 1309 646 1333 sacramentormn
660 1310 676 1332 ¹.

207 1384 297 1422 Quod
312 1394 406 1428 omne
418 1387 543 1425 tempus
558 1385 652 1416 fuerit
669 1385 817 1416 idoneum
833 1386 870 1416 ad
884 1386 933 1416 in—

166 1438 361 1469 stitutionem
377 1441 647 1469 sacramentorum
662 1463 669 1476 ,
688 1439 876 1470 ostenditur.
898 1440 935 1471 Et

166 1491 270 1531 primo
292 1491 330 1521 de
354 1493 494 1531 tempore
514 1494 638 1522 naturae
661 1492 811 1523 institutae
825 1516 834 1530 ‚
861 1494 935 1532 quia

166 1547 241 1574 tunc
256 1544 436 1575 institutum
457 1546 503 1575 est
518 1547 752 1575 sacramentum
769 1546 935 1576 matriino÷

166 1597 210 1641 nii
226 1608 233 1628 :
248 1606 327 1637 ergo
342 1598 367 1628 si
382 1598 442 1628 hoc
457 1598 538 1628 inter
553 1598 614 1628 alia
625 1601 819 1629 sacramenta
831 1598 936 1629 miuus

166 1653 212 1682 est
227 1652 338 1682 efficax
348 1675 355 1689 ,
372 1651 498 1682 videtur
511 1651 595 1691 quod
611 1652 644 1681 in
659 1652 712 1682 illo
727 1654 868 1691 tempore
882 1652 935 1683 de—

167 1704 294 1735 buerint
314 1704 375 1735 alia
397 1705 496 1736 multo
518 1705 621 1744 magis
640 1705 772 1735 institui.
799 1704 832 1736 Si
854 1705 937 1736 dicas

168 1757 253 1797 quod
268 1767 345 1788 usus
362 1757 558 1788 matrimonii
575 1757 619 1787 illi
635 1758 769 1797 tempori
783 1767 938 1797 congrue-

168 1809 242 1848 bat,
259 1810 335 1849 quia
349 1812 416 1841 erat
431 1819 495 1841 non
514 1810 546 1840 in
561 1811 757 1848 remedium,
776 1811 828 1841 sed
844 1811 876 1841 in
891 1812 936 1842 of-

169 1862 295 1897 ficiumz,
310 1863 362 1893 sed
376 1862 437 1892 alia
447 1863 589 1892 instituta
601 1865 676 1893 sunt
691 1863 724 1893 in
737 1864 936 1899 medicinam,

170 1916 201 1945 et
212 1914 281 1945 ideo
293 1924 355 1945 non
369 1916 441 1945 ante
450 1915 573 1954 lapsum
589 1924 595 1945 :
608 1914 720 1945 Contra
735 1924 742 1945 ε
758 1918 786 1945 1.
800 1916 881 1946 Deus
896 1917 937 1946 si-

172 1967 239 1998 mul
262 1977 336 1999 cum
361 1967 499 1998 condidit
521 1968 694 2007 angelum,
719 1968 856 1999 condidit
872 1978 937 2008 poe-

171 2030 247 2052 nam
258 2045 268 2059 ‚
284 2021 351 2052 sive
366 2021 474 2060 ignem
486 2045 494 2059 ,
511 2023 545 2051 nt
561 2021 622 2059 ibi,
638 2021 663 2051 si
678 2024 831 2062 peccaret,
849 2022 941 2062 puni-

171 2075 269 2111 retur,
287 2073 363 2112 quia
373 2073 442 2111 ejus
458 2074 620 2112 peccatum
633 2075 679 2102 est
689 2072 936 2103 irremediabile:

171 2135 250 2165 ergo
266 2126 333 2166 pari
349 2126 472 2156 ratione
483 2150 491 2163 ,
508 2134 582 2155 cum
601 2125 738 2156 condidit
755 2125 917 2156 hominem
930 2150 938 2164 ,

173 2180 221 2219 cuj
228 2188 264 2210 us
278 2181 345 2210 erat
357 2188 485 2219 peccare
500 2179 758 2217 remediabiliter,
774 2178 883 2210 debuit
897 2179 941 2209 in-

173 2233 305 2263 stituere
320 2233 519 2263 medicinam.

213 2289 242 2317 ⁶2.
266 2287 343 2317 ltem
354 2310 364 2325 ,
387 2286 536 2325 Magister
555 2286 628 2317 dicit
646 2287 844 2318 distinctione
858 2296 941 2327 prae-

174 2340 313 2377 cedenti,
333 2339 417 2379 quod
438 2342 709 2371 sacramentorum
732 2349 810 2371 usus
834 2343 880 2371 est
903 2340 941 2370 ad

174 2393 426 2424 humiliationem
440 2416 447 2431 ,
463 2395 493 2423 et
508 2393 779 2431 exercitationem,
797 2395 827 2424 et
842 2393 943 2424 erudi-

207 2475 212 2488 “
230 2474 269 2503 Cf.
286 2473 356 2497 Alex.
373 2472 468 2501 Mens„
484 2479 509 2502 p.
524 2472 565 2502 lV,
578 2479 602 2502 q.
617 2478 641 2502 v,
654 2472 749 2496 memb.
761 2474 788 2503 23
803 2474 828 2497 S.
841 2473 942 2502 Thom.‚

175 2517 200 2540 p.
213 2510 253 2537 lii,
268 2516 292 2540 q.
307 2514 375 2538 mxiv,
391 2510 428 2531 art
443 2510 472 2537 2,
484 2510 508 2530 cl
523 2508 551 2531 lV
567 2510 645 2537 Senti,
658 2508 715 2531 dist.
733 2515 770 2538 111,
786 2516 810 2539 q.
824 2514 841 2537 Ι,
854 2511 902 2532 επὶ.
915 2511 940 2538 2;

175 2547 309 2577 Ricardus,
334 2547 365 2570 n·
389 2546 468 2576 Seni„
488 2545 545 2569 dist.
571 2552 599 2575 ii,
623 2553 648 2576 «1.
673 2552 696 2575 1;
718 2546 807 2570 'l‘honi.
828 2548 941 2575 Amcnt.y

177 2583 206 2606 IV
218 2582 362 2612 Sent.‚dist,
378 2587 408 2611 11,
424 2588 448 2612 q.
465 2587 483 2609 1,
494 2583 540 2604 nrt.
553 2583 579 2611 33
596 2581 682 2611 simpli.
704 2581 803 2609 tirulei‘.,
821 2582 850 2605 lV
864 2583 943 2610 5anv

177 2619 234 2643 dist.
258 2624 287 2648 11,
308 2625 333 2649 q.
354 2623 379 2648 η
401 2618 490 2641 Petrus
509 2616 539 2640 de
561 2617 673 2647 Tamna,
694 2617 725 2640 lV
745 2616 823 2647 Sem„
841 2616 896 2642 dist.
915 2623 943 2648 11,

1699 153 1757 182 285

990 216 1128 254 tionem3
1144 225 1217 256 quae
1230 225 1295 247 non
1312 218 1434 247 tantum
1449 217 1640 248 conveniunt
1655 227 1754 258 aegro,

990 268 1043 299 sed
1058 269 1154 299 etiam
1168 278 1246 299 sano
1262 279 1269 299 ε
1286 277 1365 308 ergo
1376 292 1386 307 ,
1403 271 1462 300 etc.

1029 323 1059 352 3.
1080 321 1158 352 Item
1171 345 1179 358 ‚
1202 321 1285 361 quod
1305 323 1431 361 tempus
1453 321 1534 361 legis
1548 325 1673 355 naturae
1688 327 1757 364 post

989 375 1113 414 lapsum
1140 374 1235 405 fuerit
1263 374 1453 405 conveniens
1464 398 1473 412 ,
1511 374 1650 414 videtur,
1681 377 1756 416 quia

989 427 1065 458 boni
1079 429 1110 458 et
1123 428 1272 467 sapientis
1293 427 1407 458 medici
1427 429 1474 458 est
1495 427 1683 458 medicinam
1701 439 1755 459 us-

990 490 1052 519 que
1072 481 1111 510 ad
1132 480 1344 519 indigentiam
1363 480 1489 510 differre
1502 503 1509 517 ,
1532 482 1563 510 et
1584 490 1657 511 cum
1672 482 1759 512 adest

989 533 1182 573 indigentia,
1203 534 1305 573 ipsam
1327 533 1462 564 offerre:
1488 542 1567 572 ergo
1587 534 1612 563 si
1634 536 1758 574 tempus

989 585 1070 625 legis
1085 588 1209 617 naturae
1223 586 1282 617 fuit
1296 586 1376 624 tale,
1393 588 1470 617 tunc
1485 586 1553 616 sine
1567 586 1714 618 dilatione
1728 590 1759 618 et

989 639 1210 678 anticipatione
1225 639 1333 669 debuit
1352 641 1548 670 sacramenta
1563 640 1736 671 instituere.

1029 694 1059 721 4.
1082 691 1170 729 Item,
1188 692 1271 731 quod
1289 694 1412 732 tempus
1432 692 1511 731 legis·
1526 693 1649 732 =scriptae
1666 694 1759 724 suerit

989 745 1093 784 magis
1114 745 1285 782 idoneum,
1306 746 1442 783 videtur,
1467 745 1542 785 quia
1562 750 1758 777 sacramenta

989 807 1052 829 non
1076 798 1146 828 ideo
1176 800 1249 828 sunt
1273 801 1446 838 praecepta,
1475 800 1550 838 quia
1573 800 1675 838 l)ona;
1702 803 1756 832 sel

990 850 1059 881 ideo
1077 850 1179 888 bona,
1201 852 1275 890 quia
1291 854 1446 891 prcecepta
1465 854 1495 881 et
1517 852 1657 883 instituta
1673 864 1678 883 :
1704 855 1756 884 sed

992 904 1225 944 taliapraecepta
1234 905 1373 935 maxime
1384 905 1515 935 conveni
1522 908 1578 934 unt
1587 906 1649 944 legi
1663 907 1757 946 scrip-

989 958 1029 987 tae
1045 967 1051 987 z
1067 966 1145 996 ergo
1159 959 1189 987 et
1204 959 1474 987 sacramentorum
1490 957 1654 989 institutio.

1030 1012 1059 1039 5.
1084 1010 1180 1048 Item,
1205 1010 1289 1049 quod
1312 1012 1436 1049 tenipus
1459 1010 1538 1049 legis
1565 1013 1758 1051 evangelicae

990 1063 1085 1093 fuerit
1099 1063 1302 1099 conveniens,
1318 1063 1456 1101 videtur,
1473 1064 1548 1103 quia
1561 1069 1758 1097 sacramenta

990 1117 1064 1146 sunt
1088 1115 1251 1146 medicinae
1269 1127 1275 1146 z
1302 1116 1354 1145 sed
1374 1116 1450 1146 illud
1469 1119 1594 1156 tempus
1618 1119 1757 1150 maxime

990 1169 1118 1199 illorum
1138 1169 1328 1200 institutioni
1348 1170 1512 1207 convenit,
1537 1171 1569 1200 in
1585 1179 1646 1209 quo
1662 1172 1757 1202 adve-

991 1223 1036 1252 nit
1051 1222 1202 1252 medicus.
1225 1221 1261 1252 Et
1282 1222 1397 1252 iterum
1408 1246 1418 1260 ,
1440 1224 1512 1252 sunt
1527 1233 1603 1253 vasa
1618 1225 1731 1263 gratiae
1749 1237 1756 1256 ε

991 1284 1070 1314 crgo
1086 1276 1128 1305 illi
1145 1275 1277 1314 tempori
1294 1277 1498 1314 congruunt,
1515 1277 1600 1315 quod
1616 1279 1662 1307 est
1678 1280 1759 1308 tem-

991 1337 1051 1368 pus
1066 1328 1190 1367 gratiae.

1031 1383 1145 1413 Contra
1158 1393 1164 1413 :
1182 1384 1210 1413 1.
1230 1382 1318 1419 Quod
1333 1391 1395 1412 non
1407 1384 1614 1422 congruerint
1626 1386 1759 1426 tempori

991 1440 1115 1468 naturae
1130 1436 1284 1466 institutae
1296 1460 1303 1473 ‚
1321 1436 1510 1474 ostenditur,
1528 1438 1604 1476 quia
1617 1439 1671 1478 qui
1687 1449 1760 1479 spe-

991 1492 1039 1520 rat
1062 1499 1250 1529 resurgere,
1278 1489 1400 1519 facilius
1421 1489 1550 1520 dimittit
1570 1501 1603 1521 sc
1626 1493 1758 1524 cadere:

992 1552 1071 1582 ergo
1086 1543 1111 1573 si
1127 1543 1230 1583 primo
1240 1543 1361 1573 homini
1373 1546 1475 1573 essent
1487 1545 1626 1576 remedia
1640 1549 1759 1585 parata,

992 1595 1063 1626 data
1081 1598 1162 1626 esset
1183 1596 1211 1626 ei
1231 1595 1353 1626 occasio
1373 1597 1521 1635 peccandi
1538 1608 1544 1627 :
1569 1607 1648 1637 ergo
1670 1599 1696 1629 si
1711 1609 1762 1630 sa·-

992 1651 1153 1680 cramenta
1171 1649 1285 1680 debent
1302 1658 1369 1680 esse
1384 1649 1436 1680 via
1450 1650 1488 1680 ad
1504 1652 1736 1690 resurgendum
1751 1677 1759 1690 ,

994 1711 1055 1733 non
1073 1702 1110 1732 ad
1127 1702 1301 1732 cadendum
1313 1726 1322 1739 ,
1339 1711 1402 1732 non
1417 1702 1595 1734 debuerunt
1610 1704 1662 1735 illo
1679 1707 1761 1736 tem-

993 1764 1067 1794 pore
1081 1755 1214 1785 institui.

1033 1810 1062 1838 ΕΖ.
1080 1807 1158 1838 Item
1171 1832 1179 1846 ,
1195 1808 1281 1847 quod
1297 1817 1353 1838 nec
1369 1811 1510 1848 tempore
1525 1809 1607 1848 legis
1621 1814 1759 1850 naturae,

993 1861 1129 1898 videtur,
1151 1862 1226 1901 quia
1245 1864 1386 1900 tempore
1407 1862 1461 1892 illo
1481 1862 1583 1893 solum
1604 1866 1763 1896 concurrit

990 1916 1044 1954 Jus
1060 1914 1203 1944 naturale
1218 1925 1225 1944 :
1249 1914 1303 1944 sed
1325 1923 1381 1952 ea,
1405 1924 1477 1954 quae
1493 1915 1587 1947 dictat
1598 1918 1653 1956 jus
1669 1921 1764 1950 natu-

995 1969 1059 1999 rale
1070 1993 1080 2007 ‚
1101 1972 1175 1999 sunt
1189 1969 1227 2000 de
1242 1978 1275 1999 se
1291 1969 1393 2009 bona,
1411 1973 1485 2000 sunt
1499 1971 1594 2002 etiam
1615 1973 1762 2004 immobi-

996 2021 1036 2052 lia
1051 2033 1058 2052 :
1076 2030 1154 2060 ergo
1170 2022 1195 2052 si
1212 2025 1409 2053 sacramenta
1422 2032 1487 2054 non
1503 2026 1577 2055 sunt
1591 2022 1682 2065 talia,
1700 2036 1764 2058 non

995 2074 1188 2105 conveniunt
1204 2074 1249 2105 illi
1263 2075 1409 2115 tempori.

1036 2128 1065 2157 3.
1082 2126 1159 2158 Item
1172 2152 1179 2165 ,
1199 2127 1283 2167 quod
1297 2137 1355 2159 nec
1370 2130 1605 2171 temporilegis
1619 2133 1743 2173 scriptae
1753 2158 1763 2172 ,

995 2180 1071 2220 quia
1082 2179 1135 2211 lex
1150 2181 1265 2220 scripta
1280 2181 1352 2212 data
1365 2184 1411 2213 est
1424 2182 1457 2213 in
1473 2192 1554 2214 onus
1565 2208 1573 2222 ,
1590 2187 1621 2215 et
1635 2186 1673 2217 ad
1688 2195 1763 2217 con-

996 2233 1189 2264 vincendum
1206 2233 1244 2264 de
1260 2234 1445 2274 impotentia
1456 2259 1465 2273 ‚
1489 2239 1522 2266 nt
1537 2237 1610 2268 dicit
1626 2237 1721 2278 Ilugo
1731 2243 1742 2259 ²
1756 2249 1763 2270 ε

996 2295 1075 2325 ergo
1090 2286 1117 2316 si
1132 2290 1328 2317 sacramenta
1347 2290 1419 2318 sunt
1433 2289 1598 2320 medicinae
1614 2300 1765 2330 reparan-

996 2342 1042 2370 tes
1071 2340 1244 2378 virtutem,
1278 2340 1459 2371 nullatenus
1483 2343 1678 2374 conveniunt
1701 2344 1764 2384 legi

996 2392 1131 2433 scriptae.

1037 2447 1066 2476 4.
1083 2446 1161 2477 Item
1174 2470 1181 2483 ,
1197 2448 1281 2486 quod
1294 2456 1358 2478 non
1374 2447 1439 2486 legi
1457 2449 1665 2488 evangelicae,
1683 2451 1766 2482 vide-

997 2501 1061 2538 tur,
1083 2499 1159 2538 quia
1179 2500 1249 2531 haec
1267 2500 1319 2531 lex
1341 2503 1387 2531 est
1408 2500 1603 2533 eliminativa
1623 2503 1674 2534 vel
1690 2513 1763 2536 eva-

997 2587 1022 2610 q.
1039 2585 1064 2610 15
1080 2580 1155 2605 Gabr.
1178 2580 1250 2611 niet,
1273 2580 1304 2605 lv
1320 2580 1399 2610 Seni„
1415 2579 1471 2604 dist.
1493 2586 1522 2612 Η,
1538 2588 1562 2612 q.
1583 2588 1602 2607 1.
1613 2596 1644 2601 —-
1665 2585 1675 2601 ἱ
1689 2586 1765 2618 ειυς.)

998 2616 1041 2639 ub.
1058 2616 1087 2646 ιι,
1104 2623 1128 2647 p.
1146 2617 1176 2646 ιι,
1192 2623 1214 2640 c.
1230 2623 1254 2640 x.

1777 1394 1810 1414 Ad
1826 1400 1875 1420 opp.
