2017 2948
53 1240 86 1260 Ad
103 1246 155 1267 opp.

677 101 773 132 DIST.
796 100 863 132 Vll.
901 100 992 131 ART.
1017 100 1069 131 111.
1093 101 1240 138 QUAEST.
1265 104 1317 135 111.

181 168 322 209 primum
334 169 511 200 ostenditur
522 178 578 210 per
590 169 666 207 hoc,
680 168 765 208 quod
774 168 950 208 baptismus

180 223 228 252 est
241 222 482 253 fundamentum
496 224 527 253 et
539 223 639 261 janua
652 224 923 252 sacramentorum
939 232 945 251 :

181 284 260 314 ergo
274 275 300 305 si
315 275 387 315 quis
402 274 510 314 recipit
524 274 611 305 aliud
629 274 667 305 de
681 274 776 312 facto,
793 283 866 304 curn
884 283 949 304 non

180 327 275 358 intret
287 337 342 368 per
353 329 496 366 januam,
510 336 568 357 nec
580 327 695 357 habeat
707 327 745 366 ((ι)
759 327 948 357 fundamen-

179 383 261 418 tum,
275 380 469 411 nihilhabet.
485 380 517 411 Si
528 382 563 411 tu
576 380 660 411 dicas
674 380 758 419 quod
773 380 949 419 baptismus

179 433 219 464 sit
240 433 481 464 fundamentum
503 433 541 463 (10
559 441 722 471 congruo3
740 432 852 463 Contra
870 443 876 463 :
897 432 947 463 In-

178 486 344 516 nocentius
365 485 440 516 dicit
460 486 495 516 in
518 485 655 525 quadam
677 485 842 523 decretali,
862 485 948 525 quod

177 547 243 569 non
257 539 448 579 baptizatus,
462 538 517 578 (1111
528 539 587 569 fuit
601 538 766 569 ordinatus
778 540 809 568 et
825 547 949 578 promo-

177 591 276 622 tusin
291 591 500 629 sacerdotem,
522 592 636 622 iterum
659 594 727 622 erat
748 591 944 631 rebaptizan-

176 644 256 682 dus,
282 648 312 676 et
335 644 530 675 ordinandus
551 655 558 675 :
582 645 635 675 sed
657 644 735 675 ordo
757 654 821 675 non
845 647 947 684 potest

177 696 303 736 iterari,
330 698 396 729 sive
419 698 590 737 recipiatur
615 698 655 728 ab
682 707 719 728 eo
729 721 739 735 ,
763 698 817 738 (1111
846 700 948 738 potest

176 751 251 781 dare
266 751 303 781 de
318 751 398 781 facto
410 775 417 789 ,
435 751 502 781 sive
517 751 556 781 ab
571 760 607 781 eo
622 751 676 790 qui
697 753 799 790 potest
819 751 893 782 dare
908 752 946 782 de

171 804 265 842 ι111102
281 812 377 843 ergo,
394 803 421 833 si
440 813 504 834 non
518 804 619 843 potuit
632 804 771 843 recipere
785 805 944 843 ordinem,

174 856 243 895 pari
254 856 376 887 ratione
391 866 449 886 nec
463 856 750 887 confirmationem.

213 909 292 940 Item
308 909 506 940 confirmatio
519 910 648 949 respicit
661 910 779 950 aliquid
790 911 942 950 praeexis-

172 963 259 1000 tens,
276 962 351 1002 quia
366 963 449 1003 quod
463 972 528 993 non
544 965 607 999 est,
624 972 686 993 non
703 965 804 1002 potest
826 964 942 994 confir-

172 1015 254 1045 mari
271 1024 278 1046 :
295 1016 349 1046 sed
364 1016 489 1046 nullum
512 1017 746 1046 sacramentum
766 1016 943 1047 necessario

171 1069 264 1108 praeit
285 1069 556 1099 confirmationem
579 1068 665 1098 aliud
687 1078 704 1098 a
726 1069 915 1108 baptismate
932 1069 961 1100 ε’

171 1122 198 1152 51
219 1131 298 1160 ergo
318 1121 436 1161 aliquid
460 1121 693 1161 praesupponit,
710 1121 836 1153 videtur
857 1123 942 1162 quod

170 1174 376 1214 baptismum.

210 1227 324 1258 Contra
345 1238 352 1258 ε
376 1226 536 1258 Posterius
557 1230 604 1258 est
627 1230 860 1258 sacramentum
884 1237 940 1259 eu-

170 1280 349 1318 charistiae,
366 1290 463 1320 quam
479 1281 748 1311 confirmationis:
766 1281 820 1312 sed
835 1291 939 1311 sacra-

169 1335 313 1364 mentum
330 1333 529 1364 eucharistiae
548 1336 650 1373 potest
671 1334 755 1364 sumi
775 1337 848 1365 ante
863 1334 939 1374 bap-

169 1386 300 1417 tismum
310 1386 352 1422 ,de
366 1386 446 1417 facto
461 1397 468 1417 :
485 1396 562 1426 ergo
576 1388 606 1417 et
620 1387 888 1425 confirmationis,
906 1390 941 1418 ut

169 1439 304 1470 videtur.

208 1495 238 1523 2.
255 1493 332 1523 Item
347 1492 439 1523 video
454 1492 539 1532 quod
556 1492 670 1532 aliquis
685 1502 750 1524 11011
764 1493 939 1533 baptizatus

169 1548 268 1586 potest
290 1546 372 1576 mori
394 1555 452 1585 pro
467 1545 592 1576 Christo
605 1569 615 1583 ,
632 1548 662 1576 et
676 1546 816 1577 confiteri
833 1547 938 1578 Chris-

168 1601 237 1629 tum
260 1610 266 1630 :
293 1608 373 1638 ergo
398 1608 463 1629 non
491 1599 666 1638 baptizatus
694 1601 796 1638 potest
821 1599 938 1631 habere

167 1660 235 1682 rem
263 1652 361 1691 huJ'us
390 1652 578 1682 sacramenti
612 1654 684 1683 ante
716 1653 911 1692 baptismum
927 1665 935 1685 ε

167 1714 244 1744 ergo
259 1705 327 1745 pari
342 1706 464 1736 ratione
478 1707 508 1736 et
524 1708 769 1736 sacramentum.

207 1762 236 1789 3.
254 1758 349 1796 Item,
366 1758 514 1798 quamvis
538 1759 664 1789 ordines
687 1759 718 1788 in
742 1761 938 1790 sacramento

166 1812 286 1844 ordinis
300 1812 435 1843 ordinati
456 1812 539 1847 sint,
556 1814 663 1842 tamen
683 1812 739 1851 qui
753 1813 860 1852 recipit
881 1823 936 1843 su·

166 1865 304 1905 periores
320 1865 445 1895 ordines
460 1865 657 1904 negligendo
678 1865 858 1903 in'eriores,
873 1875 938 1896 non

166 1921 212 1949 est
233 1918 461 1948 reordinandus
473 1941 481 1955 ‚
496 1917 562 1948 imo
583 1920 630 1948 est
653 1917 817 1948 ordinatus
833 1928 840 1949 ε
857 1928 938 1958 ergo

166 1971 192 2002 si
207 1971 250 2001 ibi
265 1973 312 2002 est
328 1970 404 2001 ordo
426 1971 521 2001 etiam
544 1972 702 2010 quantum
721 1971 759 2002 ad
775 1971 937 2003 characte-

166 2033 232 2063 res,
245 2026 276 2054 et
290 2024 484 2063 comparatio
497 2024 673 2054 secundum
690 2025 844 2063 majorem
860 2034 934 2056 con-

165 2077 380 2114 venientiam,
397 2076 498 2107 mutto
521 2077 633 2107 fortius
656 2077 782 2108 videtur
804 2078 838 2108 111
861 2088 934 2118 pro-

166 2131 290 2170 posito,
312 2130 396 2171 quod
418 2139 483 2161 non
502 2130 679 2170 baptizatus
698 2131 794 2170 possit
817 2131 933 2162 confir·

165 2192 256 2214 marl.

198 2268 206 2284 ¹
219 2267 294 2297 infra,
309 2268 366 2292 dist.
381 2274 452 2298 xxiv,
466 2275 493 2299 p.
508 2269 536 2299 ΙΙ,
550 2270 597 2292 nrt.
614 2270 635 2296 t,
652 2275 677 2299 q.
693 2274 733 2293 111.

197 2316 230 2346 (α)
248 2316 307 2341 Coel.
318 2316 377 2340 edit.
391 2317 476 2341 habet.
491 2330 522 2335 -
533 2317 564 2348 (b)
580 2317 639 2341 Cei-l.
651 2317 713 2340 edit.
725 2317 891 2348 imprimatur.
902 2331 933 2336 —

164 2365 194 2371 —
209 2354 239 2383 (c)
253 2353 312 2377 Caet.
328 2352 388 2376 edat.
403 2352 459 2377 add.
479 2355 512 2378 et.
523 2366 554 2371 —
571 2353 609 2384 (d,
626 2352 686 2377 Caet.
701 2353 762 2377 edil.
778 2355 813 2376 ut.

1715 107 1773 139 [0¹3

1278 233 1500 266 CONCLUSIO.

1008 315 1167 349 Confirmari
1180 324 1230 344 non
1240 320 1329 352 potest
1343 321 1488 353 quispiam,
1502 322 1559 348 nisi
1568 324 1646 356 prius
1659 324 1695 350 sit
1709 324 1774 358 bap-

1040 362 1156 393 tz'zatns,
1177 364 1241 396 quia
1262 365 1352 396 malla
1373 365 1500 392 roborans
1521 368 1636 400 ‘requirit
1656 370 1774 401 qratiam

1035 405 1243 440 Justificantem,
1267 411 1291 434 et
1314 409 1452 436 character
1475 412 1683 444 confirmationis
1706 412 1773 447 bap-

1040 450 1168 477 tismalem
1180 454 1374 486 proesupponz't.

1043 535 1136 575 Resp.
1153 537 1192 567 ad
1208 547 1278 577 arg.
1293 538 1466 571 Dicendum
1481 541 1566 580 quod
1588 551 1653 572 non
1667 542 1773 583 bapti-

1002 590 1091 619 zatus
1105 599 1170 620 non
1185 595 1285 630 potest
1301 594 1502 632 confirmari,
1519 595 1580 625 nisi
1594 595 1682 635 prius
1695 596 1773 636 bap-

1002 641 1125 673 tizetur.
1143 642 1232 675 Ratio
1255 647 1361 676 autem
1383 647 1481 687 hujus
1499 649 1585 679 venit
1601 658 1640 679 ex
1655 649 1772 689 duplici

1001 703 1036 725 re
1058 695 1157 735 hujus
1178 700 1377 731 sacramenti.
1395 700 1503 732 Primo
1523 711 1564 732 ex
1586 704 1675 741 parte
1693 712 1772 742 gra-

1001 748 1072 787 tiae,
1090 750 1165 789 quia
1190 751 1233 781 ibi
1260 752 1353 783 datur
1377 754 1481 792 gratia
1500 756 1700 794 justificans.
1720 756 1772 788 hic

1000 801 1176 841 roborans;
1202 806 1232 834 et
1256 805 1317 846 ista
1340 808 1556 847 praesupponit
1577 808 1674 840 iilam.
1700 810 1770 841 Alia

1000 856 1080 886 ratio
1095 857 1182 887 venit
1201 866 1239 888 ex
1258 860 1346 897 parte
1366 859 1574 899 characteris,
1593 862 1669 902 quia
1692 863 1770 893 cha-

999 912 1101 940 racter
1115 910 1166 940 1110
1179 911 1422 943 fundamentum
1436 916 1483 944 est
1497 914 1632 945 aliorum
1650 926 1657 946 z
1675 916 1745 947 ideo
1759 940 1768 955 ,

1000 962 1054 993 1110
1070 972 1135 993 11011
1154 963 1324 1003 impresso,
1343 966 1396 996 alii
1420 976 1484 997 non
1508 971 1640 1007 possunt
1658 968 1768 1009 impri-

998 1016 1054 1046 mi.
1080 1016 1117 1046 Et
1138 1017 1306 1056 quoniam,
1330 1028 1403 1049 cum
1425 1020 1458 1050 in
1479 1022 1683 1053 sacramentis
1706 1032 1769 1054 non

998 1069 1195 1109 imprimitur
1218 1071 1253 1110 (h)
1270 1072 1453 1111 character,
1480 1074 1513 1104 111
1536 1075 1654 1114 quibus
1676 1079 1768 1116 aptus

999 1125 1091 1153 natus
1112 1126 1158 1154 est
1179 1124 1339 1163 imprimi,
1365 1126 1479 1157 dicitur
1502 1128 1583 1158 1111111
1608 1130 1677 1160 fieri
1700 1139 1707 1160 ε
1732 1130 1766 1170 (c)

997 1175 1068 1206 ideo
1085 1186 1149 1208 non
1164 1177 1339 1217 baptizatus
1362 1189 1426 1210 non
1446 1182 1547 1219 potest
1568 1181 1601 1211 111
1616 1182 1668 1212 tali
1684 1185 1769 1214 statu

997 1231 1178 1261 confirmari
1194 1255 1202 1269 ,
1232 1234 1262 1262 et
1290 1233 1425 1264 concedo
1458 1234 1596 1265 rationes
1626 1236 1666 1266 ad
1694 1236 1765 1268 hoc.

997 1282 1161 1319 Quomodo
1174 1287 1280 1315 autem
1295 1286 1457 1318 character
1480 1288 1674 1327 baptismalis
1695 1290 1769 1320 fun-
1783 1314 1786 1319 .

996 1334 1183 1365 damentum
1204 1336 1262 1374 sit,
1286 1339 1371 1376 patet
1388 1347 1395 1368 :
1414 1339 1489 1378 quia
1514 1339 1564 1370 ille
1588 1340 1715 1379 respicit
1729 1342 1769 1371 fi-

996 1385 1067 1416 dem
1079 1410 1086 1424 ,
1104 1386 1170 1417 sive
1186 1387 1418 1419 inchoationem
1441 1390 1511 1421 fidei
1524 1414 1532 1427 ,
1545 1392 1576 1421 et
1591 1391 1642 1421 alii
1663 1392 1767 1431 respi-

996 1439 1084 1469 ciunt
1098 1442 1215 1470 statum
1232 1441 1303 1472 fidei
1321 1453 1327 1472 :
1345 1444 1375 1473 et
1390 1443 1469 1473 sicut
1481 1453 1514 1474 se
1525 1443 1620 1474 habet
1635 1445 1712 1476 fides
1727 1446 1766 1476 ad

995 1495 1132 1532 statum,
1150 1497 1205 1525 aut
1231 1495 1275 1534 ((1)
1300 1496 1351 1526 aiii
1375 1498 1474 1527 status
1495 1497 1534 1528 ad
1559 1497 1705 1537 initium,
1723 1499 1767 1529 sic

995 1547 1156 1578 character
1172 1548 1211 1578 ad
1228 1548 1453 1580 characterem.

1036 1603 1064 1631 1.
1081 1601 1129 1631 Ad
1144 1601 1222 1632 illud
1236 1602 1319 1641 quod
1335 1603 1482 1642 objicitur
1496 1604 1534 1635 de
1555 1604 1763 1645 Eucharistia,

990 1655 1059 1694 jam
1074 1657 1158 1694 patet
1173 1656 1334 1695 responsio
1347 1680 1354 1692 ‚
1371 1657 1446 1696 quia
1460 1657 1502 1687 ihi
1517 1657 1680 1690 character
1694 1659 1765 1690 nul-

994 1707 1042 1739 lus
1063 1708 1256 1748 imprimitur
1272 1718 1280 1739 :
1295 1709 1383 1740 etita
1404 1720 1467 1741 11011
1490 1711 1585 1741 habet
1608 1712 1686 1743 adeo
1715 1722 1763 1743 es-

994 1759 1158 1790 sentIalem
1182 1760 1327 1791 ordinem
1342 1785 1349 1799 ,
1382 1761 1464 1792 sicut
1490 1763 1706 1802 confirmatio,
1735 1766 1765 1795 et

993 1811 1080 1843 ordo.

1035 1868 1065 1896 2.
1089 1865 1135 1896 Ad
1158 1865 1235 1896 illud
1259 1867 1345 1906 quod
1368 1868 1525 1907 objicitur,
1554 1869 1639 1909 quod
1663 1872 1764 1910 potest

993 1919 1135 1950 confiteri
1148 1922 1179 1950 et
1193 1920 1274 1950 niori
1286 1945 1293 1959 ‚
1310 1921 1478 1952 dicendum
1494 1923 1577 1962 quod
1588 1932 1701 1954 verum
1716 1926 1763 1954 est

993 1973 1060 2003 sine
1075 1976 1288 2012 sacramento,
1307 1975 1361 2005 sed
1382 1984 1446 2006 non
1466 1975 1532 2006 sine
1555 1985 1589 2007 re
1609 1976 1694 2007 illius
1711 1987 1761 2008 sa-

993 2024 1147 2055 cramenti
1164 2035 1172 2056 :
1188 2027 1219 2055 et
1234 2025 1315 2056 sicut
1335 2035 1386 2056 res
1409 2026 1593 2066 hujusmodi
1618 2036 1683 2059 non
1705 2037 1761 2068 po-

992 2079 1051 2109 test
1066 2077 1176 2109 haberi
1192 2079 1260 2109 sine
1272 2088 1306 2109 re
1320 2079 1405 2110 illius
1420 2081 1628 2120 sacramenti,
1645 2081 1690 2112 sic
1704 2091 1763 2112 nec

991 2131 1154 2163 character
1168 2132 1236 2163 sine
1251 2132 1441 2164 charactere.

1031 2187 1060 2216 3.
1085 2186 1132 2216 Ad
1154 2185 1233 2216 illud
1252 2186 1339 2225 quod
1360 2186 1508 2225 objicitur
1524 2187 1561 2218 de
1576 2187 1760 2227 ordinibus,

990 2239 1157 2270 dicendum
1172 2239 1258 2279 quod
1279 2248 1343 2270 non
1361 2242 1408 2270 est
1427 2240 1548 2280 simile,
1565 2241 1659 2281 quia,
1681 2242 1762 2272 sicut

991 2292 1108 2332 patebit
1122 2294 1143 2331 ¹,
1160 2302 1223 2323 non
1239 2295 1285 2323 est
1308 2293 1350 2324 ita
1370 2294 1544 2324 essentialis
1567 2288 1760 2334 comparatio

989 2345 1138 2376 ordinum
1158 2346 1359 2386 superiorum
1381 2348 1419 2377 ad
1441 2348 1606 2378 inferiores
1633 2351 1761 2388 propter

988 2400 1204 2432 diversitatem
1220 2400 1480 2431 ministeriorum.
1498 2401 1557 2431 Sed
1572 2401 1631 2431 hoc
1646 2401 1759 2433 metius

988 2454 1106 2495 patebit
1119 2463 1177 2485 suo
1192 2453 1272 2485 loco.
