2017 2948
252 102 310 131 706

251 174 377 197 necesse
397 163 539 194 confiteri
562 163 590 193 ei
614 162 716 192 scelus
738 162 916 199 occultum,
943 161 1019 201 quia

251 218 342 248 aliter
356 217 422 256 ipse
438 224 504 246 non
518 214 616 245 novit.
633 214 703 245 Alia
718 215 797 245 ratio
812 217 858 245 cst
876 223 916 245 ex
930 215 1019 253 parte

249 268 421 309 peccatoris
436 267 629 305 confitentis,
652 269 687 297 ut
709 276 780 307 quse
802 275 867 297 non
892 265 1020 296 erubuit

250 323 333 352 intra
347 321 523 352 thalamum
540 320 643 350 cordis
658 320 690 350 in
709 321 878 358 conspectu
901 317 1020 349 divinae

249 374 427 412 praesentiae
455 374 609 412 cogitare,
639 374 669 403 et
696 371 776 402 velle
791 395 800 409 ‚
829 374 860 401 et
884 369 1020 401 volendo

249 427 439 465 consentire,
457 429 532 457 tunc
547 434 653 456 coram
669 424 768 455 oculis
784 423 955 454 sacerdotis
969 431 1019 453 re-

248 482 321 513 citet
334 490 407 512 cum
420 481 537 511 rubore
550 490 557 510 t
570 482 605 510 ut
619 479 675 518 qui
688 478 881 518 perpetravit
892 478 1019 508 invere-

248 535 361 572 cunde,
374 537 405 565 et
421 533 641 564 verecundiam
657 531 789 571 abjecit,
805 539 891 561 nunc
905 539 945 560 ex
959 529 1020 560 hoc

248 588 281 618 in
293 588 462 627 conspectu
476 586 615 617 hominis
627 584 808 616 erubescat:
824 584 921 614 homo
932 583 1019 614 enim

248 640 382 671 carnalis
394 639 466 679 plus
479 637 634 670 erubescit
644 638 751 669 oculos
761 637 910 674 hominis,
921 645 1017 675 quam

248 693 313 724 Dei.
331 692 542 724 Concedendae
558 691 660 731 igitur
674 692 749 721 sunt
763 690 900 720 rationes
910 713 917 726 ‚
935 688 1019 728 quod

248 746 434 777 differentiae
457 745 563 776 omnis
585 744 701 784 peccati
722 742 910 774 confitendae
932 743 1015 771 sunt.

289 802 318 830 1.
333 799 380 830 Ad
395 799 471 830 illud
487 807 567 837 ergo
579 798 663 838 quod
677 796 825 836 objicitur
838 795 876 826 de
888 794 1018 834 Sapien-

249 852 315 890 tia,
344 852 512 883 dicendum
543 851 628 890 quod
657 852 722 880 tam
752 848 887 879 verbum
916 847 993 878 illud
1008 871 1015 884 ,

247 914 344 946 quam
356 905 492 935 verbum
506 902 721 943 Chrysostomi
737 904 767 932 et
780 901 953 939 Augustini
967 909 1018 930 su-

247 967 303 997 per
316 957 378 988 hac
392 956 542 993 materia,
560 954 804 994 intelligendum
820 956 866 983 est
888 962 943 992 per
960 962 1017 992 ap-

247 1009 495 1049 propriationem
523 1018 530 1038 :
562 1017 625 1038 non
659 1007 744 1037 enim
774 1005 1017 1045 intelligendum

247 1064 292 1093 est
315 1060 446 1101 praecise
471 1069 527 1099 per
552 1060 731 1090 veritatem.
759 1058 907 1089 Peccator
931 1058 1016 1088 enim

247 1114 301 1155 qui
319 1113 385 1144 sola
400 1112 563 1144 voluntate
579 1114 702 1151 peccat,
723 1120 796 1151 quae
816 1111 872 1141 toti
894 1109 1017 1141 homini

246 1167 410 1208 praesfflet,
433 1168 516 1196 totus
535 1165 681 1205 punitur3
706 1167 737 1195 et.
760 1164 803 1194 ita
827 1163 910 1204 quod
936 1163 1015 1193 iute—

246 1220 334 1258 rius‚
351 1223 381 1250 et
395 1218 537 1250 exterius
552 1228 559 1248 ε
576 1220 607 1248 et
628 1217 714 1255 ideo,
741 1217 766 1246 si
790 1217 845 1246 fiat
866 1216 1014 1254 emenda,

247 1275 331 1303 totus
345 1272 442 1302 homo
457 1270 549 1301 debet
563 1279 633 1300 eam
649 1270 750 1299 facere
774 1271 804 1298 ct
828 1278 884 1308 per
906 1277 1017 1299 omnes

246 1328 351 1363 actus,
369 1324 485 1355 scilicet
498 1322 616 1360 cordis,
635 1322 699 1352 oris
714 1324 743 1352 et
758 1330 882 1352 manus.

287 1381 318 1409 2.
339 1377 387 1408 Ad
408 1375 486 1407 illud
502 1375 586 1415 quod
601 1375 750 1413 objicitur
764 1375 801 1405 de
816 1374 997 1413 Augustino
1008 1397 1015 1410 ‚

246 1431 330 1472 quod
346 1431 402 1461 uhi
417 1430 529 1467 oritur,
548 1430 620 1471 etc„
645 1428 813 1459 dicendum
838 1427 922 1467 quod
945 1436 1015 1458 ver-

246 1485 324 1515 bum
345 1483 424 1514 illud
442 1481 630 1523 intelli-gitur
645 1483 798 1520 quantun]
815 1480 852 1510 ad
868 1489 1015 1519 progres-

249 1545 321 1568 sum
335 1535 453 1576 peccati
460 1557 471 1572 ,
484 1536 521 1564 ut
534 1535 698 1573 peccatum
710 1542 775 1563 non
791 1533 948 1572 procedat,
964 1533 1017 1563 sed

247 1590 301 1620 ubi
316 1590 429 1626 oritur,
447 1587 489 1617 ihi
510 1586 680 1623 moriatur;
702 1585 755 1616 sed
778 1595 841 1616 non
865 1585 1014 1624 intelligi-

246 1645 300 1673 tur
323 1642 480 1681 quantum
503 1639 541 1669 ad
568 1638 747 1668 emendam.
771 1637 827 1668 Vel
850 1638 1017 1668 dicendum

247 1695 331 1736 quod
348 1694 425 1726 illud
443 1696 489 1724 est
508 1692 751 1731 intelligendum
773 1692 811 1723 de
833 1693 1017 1732 poenitentia

247 1747 455 1788 respondente
469 1747 595 1785 peccato
611 1744 747 1784 publico,
764 1747 794 1775 et
812 1745 934 1775 occulto
950 1754 958 1776 :
979 1745 1018 1776 de

247 1802 373 1842 peccato
391 1799 477 1830 enim
496 1798 623 1838 publico
646 1798 772 1837 publice
795 1801 842 1828 est
863 1799 1015 1829 confiten-

247 1855 342 1892 dum,
365 1862 423 1883 seu
441 1851 656 1892 puniendum,
682 1852 819 1890 propter
833 1850 1018 1881 scandalum

248 1904 488 1945 extirpandum3
512 1905 543 1934 et
563 1903 602 1933 de
622 1903 744 1933 occulto
767 1902 888 1933 occulte
911 1912 1018 1934 coram

247 1959 342 1990 unico
366 1956 524 1988 sacerdote
542 1964 550 1986 :
572 1957 603 1986 et
622 1955 696 1986 illud
719 1955 844 1986 videtur
868 1955 1018 1994 Magister

247 2011 350 2041 dicere
363 2010 396 2040 in
410 2008 524 2040 littera.

290 2066 319 2094 3.
335 2062 385 2094 Ad
399 2062 477 2092 illud
493 2061 577 2101 quod
591 2061 739 2100 objicitur
755 2061 793 2091 de
808 2061 874 2091 foro
885 2061 1015 2100 judicii,

249 2115 334 2156 quod
347 2114 548 2146 adducuntur
559 2113 737 2151 manifesta,
752 2113 919 2144 dicendum
932 2113 1017 2153 quod

248 2169 282 2199 in
304 2168 372 2199 foro
393 2166 550 2207 judiciali,
573 2166 657 2205 quod
680 2167 818 2206 procedit
841 2166 1017 2197 secundum

248 2222 389 2260 rigorem
401 2219 533 2260 justitiae
547 2218 586 2249 ad
603 2219 913 2256 condemnationem,
936 2220 1017 2250 alius

248 2276 295 2305 est
308 2275 404 2310 actor,
423 2272 504 2302 alius
517 2273 563 2302 est
579 2280 652 2302 reus
663 2294 671 2308 ‚
688 2272 768 2302 alius
783 2273 889 2303 testis:
903 2275 933 2303 et
947 2273 1017 2304 ideo

249 2327 386 2365 oportet,
404 2324 488 2364 quod
505 2324 651 2363 pluribus
665 2324 706 2354 sit
725 2327 838 2355 notum
858 2326 953 2363 illud,
978 2326 1017 2357 de

249 2388 312 2418 quo
335 2379 408 2418 quis
429 2379 605 2408 accusatur.
632 2376 692 2407 Sed
716 2377 748 2407 in
772 2377 839 2407 foro
865 2379 1018 2417 poeniten-

248 2431 314 2462 tiali
328 2431 473 2462 sacerdos
488 2432 574 2460 tenet
587 2430 694 2460 locum
717 2429 789 2468 Dei,
813 2432 843 2460 et
864 2432 1015 2462 confitens

282 2512 285 2523 ¹
299 2510 338 2539 Cf.
356 2509 426 2533 Alex.
438 2509 532 2536 Alone„
550 2516 575 2539 p.
591 2509 633 2538 lv,
649 2517 673 2539 q.
691 2515 766 2539 xv111,
782 2510 877 2533 iuemli.
894 2512 916 2540 sl,
929 2513 976 2534 :ii-t.
991 2513 1014 2538 3,

248 2546 263 2575 ἓ
288 2548 315 2574 t;
335 2544 462 2573 Richard„
487 2544 516 2567 lV
542 2546 620 2574 sent„
640 2544 697 2568 dist.
724 2550 789 2573 xvii,
811 2547 859 2568 arr..
886 2548 916 2574 3,
938 2553 963 2576 q.
987 2554 1014 2576 v;

809 93 1121 127 SENTENTIARUM
1144 93 1218 124 LlB.
1244 92 1292 123 lV.

1073 162 1157 190 tenet
1171 160 1275 190 locum
1291 160 1481 197 accusantis,
1498 161 1529 190 et
1546 160 1700 198 accusati,
1719 162 1750 191 et
1771 161 1836 192 tes-

1074 213 1131 243 tis:
1150 222 1224 243 nam
1239 213 1319 244 ratio
1335 215 1459 244 accusat
1473 213 1670 244 voluntatem
1680 237 1688 250 ‚
1703 213 1840 245 testimo-

1074 266 1166 296 nium
1190 266 1308 296 serente
1330 265 1520 296 couscientia
1539 276 1547 297 :
1571 267 1603 296 et
1616 266 1692 306 quia
1714 266 1773 297 iste
1791 268 1838 297 est

1076 318 1161 348 testis
1175 318 1334 357 privatus,
1350 327 1446 358 quem
1460 318 1541 348 nihil
1556 318 1646 355 latet,
1661 320 1692 349 et
1703 318 1741 349 de
1752 319 1841 350 omni

1075 371 1196 401 occulto
1213 371 1429 402 testimonium
1443 371 1607 411 perhibet,
1629 371 1699 403 ideo
1718 372 1772 402 tali
1789 372 1842 411 ju-

1074 423 1154 454 dicio
1169 424 1317 462 competit
1333 424 1455 454 occulta
1465 423 1621 463 judicare.

1115 478 1145 506 4.
1161 475 1209 506 Ad
1231 475 1308 506 illud
1327 477 1412 516 quod
1434 476 1581 516 objicitur
1603 476 1641 507 de
1657 476 1840 515 manifesto,

1075 528 1159 568 quod
1178 528 1329 560 consessio
1348 532 1394 559 est
1416 529 1541 560 latentis
1557 529 1674 569 peccati
1690 529 1841 560 manifes-

1073 581 1168 620 tatio,
1185 590 1241 621 per
1254 582 1492 621 Augustinum;
1508 582 1676 613 dicendum
1692 582 1776 622 quod
1794 584 1841 613 est

1074 635 1191 674 peccati
1219 634 1345 665 latentis
1374 635 1484 672 illum,
1513 635 1564 666 cui
1593 635 1761 666 confltetur
1785 644 1842 675 per

1074 687 1204 718 modum
1218 688 1347 728 J'udicis.
1367 688 1418 719 Vel
1435 688 1622 727 dicendum,
1638 688 1722 728 quod
1736 697 1842 729 pecca-

1074 743 1143 771 tum
1160 749 1255 771 omne
1270 741 1303 772 in
1318 742 1426 772 anima
1439 744 1485 772 est
1499 741 1590 782 quasi
1611 743 1772 782 apostema
1791 742 1841 773 in-

1074 793 1245 824 trinsecum
1258 804 1267 831 ;
1284 796 1315 824 et
1329 796 1626 834 quantumcumque
1650 794 1747 825 homo
1769 803 1842 835 peo-

1074 848 1122 877 eet
1152 849 1279 886 aperte,
1309 847 1414 878 adhuc
1440 847 1529 878 virus
1556 847 1673 887 peccati
1707 847 1781 879 latet
1809 848 1842 879 in

1073 900 1194 937 anima3
1211 900 1312 930 sedin
1326 900 1521 931 confessione
1536 901 1699 940 rumpitur
1711 900 1839 938 vulnus,

1073 954 1104 982 et
1125 952 1228 984 sanies
1250 953 1367 992 peccati
1390 953 1429 983 ad
1453 953 1611 984 exteriora
1634 953 1780 992 trahitur,
1806 955 1842 984 ut

1073 1005 1146 1034 (licit
1161 1005 1355 1045 Gregorius:
1372 1008 1402 1036 et
1420 1006 1495 1037 hinc
1509 1008 1557 1037 est
1575 1007 1658 1046 quod
1680 1007 1842 1046 Augusti-

1074 1067 1134 1088 nus
1150 1059 1240 1096 dicit,
1259 1059 1344 1098 quod
1360 1059 1514 1090 confessio
1530 1059 1657 1098 dicitur,
1675 1068 1732 1099 per
1745 1068 1841 1099 quam

1073 1111 1204 1141 morbus
1219 1112 1318 1142 latens
1333 1121 1387 1152 spe
1402 1113 1504 1143 veniae
1520 1113 1673 1152 aperitur.

1113 1164 1141 1192 5.
1158 1163 1205 1193 Ad
1222 1163 1300 1194 illud
1319 1165 1404 1203 quod
1419 1164 1567 1204 objicitur
1576 1165 1614 1196 de
1624 1165 1782 1196 evidentia
1791 1174 1843 1205 pa-

1072 1216 1145 1246 trati
1158 1216 1295 1254 sceleris,
1308 1219 1380 1253 etc.,
1393 1217 1561 1247 dicendum
1572 1217 1656 1256 quod
1666 1217 1743 1249 illud
1754 1217 1843 1249 intel-

1073 1269 1184 1307 ligitur
1205 1270 1239 1300 in
1260 1270 1328 1300 foro
1350 1270 1491 1309 Judiciali
1504 1294 1512 1308 ‚
1537 1270 1613 1310 quia
1632 1271 1751 1301 sactum
1764 1270 1842 1302 illud

1072 1322 1212 1352 exterius
1228 1325 1339 1353 notum
1353 1324 1416 1359 est,
1433 1324 1464 1353 et
1479 1323 1611 1353 testibus
1626 1331 1690 1353 non
1704 1325 1788 1361 eget,
1804 1331 1842 1354 eo

1072 1376 1156 1414 quod
1183 1376 1272 1406 nulla
1298 1378 1400 1416 potest
1423 1376 1687 1416 tergiversatione
1714 1376 1808 1407 celari
1831 1386 1839 1407 ε

1072 1428 1125 1458 scd
1150 1437 1215 1459 non
1241 1429 1285 1458 sic
1310 1429 1343 1458 in
1368 1430 1433 1459 foro
1460 1429 1679 1469 poenitentiae:
1704 1429 1842 1461 creditur

1073 1482 1158 1512 enim
1181 1481 1223 1511 ibi
1248 1482 1427 1513 testimonio
1452 1482 1548 1513 solius
1572 1482 1782 1513 conscientiae.
1807 1482 1841 1514 Si

1073 1534 1158 1564 enim
1173 1535 1363 1566 conscientia
1378 1535 1562 1566 testificetur
1572 1544 1659 1566 nunc
1668 1537 1778 1566 contra
1787 1535 1842 1567 ho-

1074 1587 1205 1625 minem,
1218 1588 1250 1617 in
1260 1588 1380 1627 Judicio
1396 1588 1616 1620 testificabitur
1627 1597 1684 1628 pro
1694 1588 1838 1627 homine,

1073 1639 1215 1679 alioquin
1229 1649 1354 1680 semper
1369 1640 1428 1671 erit
1443 1641 1529 1671 testis
1543 1641 1730 1672 contrarius.

1113 1694 1143 1722 G.
1159 1692 1207 1723 Ad
1227 1692 1304 1723 illud
1328 1693 1413 1732 quod
1439 1693 1602 1732 objicitur,
1627 1693 1712 1733 quod
1735 1696 1783 1725 est
1802 1694 1841 1725 ad

1073 1744 1231 1775 sciendam
1259 1745 1469 1784 quantitatam
1506 1746 1622 1784 peccati
1637 1768 1645 1783 ‚
1674 1746 1841 1777 dic-,endum

1073 1796 1157 1836 quod
1172 1796 1231 1827 ista
1247 1806 1310 1827 non
1333 1800 1379 1828 est
1400 1800 1464 1828 tota
1487 1799 1586 1835 ratio,
1607 1798 1671 1829 imo
1686 1799 1840 1837 rationes,

1073 1857 1145 1887 quae
1160 1850 1307 1888 superius
1324 1850 1494 1889 assignatae
1518 1853 1594 1882 sunt
1610 1861 1616 1882 :
1637 1853 1668 1882 et
1689 1853 1842 1891 praeterea

1074 1902 1112 1933 ad
1127 1902 1187 1933 hoc
1201 1905 1264 1941 est,
1279 1906 1315 1934 ut
1330 1904 1407 1935 sciat
1421 1913 1477 1944 per
1492 1905 1623 1936 modum
1636 1904 1761 1945 Judicis.

1333 2018 1512 2055 QUAESTIO
1530 2019 1582 2050 ΙΙΙ.

1168 2099 1207 2124 An
1230 2100 1364 2125 teneamur
1387 2101 1506 2133 confiteri
1528 2108 1626 2128 omnem
1648 2105 1750 2137 peccati

1325 2144 1555 2171 circumstantiam
1568 2145 1586 2169 ¹.

1116 2220 1229 2251 Utrum
1259 2224 1424 2253 teneamur
1449 2224 1591 2254 confiteri
1615 2233 1743 2255 omnem
1767 2235 1840 2266 pec-

1073 2275 1132 2304 cati
1149 2274 1438 2313 circumstantiam;
1457 2278 1487 2307 et
1506 2277 1589 2316 quod
1609 2278 1671 2315 sic,
1691 2279 1837 2312 videtur:

1073 2328 1147 2367 quia
1162 2328 1210 2358 Au
1216 2329 1385 2367 gustinus=
1404 2329 1477 2360 dicit
1491 2330 1523 2360 in
1538 2330 1619 2361 libro
1634 2331 1672 2363 de
1687 2332 1840 2366 Poem'ten-

1073 2382 1133 2418 tia,
1147 2390 1298 2411 enarrans
1309 2382 1493 2421 multiplicia
1504 2391 1622 2422 genera
1636 2385 1838 2418 circumstan-

1073 2478 1158 2508 Stepli.
1183 2479 1286 2509 Brutos„
1302 2480 1333 2503 tv
1350 2480 1428 2510 Sem„
1444 2481 1500 2505 dist.
1517 2487 1581 2512 xvli,
1596 2489 1621 2513 q.
1638 2489 1684 2513 xxj
1701 2485 1788 2509 Petrus
1806 2485 1836 2509 de

1071 2514 1164 2537 'rai-aut
1177 2532 1183 2542 ,
1201 2515 1230 2538 iv
1244 2516 1322 2544 Seni„
1337 2516 1394 2539 dist.
1409 2521 1474 2545 xvii,
1487 2524 1512 2547 q.
1531 2523 1611 2542 xxvii.
1624 2531 1649 2535 —
1661 2519 1670 2532 ²
1683 2520 1735 2544 imo
1750 2523 1837 2545 auctor

1071 2548 1113 2572 lib.
1126 2549 1156 2572 cle
1169 2557 1217 2574 ver.
1232 2552 1256 2574 e!
1267 2551 1327 2580 sals.
1343 2552 1439 2582 Poem‘l„
1458 2560 1480 2576 c.
1495 2558 1547 2577 xiv.

1854 2246 1958 2268 runa-m.
