2017 2948
23 449 54 468 Ad
65 454 114 474 opp.

490 211 588 243 DIST.
612 210 742 242 XXXIV.
767 210 880 241 PART.
905 210 928 242 1.

375 304 551 342 QUAESTIO
574 304 627 334 ΙΙΙ.

223 376 269 403 Αη
282 377 395 403 virtutes
408 378 463 403 sint
478 377 673 403 eoecellentiores
690 375 765 402 donis
781 375 801 401 ¹.

171 444 213 474 De
240 444 473 484 comparatione
503 444 659 475 donorum
692 443 731 473 ad
764 444 897 474 virtutes

130 500 284 537 quantum
303 499 341 529 ad
357 499 616 539 praecellentian13
644 500 675 529 et
689 500 735 529 est
749 498 894 538 quaestio,

130 553 237 582 utrum
252 552 386 582 virtutes
400 552 463 582 sint
476 552 711 582 excellentiores
726 551 832 587 donis,
853 561 893 581 an

129 612 145 633 e
161 613 323 635 converso.
349 604 387 635 Et
407 605 491 644 quod
511 605 638 635 habitus
658 604 816 635 virtutum
836 604 898 634 sint

129 657 385 694 excellentiores,
409 658 535 688 videtur
557 658 660 697 primo
683 666 739 696 per
760 657 897 696 Aposto-

128 709 195 740 lum
205 713 216 729 ¹
230 721 236 740 :
255 710 367 741 Adhuc
380 710 629 742 excellentiorem
643 711 731 742 viam
746 710 833 741 vobis
848 709 899 740 de-

129 767 278 801 monstro,
291 763 335 794 ibi
346 762 452 794 Glossa
465 775 470 794 :
489 776 502 792 «
515 764 699 794 Demonstro
708 763 800 794 vobis
812 763 897 793 viam

129 816 224 847 eundi
238 816 275 846 ad
291 816 401 853 Deum,
419 817 449 847 id
464 819 510 846 est
525 817 707 847 charitatem
719 840 726 853 ,
744 817 817 856 quia
835 826 900 847 ma-

126 870 179 909 jus
194 869 343 899 omnihus
354 869 475 900 donum
486 871 543 899 est.
555 880 568 896 >³
585 869 616 899 Si
632 878 711 908 ergo
725 870 827 900 virtus
839 872 896 907 est,

129 922 257 953 videtur
283 922 368 962 quod
393 922 526 953 virtutes
551 922 614 952 sint
640 922 897 960 excellentiores,

130 984 227 1015 quam
242 976 335 1006 dona.

171 1032 200 1060 Ξ.
227 1029 304 1060 Item
331 1029 541 1069 Philosophus
566 1029 722 1060 diffiniens
747 1029 899 1059 virtutem

131 1082 204 1112 dicit
214 1085 235 1119 ³,
260 1083 344 1122 quod
358 1083 460 1113 virtus
475 1085 522 1113 est
536 1082 698 1121 dispositio
718 1082 845 1122 perfecti
861 1082 899 1112 ad

130 1136 287 1175 optimum
300 1147 307 1173 ;
325 1138 354 1166 et
368 1136 441 1166 alibi
454 1135 544 1173 dicit,
564 1136 649 1174 quod
664 1135 838 1174 perfectum
854 1137 900 1165 est

131 1189 182 1219 cui
197 1197 261 1218 non
273 1191 373 1228 potest
386 1188 456 1218 fieri
470 1188 587 1219 additio
603 1198 610 1219 :
627 1189 680 1219 sed
696 1188 719 1218 si
735 1188 834 1227 aliqui
846 1188 901 1217 ha-

131 1241 215 1271 bitus
229 1244 331 1272 essent
346 1242 545 1281 perfectiores
559 1241 643 1271 ultra
659 1241 787 1271 habitus
798 1242 901 1271 virtu—

130 1296 211 1330 tum,
227 1297 306 1325 esset
322 1295 438 1325 additio
453 1295 491 1325 ad
509 1296 698 1334 perfectum:
711 1297 807 1324 restat
823 1303 901 1333 ergo

131 1347 217 1387 quod
230 1348 312 1378 bona
329 1357 394 1378 non
409 1349 483 1378 sunt
496 1348 668 1379 virtutibus
681 1348 877 1387 persectiora.

172 1402 201 1431 3.
219 1400 296 1431 Item
310 1400 383 1431 alibi
394 1401 403 1416 a
418 1400 626 1440 Philosophus
640 1400 723 1437 dicit,
739 1401 824 1440 quod
838 1401 902 1431 vir-

132 1455 183 1484 tus
194 1456 240 1484 est
252 1453 401 1484 ultimum
416 1454 454 1484 de
469 1454 607 1493 potentia
620 1465 626 1483 z
645 1454 698 1484 sed
711 1463 747 1483 eo
757 1454 842 1493 quod
856 1456 902 1484 est

132 1507 282 1537 ultimum
297 1507 331 1536 in
347 1507 484 1546 potentia
496 1530 504 1544 ,
526 1507 605 1536 nihil
619 1508 664 1537 est
680 1508 784 1546 majus
799 1517 901 1547 neque

133 1559 354 1590 excellentius:
382 1569 462 1599 ergo
483 1569 547 1590 non
563 1560 689 1590 videtur
711 1560 796 1599 quod
819 1560 901 1591 ultra

132 1613 258 1643 habitus
272 1613 427 1643 virtutum
442 1613 562 1653 possint
581 1623 648 1644 esse
663 1613 760 1653 aliqui
774 1614 902 1644 habitus

133 1666 166 1696 in
181 1666 287 1696 anima
303 1667 433 1706 majoris
452 1667 648 1706 perfectionis
663 1668 693 1697 et
707 1667 879 1706 dignitatis.

172 1721 202 1749 4.
227 1719 305 1749 Item
326 1721 412 1750 tanto
434 1719 561 1750 habitus
583 1719 786 1751 excellentior
805 1722 851 1750 est.
872 1722 903 1750 et

133 1773 308 1813 perfectior,
333 1774 453 1812 quanto
468 1775 556 1803 actus
577 1774 647 1812 ejus
668 1773 773 1811 magis
787 1783 903 1813 appro-

134 1826 265 1865 pinquat
286 1825 324 1856 ad
343 1825 505 1856 medium:
527 1826 580 1855 sed
600 1826 727 1856 habitus
747 1827 903 1857 virtutum

135 1879 274 1909 maxime
297 1879 332 1908 in
358 1879 524 1909 medietate
548 1879 723 1910 consistunt
746 1882 903 1919 quantum

136 1932 174 1962 ad
189 1941 261 1962 suos
275 1934 363 1962 actus
378 1943 384 1962 :
403 1941 482 1971 ergo
497 1941 560 1962 non
576 1933 701 1963 videtur
718 1934 803 1973 quod
820 1934 903 1964 ultra

136 1984 263 2015 habitus
278 1985 435 2015 virtutum
457 1985 520 2015 sint
538 1985 635 2025 aliqui
652 1986 780 2017 habitus
800 1987 904 2017 excel-

136 2037 294 2068 lentiores.

177 2092 206 2121 5.
217 2090 293 2121 Item
302 2091 448 2121 nobilitas
454 2091 623 2121 habituum
630 2092 802 2123 attenditur
809 2102 906 2133 quan-

138 2146 205 2174 tum
227 2144 264 2174 ad
284 2143 440 2174 rationem
457 2145 588 2183 gratuiti
604 2147 634 2175 et
650 2145 802 2175 meritorii
818 2156 825 2174 :
851 2147 904 2177 sed

138 2197 264 2227 habitus
293 2197 448 2227 virtutum
481 2198 621 2228 maxime
649 2199 907 2239 appropinquant

139 2250 177 2280 ad
192 2250 347 2289 gratiam,
371 2251 446 2290 quia
467 2251 647 2281 immediate
662 2252 766 2282 fluunt
789 2253 828 2282 ab
850 2262 905 2290 ea;

139 2305 169 2333 et
184 2303 266 2333 circa
287 2306 374 2334 actus
394 2304 549 2334 virtutum
572 2305 711 2335 maxime
732 2306 904 2336 attendItur

140 2356 288 2387 meritum
302 2380 310 2394 ,
334 2357 418 2387 unde
432 2359 462 2387 et
477 2357 612 2388 charitas
627 2358 743 2389 dicitur
759 2368 825 2389 esse
839 2368 906 2390 me-

139 2409 227 2440 rendi
244 2409 433 2449 principium
448 2418 454 2440 :
479 2419 558 2450 ergo
573 2411 698 2441 videtur
712 2412 796 2452 quod
811 2412 906 2442 habi-

139 2464 191 2493 tus
206 2462 363 2494 virtutum
378 2462 612 2495 excellentiores
625 2465 687 2495 sint
700 2465 782 2496 inter
796 2474 909 2496 omnes

140 2516 217 2547 alios
230 2515 369 2547 habitus.

174 2616 182 2633 ¹
197 2614 238 2645 Cf.
257 2615 283 2640 S.
300 2615 403 2645 Thom.,
415 2615 473 2645 1-11,
492 2621 517 2645 q.
533 2621 624 2646 vam,
638 2618 684 2640 art.
699 2619 729 2647 85
742 2619 767 2642 et
782 2618 814 2642 111
833 2619 911 2649 Sene„

143 2652 201 2677 dist.
215 2658 304 2683 xxnv,
319 2660 344 2684 q.
359 2659 378 2684 1,
392 2655 439 2678 art.
452 2655 459 2676 ¹
474 2660 482 2683 3
505 2654 530 2677 et
548 2653 577 2676 de
595 2654 668 2683 Viri„
684 2661 708 2685 q.
724 2661 752 2685 11,
764 2658 811 2680 art.
825 2657 853 2686 2;
870 2656 911 2680 Ri·-

143 2688 266 2718 chardus‚
282 2688 312 2712 111
334 2688 413 2720 Seni,
425 2688 484 2713 dist.
504 2693 592 2719 xxxw,
608 2695 632 2720 q.
651 2695 689 2720 11,-
704 2690 791 2722 Steph.
808 2691 911 2722 mules„

953 211 1043 242 ART.
1067 211 1091 242 Ι.
1117 211 1265 249 QUAEST.
1291 213 1343 244 III.
1686 216 1723 245 73

991 281 1020 309 6.
1047 277 1123 308 ltem
1136 302 1143 315 ,
1170 279 1250 309 sicut
1270 287 1303 309 se
1318 279 1412 310 habet
1430 281 1538 320 imago
1559 281 1726 312 creationis

952 331 991 361 ad
1012 339 1080 361 esse
1101 333 1223 362 naturae
1244 332 1344 372 ipsius
1364 333 1500 371 animae,
1527 334 1569 364 sic
1585 344 1617 365 se
1632 334 1726 364 habet

952 384 1061 423 imago
1069 384 1272 415 recreationis
1280 385 1318 414 ad
1329 394 1395 415 esse
1407 386 1519 424 gratiae
1530 396 1537 416 ε
1554 388 1605 417 sed
1619 387 1725 426 imago

952 438 1118 468 creationis
1143 438 1316 468 attenditur
1344 441 1502 478 qnantum
1526 439 1563 469 ad
1588 440 1618 469 id
1642 440 1726 479 quod

952 493 998 521 est
1022 491 1323 521 excellentissimum
1345 491 1378 521 in
1401 492 1507 521 anima
1528 492 1560 521 in
1581 502 1647 522 esse
1668 502 1726 522 na-

953 546 1032 574 turae
1048 554 1054 574 :
1085 553 1162 582 ergo
1187 544 1296 583 imago
1322 545 1525 574 recreationis
1554 546 1725 575 attenditur

952 599 1109 636 quantum
1124 597 1163 627 ad
1176 597 1253 627 illud
1269 597 1355 637 quod
1370 599 1415 627 est
1425 597 1724 627 excellentissimum

952 650 985 679 in
1001 651 1107 680 anima
1121 651 1153 680 in
1173 659 1239 681 esse
1261 651 1394 689 gratiae:
1418 651 1527 689 imago
1546 653 1652 680 autem
1675 660 1723 681 re-

953 703 1118 734 creationis
1128 704 1298 734 attenditur
1309 705 1463 743 quantum
1476 703 1514 733 ad
1526 703 1653 733 habitus
1666 704 1727 734 vir-

953 758 1059 786 tutum
1084 756 1359 795 theologicarum:
1387 757 1514 787 videtur
1538 765 1615 795 ergo
1642 757 1726 796 quod

953 809 1031 839 nulli
1056 810 1182 840 habitus
1204 810 1264 840 sint
1290 809 1526 840 excellentiores
1551 810 1611 839 illis
1636 810 1727 840 habi-

953 862 1049 892 tibus,

994 915 1053 945 Sed
1069 917 1177 945 contra
1192 926 1198 945 2
1215 915 1405 953 Bernartius,
1423 917 1455 946 in
1471 917 1553 947 libro
1567 916 1604 948 de
1618 918 1728 948 Amore

956 968 1015 999 Dei
1023 991 1031 1005 ,
1046 977 1113 1008 cap.
1126 978 1171 999 xv
1186 979 1192 998 z
1208 969 1331 999 «Amor
1341 970 1463 1008 proficit
1480 970 1512 999 in
1528 970 1725 1007 charitatem,

955 1022 1090 1051 charitas
1104 1022 1136 1051 in
1151 1022 1350 1061 sapientiam.
1368 1033 1382 1050 »
1398 1022 1458 1053 Sed
1472 1032 1537 1053 non
1551 1024 1598 1052 est
1612 1023 1728 1062 profec-

955 1076 1022 1112 tus(
1026 1080 1066 1107 α),
1084 1075 1143 1105 nisi
1155 1085 1209 1115 per
1224 1085 1429 1115 progressum
1440 1076 1478 1106 ad
1494 1076 1612 1115 aliquid
1622 1076 1727 1106 excel-

956 1128 1070 1157 lentius
1085 1138 1092 1158 ε
1110 1138 1190 1168 ergo
1205 1129 1323 1159 donum
1339 1130 1502 1169 sapientire
1516 1132 1562 1159 est
1576 1129 1730 1159 excellen-

956 1182 1018 1211 tius
1041 1182 1213 1212 charitate:
1240 1192 1317 1221 ergo
1344 1183 1528 1222 simpliciter
1551 1183 1633 1213 [lona
1656 1185 1729 1213 sunt

956 1235 1177 1265 excellentiora
1191 1236 1362 1266 virtutibus
1377 1246 1432 1275 per
1445 1236 1728 1266 considerationem

958 1287 1141 1328 Philosophi
1160 1289 1180 1326 θ,
1199 1290 1273 1328 quia
1284 1289 1309 1319 si
1320 1290 1477 1328 optimum
1489 1290 1521 1319 in
1534 1298 1600 1319 uno
1613 1298 1729 1328 genere

956 1341 1070 1372 melius
1084 1344 1129 1372 est
1143 1342 1262 1381 optimo
1283 1343 1316 1372 in
1335 1343 1397 1373 alio
1418 1352 1553 1382 genere,
1575 1343 1729 1382 simplici-

957 1396 1004 1424 ter
1019 1395 1077 1425 hoc
1092 1395 1145 1426 illo
1161 1396 1274 1426 melius
1288 1398 1345 1426 est.

998 1449 1074 1480 Item
1099 1449 1247 1479 nobilitas
1270 1451 1299 1480 et
1323 1450 1462 1488 dignitas
1487 1449 1654 1479 habituum
1680 1449 1731 1479 di-

957 1503 1121 1542 gnoscitur
1132 1512 1188 1542 per
1198 1505 1304 1533 actus:
1319 1503 1372 1533 sed
1387 1505 1473 1533 actus
1487 1503 1643 1533 donorum
1657 1506 1732 1532 sunt

958 1556 1194 1586 excellentiores
1219 1565 1317 1595 quam
1339 1559 1426 1586 actus
1446 1557 1605 1587 virtutum
1619 1580 1627 1594 ,
1651 1556 1732 1585 sicut

958 1618 998 1639 ex
1013 1609 1264 1648 praecedentibus
1284 1612 1385 1649 patet,
1409 1610 1493 1649 quod
1509 1610 1642 1640 virtutes
1658 1613 1732 1640 sunt

958 1663 995 1692 ad
1008 1664 1096 1692 actus
1110 1663 1241 1702 primos,
1257 1663 1339 1693 dona
1352 1672 1427 1693 vero
1440 1663 1477 1693 ad
1490 1665 1577 1693 actus
1591 1663 1710 1694 medios
1723 1674 1729 1694 z

958 1725 1054 1755 ergo,
1075 1718 1133 1746 etc.

1000 1769 1078 1800 Item
1090 1794 1099 1807 ‚
1116 1770 1199 1809 quod
1216 1779 1249 1800 se
1263 1770 1360 1801 hahet
1373 1780 1413 1801 ex
1427 1771 1585 1801 additione
1600 1771 1637 1801 ad
1653 1771 1730 1802 alte-

960 1832 1032 1853 rum
1053 1823 1085 1852 in
1108 1832 1225 1862 genere
1248 1824 1341 1861 honi,
1367 1824 1571 1855 excellentius
1592 1828 1637 1855 est
1658 1825 1729 1863 illo,

961 1876 1133 1907 sicuthene
1155 1877 1264 1907 vivere
1284 1877 1398 1907 mellus
1418 1880 1464 1907 est
1483 1887 1579 1917 quam
1598 1879 1728 1908 vivere:

962 1939 1035 1959 cum
1058 1939 1135 1968 ergo
1151 1930 1235 1960 dona
1256 1939 1287 1959 se
1310 1931 1447 1960 habeant
1466 1940 1521 1970 per
1541 1931 1732 1962 additionem

962 1983 1001 2013 ad
1016 1983 1165 2020 virtutes,
1186 1985 1216 2013 et
1235 1983 1406 2013 virtutibus
1421 1984 1482 2013 sint
1498 1985 1687 2023 posteriOra,
1704 1986 1735 2015 et

963 2037 1024 2066 sint
1036 2036 1075 2067 ad
1092 2037 1254 2075 agendum
1275 2037 1438 2076 expedita3
1464 2046 1543 2075 ergo
1564 2038 1646 2067 dona
1663 2040 1736 2069 sunt

964 2090 1148 2130 perfectiora
1162 2093 1192 2120 et
1216 2090 1449 2128 excellentiora,
1471 2100 1566 2130 qnam
1590 2091 1734 2122 virtutes.

1004 2143 1081 2173 Item
1103 2143 1148 2173 illi
1170 2143 1297 2173 habitus
1312 2146 1385 2174 sunt
1402 2144 1657 2181 excellentiores,
1683 2145 1738 2184 qui

964 2196 1082 2227 faciunt
1097 2197 1260 2227 hominem
1280 2198 1384 2236 magis
1403 2198 1537 2227 similem
1554 2198 1647 2227 statui
1666 2198 1736 2237 glo-

964 2250 1039 2287 riae,
1061 2253 1091 2280 et
1108 2250 1289 2290 perfectioni
1309 2260 1382 2290 quae
1398 2251 1456 2281 fuit
1472 2251 1503 2281 in
1519 2251 1641 2281 Christo
1657 2262 1663 2281 ε
1684 2251 1738 2281 sed

965 2303 1046 2333 dona
1065 2306 1138 2333 sunt
1160 2304 1364 2343 hujwmodi,
1388 2313 1460 2344 quae
1480 2305 1586 2334 omnia
1609 2305 1739 2334 fuerunt

966 2358 997 2387 in
1014 2357 1146 2395 Christo,
1163 2359 1193 2387 et
1207 2359 1281 2387 sunt
1294 2357 1325 2387 in
1338 2359 1419 2388 statu
1433 2357 1559 2396 gloriae3
1578 2358 1660 2397 quod
1674 2366 1738 2387 non

966 2413 1067 2452 potest
1081 2411 1139 2441 dici
1155 2411 1193 2441 de
1208 2411 1379 2441 virtutibus
1394 2419 1401 2440 :
1417 2420 1495 2449 ergo
1511 2411 1637 2441 videtur
1650 2411 1738 2450 quod

967 2465 1050 2495 dona
1064 2464 1125 2494 sint
1140 2464 1362 2495 excellentiora
1375 2464 1556 2494 virtutihus.

969 2575 999 2598 ΙΙΙ
1010 2575 1088 2604 Sent.,
1099 2574 1155 2597 dist.
1165 2578 1254 2603 xxxiv,
1264 2573 1386 2604 q.111.—²
1398 2573 1404 2595 1
1418 2573 1538 2602 (lm-„xxc
1548 2573 1617 2596 31.-
1628 2571 1638 2588 ⁸
1649 2571 1734 2601 Arist.,

968 2610 1052 2641 Phys„
1063 2610 1105 2634 lib.
1118 2610 1183 2640 viii,
1197 2612 1265 2633 cont.
1282 2615 1352 2639 xv115
1366 2609 1408 2632 lib.
1422 2609 1452 2637 V,
1465 2610 1651 2632 cont.XL11.·—
1666 2609 1675 2624 δ
1690 2608 1736 2639 td.,

968 2645 996 2668 de
1008 2645 1079 2674 Coel„
1090 2653 1112 2669 c.
1128 2650 1196 2669 ch1.
1209 2658 1239 2662 -—
1249 2644 1258 2660 θ
1269 2644 1351 2672 Arist„
1368 2643 1432 2675 rap„
1443 2643 1484 2667 lib.
1501 2644 1624 2673 lv,tract.
1636 2649 1653 2673 1,
1665 2650 1688 2666 c.
1702 2648 1735 2667 1v.

1002 2689 1034 2720 (a)
1046 2690 1115 2714 Edit.
1132 2690 1188 2714 Ven.
1203 2689 1338 2720 perfectus.

1743 926 1847 947 Fundam.
