2017 2948
35 2171 68 2193 Ad
76 2177 102 2198 op
106 2178 127 2198 p.

628 188 725 220 DIST.
746 188 862 219 XXXV.
886 186 977 218 ART.
998 186 1022 217 I.
1044 185 1192 223 QUAEST.
1215 187 1252 218 V.

187 259 265 290 Item
283 258 441 296 fortitudo,
464 257 531 287 sive
550 256 672 287 dicatur
694 256 827 293 donum,
843 255 910 285 sive

147 312 265 350 virtus,
290 311 416 351 respicit
435 310 606 350 potentiam
632 309 821 339 irascibilem
843 310 911 338 tan—

147 375 242 405 quam
265 365 426 404 proprium
451 363 628 402 subjectum
655 371 663 392 ε
692 362 746 392 sed
774 361 912 400 potentia

146 417 310 448 irascibilis
332 416 433 455 magis
446 415 572 455 proprie
585 415 712 454 respicit
727 414 911 453 passionum

147 470 379 507 sustinentiam,
396 478 494 508 quam
511 468 718 508 cupiditatum
741 467 911 506 repressio-

146 532 220 553 nem
235 525 266 553 et
279 522 500 553 abstinentiam
513 531 520 551 :
537 521 662 551 videtur
673 529 752 559 ergo
766 522 851 559 quod
865 529 914 549 ac-

147 578 197 606 tus
223 575 404 615 principalis
439 574 512 605 doni
542 574 735 604 fortitudinis
765 573 914 603 consistat

148 629 229 658 circa
243 629 427 668 passionum
442 627 653 658 tolerantiam.
751 631 754 633 ’

187 681 264 712 Item
279 681 339 712 boc
353 681 458 721 ipsum
477 680 653 710 ostenditur
676 689 732 719 per
748 687 912 718 compara-

148 735 266 765 tionem
285 734 324 764 ad
344 736 413 773 eJus
431 734 610 773 oppositum
637 744 643 763 z
662 733 737 772 quia
752 733 834 762 sicut
850 732 916 762 Iar-

148 787 231 826 gitas
258 787 428 826 opponitur
451 787 592 816 avaritiae
612 788 642 816 et
664 785 846 824 cupiditati,
873 785 916 814 sic

147 839 297 870 fortitudo
312 839 482 878 opponitur
499 839 748 878 pusillanimitati
769 849 775 867 :
794 838 847 867 sed
861 846 918 876 pu-

147 892 344 922 sillanimitas
365 892 537 922 attenditur
558 891 639 921 circa
661 891 774 929 fugam
802 890 918 929 passio-

147 954 243 976 num:
261 954 339 984 ergo
351 945 476 975 videtur
491 954 508 975 e
524 946 649 981 contra,
664 943 751 983 quod
768 942 917 973 fortItudo

147 998 266 1029 donum
295 999 445 1029 consistat
468 999 549 1028 circa
574 996 755 1036 passionum
778 995 918 1026 toleran-

148 1051 237 1082 tiam.

190 1104 267 1134 Item
286 1105 346 1134 hoc
365 1104 470 1144 ipsum
486 1103 661 1134 ostenditur
683 1111 738 1142 per
753 1110 916 1141 compara-

149 1158 267 1188 tionem
296 1157 335 1187 ad
362 1157 505 1187 habitum
535 1156 725 1186 fortitudinis
752 1155 879 1185 virtutis
909 1165 915 1184 :

149 1211 226 1250 quia
251 1210 400 1240 fortitudo
428 1209 548 1240 donum
576 1211 682 1239 actum
706 1211 736 1238 et
759 1208 918 1247 objectum

151 1263 242 1294 debet
261 1263 378 1293 habere
397 1263 430 1292 in
446 1262 570 1301 maj0ri‚
587 1262 639 1292 vel
658 1262 768 1292 saltem
784 1261 818 1291 in
832 1263 919 1291 tanta

149 1316 336 1346 excellentia
353 1318 383 1345 et
397 1315 563 1353 arduitate,
588 1317 739 1354 quantam
765 1316 811 1344 est
825 1324 919 1354 repe-

152 1370 214 1399 rire
229 1369 312 1399 circa
330 1368 544 1398 fortitudinem
567 1368 719 1398 virtutem
740 1378 746 1398 z
773 1367 827 1398 sed
849 1377 916 1397 ma-

152 1423 238 1452 xime
247 1422 386 1452 arduitas
396 1421 536 1452 consistit
549 1421 632 1452 circa
643 1421 802 1459 passiones
817 1432 824 1452 :
839 1431 918 1460 ergo

153 1482 225 1503 cum
241 1473 323 1503 circa
334 1473 387 1503 illa
400 1473 549 1503 consistat
566 1472 717 1503 fortitudo
738 1472 852 1510 virtus,
869 1473 919 1502 vi-

149 1523 241 1554 detur
261 1523 362 1554 multo
381 1523 492 1553 fortius
504 1523 588 1563 quod
603 1525 691 1553 actus
705 1523 779 1553 doni
792 1523 917 1553 fortitu-

155 1576 236 1608 dinis
249 1576 427 1607 attendatur
442 1575 493 1606 vel
503 1576 652 1606 consistat
661 1576 694 1606 in
709 1577 918 1615 aggressione

153 1633 184 1660 et
199 1629 365 1660 tolerantia
379 1629 574 1668 passionum.

190 1682 267 1712 Item
277 1682 359 1712 inter
367 1691 477 1712 omnes
487 1684 575 1712 actus
585 1682 763 1712 meritorios
778 1682 919 1713 maxima

149 1738 195 1766 est
211 1735 377 1766 difficultas
391 1735 474 1765 circa
490 1735 648 1774 passiones
662 1735 873 1772 sustinendas,
889 1738 919 1766 et

148 1789 255 1828 magis
278 1788 317 1819 ad
335 1788 395 1819 hoc
415 1787 515 1827 inepti
536 1790 566 1818 et
584 1788 703 1818 infirmi
733 1797 860 1819 sumus:
891 1789 917 1819 si

148 1851 228 1881 ergo
242 1842 325 1873 dona
338 1841 410 1872 data
423 1843 498 1871 sunt
510 1841 601 1872 nobis
615 1841 654 1871 ad
672 1841 916 1880 expediendum,

149 1899 180 1926 et
208 1897 315 1925 contra
344 1895 542 1924 infirmitates
570 1894 764 1924 retardantes
792 1904 850 1925 nos
879 1895 918 1925 ad

150 1948 282 1985 bonum,
299 1946 422 1977 videtur
437 1946 522 1986 quod
534 1947 661 1985 aliquod
676 1947 797 1977 donum
809 1948 921 1978 debeat

150 2001 241 2032 nobis
253 2000 320 2031 dari
340 2000 376 2030 ad
396 2000 579 2039 passionum
600 2000 822 2031 sustinentiam
840 2012 847 2031 ;
866 2001 920 2032 sed

149 2063 215 2084 non
230 2056 276 2084 est
289 2053 375 2083 aliud
391 2053 564 2091 assignare,
582 2062 678 2092 quam
699 2054 818 2084 donum
834 2055 919 2085 forti-

152 2106 269 2137 tudinis
287 2116 293 2135 ε
311 2114 399 2144 crgo,
418 2108 477 2136 etc.

194 2159 254 2190 Sed
277 2160 404 2189 contra:
432 2161 459 2188 1.
482 2158 684 2197 Augustinus
698 2158 718 2196 ¹,
738 2159 770 2189 in
789 2160 870 2190 libro
886 2160 921 2192 cle

155 2212 278 2251 Spiritu
301 2214 328 2243 et
354 2212 473 2242 Anima
493 2222 504 2242 .·
529 2223 542 2239 «
563 2211 767 2242 Fortitudinis
791 2215 838 2243 est
857 2223 921 2244 non

153 2268 275 2295 tantum
294 2266 435 2295 terrenas
457 2264 640 2304 cupiditates
664 2265 848 2304 reprimere,
865 2267 919 2297 sed

153 2318 279 2359 penitus
294 2317 445 2348 oblivisci.
463 2329 477 2345 n
497 2317 558 2348 Sed
574 2318 633 2348 hoc
649 2328 713 2348 non
728 2321 775 2349 est
791 2319 921 2350 fortitu-

152 2372 235 2402 dinis
246 2371 391 2402 virtutis:
409 2380 486 2409 ergo
501 2373 548 2402 est
559 2371 748 2402 fortitudinis
762 2373 835 2403 doni
855 2384 860 2403 :
878 2374 923 2404 vi-

153 2425 244 2455 detur
257 2432 336 2462 ergo
351 2423 435 2463 quod
450 2426 537 2454 actus
554 2424 627 2455 doni
643 2425 835 2456 fortitudinis
851 2435 922 2457 con-

153 2478 240 2508 sistat
253 2477 286 2507 in
299 2476 496 2516 repressione
512 2477 732 2516 cupiditatum.

185 2576 193 2592 ¹
210 2576 262 2599 Imo
275 2576 372 2605 auctor,
389 2574 501 2605 quisquis
514 2574 553 2598 ille
568 2574 614 2605 sit,
629 2575 708 2599 lih.de
719 2576 786 2607 Spir.
796 2578 921 2608 erebum„

153 2618 175 2635 c.
191 2616 234 2639 xx,
249 2610 275 2634 in
290 2610 403 2641 Append.
421 2611 496 2641 Oper.
510 2610 535 2634 S.
553 2610 700 2641 Augustini,
718 2613 780 2634 tom.
798 2612 845 2643 Vl,
861 2613 922 2637 edit.

154 2646 311 2670 Benedictin.
326 2658 356 2665 -
369 2646 380 2662 ²
397 2646 470 2676 Aug„
481 2645 510 2670 dc
526 2646 593 2670 Doct.
607 2645 705 2676 christ„
720 2646 763 2670 lib.
779 2648 799 2671 ll
811 2665 818 2677 ,
830 2655 852 2672 c.
867 2655 903 2673 x11
915 2667 923 2681 ‚

1679 191 1732 219 121

1010 253 1087 283 Item
1109 254 1329 292 Augustinus,
1357 255 1388 284 in
1417 255 1495 286 libro
1519 256 1557 287 de
1585 256 1736 287 Doctrina

971 305 1172 344 Christiana,
1198 307 1254 337 ubi
1276 308 1417 347 quuitur
1446 308 1483 338 de
1509 309 1619 346 donis,
1640 309 1713 339 dicit
1727 312 1738 328 Ξ

969 359 1053 398 quod
1069 359 1258 389 fortitudinis
1276 362 1322 390 est
1341 360 1380 390 ab
1395 360 1482 389 omni
1502 361 1736 391 transeuntium

970 411 1131 441 mortifera
1145 412 1343 451 jucunditate
1363 413 1503 451 seipsum
1519 416 1734 451 sequestrare:

970 474 1049 503 ergo
1064 465 1189 495 videtur
1217 466 1302 505 quod
1323 468 1413 496 actus
1443 466 1517 496 doni
1545 466 1738 497 fortitudinis

970 518 1183 557 principaliter
1203 519 1351 548 consistat
1372 519 1404 547 in
1427 518 1671 548 delectationum
1686 527 1737 548 re-

972 571 1141 610 pressione.

1013 624 1090 654 Item
1114 624 1318 663 Augustinus
1337 624 1461 663 adaptat
1479 625 1489 640 ³
1512 626 1631 664 septem
1658 625 1740 655 dona

972 680 1091 716 septem
1103 678 1352 708 beatitudinibus
1362 678 1422 715 ,ita
1435 677 1518 717 quod
1533 678 1693 715 fortitudo,
1711 679 1742 708 et

973 731 1070 761 esui-ia
1079 740 1093 759 s
1103 733 1132 761 et
1143 731 1346 769 sitisjustitiae
1353 731 1411 760 sibi
1421 730 1665 769 correspondent
1676 730 1715 769 (a)
1729 741 1741 761 .·

974 785 1027 816 sed
1037 786 1156 816 esuries
1167 788 1195 816 et
1206 786 1397 816 desiderium
1408 786 1541 825 Justitiae
1559 794 1622 815 non
1638 785 1742 815 oritur

974 840 1004 882 in
1020 841 1110 870 nobis
1126 841 1184 870 nisi
1200 850 1255 880 per
1277 841 1551 871 mortificationem
1569 840 1741 870 desideriO-

974 902 1047 922 rum
1059 895 1088 923 et
1100 893 1299 933 voluptatum
1317 905 1322 924 :
1336 903 1415 932 ergo
1426 894 1551 924 videtur
1565 894 1649 932 quod
1660 894 1742 923 circa

974 945 1158 984 hujusmodi
1180 947 1392 985 principaliter
1412 947 1559 976 consistat
1573 948 1661 976 actus
1675 947 1740 976 for-

974 999 1128 1030 titudinis.

1015 1052 1092 1082 Item
1106 1052 1254 1082 fortitudo
1265 1052 1383 1082 donum
1394 1052 1560 1091 respondet
1574 1052 1656 1082 dono
1670 1062 1742 1083 con-

974 1105 1046 1143 silii,
1065 1105 1146 1135 sicut
1164 1114 1325 1144 exequens
1346 1105 1506 1143 regulanli
1526 1116 1532 1134 2
1554 1105 1606 1135 sed
1622 1105 1742 1135 donum

975 1158 1097 1189 consilii
1112 1159 1252 1188 maxime
1271 1158 1381 1197 dirIgit
1400 1158 1438 1188 ad
1457 1158 1641 1188 divinorum
1664 1168 1742 1189 con-

975 1211 1120 1241 siliorum
1140 1211 1376 1250 inipletionen1;
1401 1210 1506 1241 divina
1534 1213 1640 1241 autem
1670 1221 1744 1241 con-

974 1265 1045 1295 silia
1058 1265 1216 1304 praecipue
1230 1265 1404 1295 consistunt
1417 1264 1497 1294 circa
1512 1265 1743 1303 repressionem

974 1318 1220 1355 desideriorum,
1246 1321 1275 1348 et
1297 1319 1498 1348 occasionum
1518 1318 1562 1347 eis
1580 1318 1744 1348 adhaeren-

974 1371 1066 1408 tium,
1089 1370 1168 1400 sicut
1188 1372 1271 1410 patet
1292 1371 1324 1400 in
1348 1370 1498 1407 castitate,
1523 1370 1699 1401 obedientia
1713 1373 1743 1401 et

974 1426 1158 1463 paupertate
1175 1433 1182 1453 ε
1200 1433 1278 1462 ergo
1293 1423 1416 1453 videtur
1430 1424 1512 1462 quod
1534 1424 1615 1454 circa
1630 1424 1741 1454 talium

974 1476 1203 1506 desideriorum
1222 1476 1453 1515 repressionem
1475 1479 1562 1506 actus
1587 1477 1741 1507 fortitudi-

974 1529 1025 1559 nis
1038 1529 1112 1559 doni
1127 1529 1340 1568 principaliter
1350 1529 1510 1559 consistat.

1015 1583 1043 1612 5.
1058 1582 1134 1612 Item
1150 1582 1297 1612 fortitudo
1314 1582 1433 1612 donum
1448 1584 1501 1612 aut
1516 1582 1611 1612 habet
1634 1584 1741 1613 actum

973 1636 1104 1666 alterius
1124 1635 1250 1674 generis
1271 1645 1369 1674 quam
1387 1635 1536 1665 fortitudo
1555 1635 1670 1673 virtus,
1687 1639 1743 1666 aut

974 1689 998 1719 si
1018 1689 1050 1719 in
1066 1689 1175 1719 eodem
1193 1698 1311 1727 genere
1324 1689 1430 1725 habet,
1447 1698 1573 1719 necesse
1596 1692 1641 1719 est
1658 1690 1741 1728 quod

974 1743 1087 1773 habeat
1102 1743 1370 1773 excellentiorem:
1385 1742 1437 1772 sed
1448 1742 1481 1772 in
1497 1742 1606 1772 eodem
1622 1752 1741 1781 genere

974 1805 1037 1826 non
1052 1798 1152 1835 potest
1169 1796 1285 1825 babere
1301 1795 1553 1825 excellentiorem
1563 1820 1572 1832 ,
1588 1805 1662 1825 cum
1676 1797 1742 1826 sor-

974 1849 1074 1879 titudo
1096 1849 1197 1879 virtus
1215 1849 1364 1879 consistat
1382 1849 1464 1878 circa
1487 1848 1650 1886 terribilia,
1667 1858 1740 1887 quae

974 1904 1129 1933 inducunt
1144 1905 1290 1940 mortem,
1306 1903 1386 1932 sicut
1396 1902 1469 1932 dicit
1484 1901 1695 1941 Philosophus
1714 1903 1721 1917 ”
1734 1912 1741 1940 ;

975 1966 1054 1995 ergo
1069 1965 1195 1986 necesse
1210 1958 1255 1986 est
1269 1956 1353 1995 quod
1367 1956 1481 1985 habeat
1493 1957 1598 1985 actum
1614 1956 1743 1986 alterius

976 2010 1120 2050 generis:
1136 2019 1208 2039 cum
1222 2019 1299 2048 ergo
1310 2011 1397 2039 actus
1411 2009 1601 2039 fortitudinis
1613 2009 1742 2039 virtutis

976 2064 1123 2094 consistat
1137 2063 1220 2093 circa
1239 2063 1398 2102 passiones
1414 2062 1600 2099 tolerandas,
1617 2062 1743 2092 videtur

976 2117 1060 2157 quod
1075 2119 1161 2146 actus
1183 2115 1373 2146 fortitudinis
1395 2115 1469 2145 doni
1489 2124 1553 2145 non
1577 2115 1659 2145 circa
1674 2125 1744 2155 pas-

977 2171 1097 2207 siones,
1115 2170 1167 2200 sed
1183 2169 1266 2199 circa
1285 2168 1504 2199 delectationes
1523 2168 1744 2198 rescindendas

977 2224 1136 2255 consistat.
1156 2223 1209 2253 Est
1232 2223 1332 2261 igitur
1347 2222 1491 2261 quaestio,
1507 2221 1576 2260 quis
1591 2221 1631 2251 sit
1644 2224 1744 2259 actus,

977 2281 1007 2308 et
1022 2277 1098 2317 quid
1115 2277 1274 2316 obiectum
1290 2275 1363 2306 doni
1383 2275 1585 2310 fortitudinis,
1602 2276 1633 2304 et
1647 2284 1744 2314 quare

977 2332 1087 2362 eodem
1109 2330 1236 2360 nomine
1258 2338 1331 2359 cum
1356 2328 1468 2358 habitu
1488 2327 1616 2358 virtutis
1640 2328 1746 2357 nomi-

978 2387 1083 2421 natur,
1099 2383 1183 2423 quod
1199 2383 1326 2422 quidem
1342 2382 1376 2411 in
1391 2381 1478 2411 nullo
1494 2381 1629 2411 aliorum
1645 2381 1746 2411 dono-

979 2447 1052 2469 rum
1066 2437 1235 2477 reperitur.

978 2537 1002 2553 11.
1021 2530 1056 2553 10.
1071 2528 1118 2546 —-³
1132 2528 1181 2558 1‹⁷1.,
1199 2527 1227 2550 (le
1243 2528 1323 2550 Serui.
1340 2527 1408 2550 Dom.
1426 2526 1450 2548 in
1465 2526 1559 2552 viculc,
1575 2524 1617 2547 lib.
1636 2525 1652 2554 Ι,
1669 2532 1690 2549 c.
1709 2530 1744 2555 lv,

978 2573 1003 2589 n.
1020 2568 1097 2589 12.-
1110 2563 1215 2592 '‘Ax-ist„
1232 2563 1323 2592 isthic„
1340 2562 1381 2585 lib.
1398 2563 1439 2591 ΙΙΙ,
1455 2568 1476 2584 c.
1494 2567 1519 2583 Vl
1536 2562 1622 2590 ctt'115
1635 2561 1742 2591 Melnlzh.

978 2601 1011 2624 ad
1024 2600 1096 2630 Eud„
1112 2599 1154 2623 lib.
1172 2599 1213 2629 ΙΙΙ,
1231 2606 1253 2622 α.
1269 2604 1306 2622 Ιιι.

1010 2651 1040 2680 (α)
1057 2649 1126 2673 Edit.
1145 2649 1200 2672 Ven.
1219 2646 1411 2677 correspondet.
