2017 2948
97 1202 174 1228 offano
183 1202 202 1222 2.

218 228 254 255 ¹4

215 299 312 331 quem
337 287 470 319 interius
496 287 671 324 intuemur,
698 286 781 316 inter
800 283 989 324 temporalia

216 343 446 383 computemus.
462 339 501 371 Et
515 340 590 380 quia
600 339 768 379 aliquando
781 338 898 376 deficit,
921 346 986 367 non

216 397 318 436 potest
344 395 501 435 quantum
527 393 566 424 ad
602 393 702 432 ipsius
728 392 881 422 intuitum
907 390 988 421 ratio

215 447 376 486 imaginis,
387 456 459 486 quae
475 447 626 485 perpetua
642 446 687 475 est
703 445 736 474 111
751 445 869 481 anima,
886 445 986 473 atten-

214 500 257 532 di.
273 501 398 532 Constat
412 501 517 530 autem
533 498 617 538 quod
631 498 668 528 de
682 498 750 537 ipso
776 497 888 528 habitu
914 496 986 527 fidei

214 553 366 594 loquitur,
383 552 559 583 secundum
575 551 653 582 illud
669 550 753 591 quod
783 550 878 581 liabet
902 548 987 589 posi-

214 607 308 638 tionis
322 608 353 637 et
367 605 577 647 perfectionis,
612 605 689 645 quia
710 603 886 635 secundum
909 602 988 633 illud

215 660 298 691 intra
313 660 448 700 seipsam
463 659 571 690 anima
598 658 690 688 illum
711 657 858 688 habitum
883 656 988 687 intue-

214 715 267 744 tur
277 724 285 751 3
297 713 388 744 aliter
412 721 476 743 non
504 711 588 743 valet
613 713 678 742 tota
703 709 899 741 ratiocinatio
922 709 986 747 1113,

215 775 312 806 quam
330 766 446 796 ibidem
462 765 537 795 satis
562 764 635 794 facit
650 763 783 803 prolixe.
800 762 869 793 Non
892 762 988 793 etiam

215 819 342 851 videtur
356 827 529 849 consonare
539 817 645 848 verbis
661 816 776 847 Glossae
787 818 818 846 et
826 814 966 855 Apostoli
979 823 986 844 :

216 872 303 912 quia,
319 872 345 902 si
361 871 438 902 fides
451 872 660 901 evacuaretur
669 869 871 901 solummodo
879 878 989 899 sccun-

216 925 294 955 dum
310 925 387 956 illud
402 924 487 964 quod
505 922 866 963 habeti1npc1·l'ectioniS‚
885 924 915 952 ct
925 931 990 951 ma-

216 981 306 1009 neret
316 978 493 1009 secundum
509 977 586 1007 illud
601 976 686 1016 quod
701 977 747 1006 cst
761 976 793 1006 in
804 985 842 1006 ea
853 974 989 1014 comple-

216 1031 314 1063 menti
330 1033 361 1063 et
375 1030 584 1072 perfectionis,
600 1030 680 1060 sicut
695 1038 759 1059 non
787 1029 938 1060 dicuntur
954 1038 988 1060 e—

217 1086 348 1116 vacuari
361 1086 493 1117 virtutes
508 1083 691 1120 cardinales,
703 1083 896 1113 ncchabitus
910 1083 988 1113 cha-

218 1140 330 1179 ritatis,
360 1140 403 1171 sic
425 1150 481 1171 nec
508 1139 667 1169 diceretur
687 1138 835 1169 evacuari
858 1137 989 1168 habitus

219 1194 304 1232 fidei,
321 1193 399 1234 quin
412 1194 517 1233 potins·
532 1193 639 1233 perfici
652 1194 682 1223 ct
694 1191 855 1232 compleri.
865 1191 902 1222 Et
919 1200 990 1231 pro-

217 1249 326 1286 pterea
341 1248 387 1277 est
401 1246 482 1276 alius
492 1246 605 1276 modus
620 1245 744 1276 dicendi
771 1244 873 1283 magis
901 1253 988 1275 com-

218 1299 326 1330 munis
354 1301 385 1330 et
410 1299 546 1329 usitatus
563 1309 570 1329 t
594 1298 678 1338 quod
705 1298 729 1329 si
752 1297 924 1337 loquamur
952 1297 990 1327 de

218 1353 329 1385 habitu
348 1352 420 1384 fidei
437 1351 613 1383 secundum
627 1351 709 1390 quod
725 1351 801 1381 fides
827 1353 873 1381 cst
888 1350 990 1381 virtus

217 1406 372 1446 specialis,
390 1406 435 1436 sic
457 1414 513 1445 per
528 1404 665 1443 gloriam
685 1404 782 1435 habet
807 1403 990 1444 simpliciter

217 1459 376 1497 evacuari,
393 1467 450 1498 pro
467 1467 504 1488 eo
521 1457 605 1497 quod
620 1457 698 1487 fides
713 1459 758 1488 cst
779 1457 907 1487 habitus
922 1457 990 1488 vir„

218 1512 294 1543 tutis
309 1512 343 1542 in
365 1513 523 1551 quantum
551 1510 727 1541 intellectus
753 1510 925 1541 inclinatur
950 1510 990 1541 ab

217 1564 344 1601 affectu,
354 1564 472 1594 sicutin
482 1563 731 1603 praecedentihus
740 1564 902 1593 ostensum
915 1562 974 1593 fuit
985 1573 991 1593 z

217 1616 278 1647 hoc
292 1618 398 1647 autem
414 1625 478 1647 non
495 1618 594 1655 potest
607 1624 684 1651 esse,
701 1615 762 1646 nisi
781 1615 820 1654 (ιι)
837 1616 990 1655 quamdiu

218 1670 394 1700 intellectus
407 1669 445 1699 de
459 1678 492 1699 se
501 1669 638 1700 incertus
648 1672 696 1700 est
708 1669 746 1700 de
761 1669 821 1707 his,
839 1678 912 1708 quce
926 1678 992 1700 cre-

218 1724 292 1755 dere
305 1723 407 1754 debet.
424 1723 462 1755 Et
476 1723 627 1763 quoniam
639 1723 672 1754 in
688 1723 789 1763 patria
800 1723 992 1754 illuminatio

219 1779 250 1808 et
263 1776 386 1808 claritas
401 1777 533 1808 visionis
563 1776 718 1816 praecedet
748 1779 872 1807 motum
896 1777 991 1807 affec-

218 1830 324 1867 tionis,
343 1839 400 1860 nec
417 1831 456 1860 ab
472 1829 798 1870 ipsainclinabiturw)
816 1830 992 1861 intellectus

218 1885 348 1923 propter
362 1883 460 1922 ipsius
475 1883 593 1914 summi
606 1883 738 1913 luminis
761 1883 948 1921 claritatem,
973 1892 992 1915 a

218 1945 281 1976 qua
290 1936 466 1966 intellectus
479 1936 567 1966 nullo
578 1935 671 1966 modo
680 1936 794 1975 poterit
808 1936 972 1968 dissentire
982 1946 990 1975 ;

219 1988 292 2019 hinc
303 1991 349 2019 est
360 1989 443 2029 quod
457 1989 582 2019 habitus
596 1989 668 2019 fidei
684 1988 866 2029 simpliciter
877 1999 933 2029 per
947 1990 992 2021 vi-

221 2042 342 2072 sionem
359 2041 472 2080 gloriae
488 2042 583 2072 hahet
598 2042 662 2073 tolli
678 2046 700 2079 ¹,
717 2043 893 2073 secundum
907 2043 991 2084 quod

220 2094 420 2125 auctoritates
430 2096 613 2125 sanctorum
628 2096 659 2125 et
674 2095 779 2125 Glossa
794 2095 904 2126 dicunt
918 2096 992 2126 satis

220 2156 377 2187 expresse.
404 2147 492 2177 Unde
512 2148 719 2179 concedendae
744 2150 820 2179 sunt
842 2149 991 2187 rationeS‚

221 2208 293 2240 quae
302 2202 377 2231 sunt
391 2200 430 2231 ad
442 2200 535 2230 istam
550 2202 683 2240 partem.

260 2255 290 2284 1.
306 2253 352 2284 Ad
369 2253 446 2284 illud
462 2262 536 2284 vero
552 2253 634 2292 quod
659 2253 808 2292 objicitur
833 2254 937 2294 primo
958 2254 992 2284 in

220 2307 415 2339 contrarium
429 2316 469 2337 ex
484 2308 570 2346 parte
581 2306 719 2345 generis,
740 2307 816 2346 quia
831 2309 879 2338 est
890 2307 993 2338 virtus

220 2360 408 2400 theologica,
425 2369 497 2400 (111ae
505 2360 625 2399 perficit
634 2360 805 2399 potentiam
815 2360 929 2391 animae
945 2370 994 2392 sc-

221 2414 362 2445 cundum
378 2413 556 2453 digniorem
572 2414 642 2452 qius
664 2416 796 2452 partem,
821 2414 991 2445 dicendum

222 2467 307 2508 quod
323 2468 400 2498 fides
416 2468 462 2498 est
488 2466 634 2507 perfectio
650 2467 800 2506 potentiae
830 2476 895 2498 non
912 2477 992 2508 qua-

222 2522 408 2562 liscumque⁷
426 2521 478 2552 sed
494 2521 669 2552 secundum
683 2522 801 2552 statum
822 2522 993 2562 imperfec—

222 2575 316 2608 tionis
329 2576 444 2614 etviae,
459 2575 494 2606 in
505 2584 569 2616 quo
583 2574 759 2606 intellectus
779 2577 881 2616 potest
901 2577 992 2608 aber-

257 2657 288 2687 (α)
304 2656 373 2685 Edit,
390 2656 447 2680 Ven.
463 2656 510 2679 nisi
526 2656 550 2679 in
566 2655 695 2685 quamdiu.
713 2667 741 2672 —
756 2655 786 2686 (b)
801 2655 863 2681 Caet.
878 2656 939 2681 edit.
955 2657 993 2681 in—

225 2692 341 2716 clinatur.

766 214 1077 249 SENTENTIARUM
1098 215 1172 246 LIB.
1198 216 1248 247 111.

1043 290 1114 313 rare
1129 291 1149 313 a
1176 283 1319 322 veritate,
1336 284 1368 314 et
1392 283 1426 314 in
1451 283 1506 316 via
1531 284 1695 324 captivari.
1725 283 1814 316 Unde

1043 344 1108 365 non
1133 338 1306 367 evacuatur
1331 336 1408 376 quia
1434 328 1582 377 perfectio
1609 336 1812 377 simpliciter,

1043 388 1095 418 sed
1115 389 1191 429 quia
1206 390 1354 429 perfectio
1373 390 1550 421 secundum
1567 390 1662 422 talem
1683 392 1812 422 statum.

1044 441 1106 472 Nec
1133 443 1179 472 est
1205 442 1308 474 simile
1333 443 1372 474 de
1393 443 1567 474 virtutibus
1590 444 1813 482 cardinalibus,

1044 494 1120 534 quia
1135 497 1224 525 actus
1236 504 1348 527 earum
1369 496 1607 537 principaliores
1630 506 1696 528 non
1710 497 1814 529 solum

1044 547 1212 587 perficiunt
1225 549 1308 588 ipsas
1323 549 1482 589 potentias
1505 550 1683 581 secundum
1697 551 1814 582 statum

1043 599 1115 637 viae,
1132 601 1185 632 sed
1199 602 1294 632 etiam
1309 602 1486 633 secundum
1496 604 1617 634 statum
1630 603 1753 644 patriae.

1082 657 1101 685 2
1129 654 1176 685 Ad
1195 655 1272 686 illud
1288 655 1373 695 quod
1388 655 1537 695 objicitur
1551 664 1592 687 ex
1605 656 1816 696 [1311311111ὶηί-

1043 707 1153 745 tionis,
1172 708 1341 739 dicendum
1369 709 1453 748 quod
1480 709 1558 740 fides
1580 718 1645 740 non
1665 711 1713 740 est
1737 708 1815 742 sub-

1042 762 1177 799 stantia,
1185 762 1251 792 sive
1262 761 1509 800 tundamentum
1515 762 1816 802 simpliciterrerum

1042 815 1283 854 sperandarum,
1304 815 1358 846 sed
1386 815 1491 846 solum
1517 815 1695 847 secundum
1723 815 1816 847 illum

1043 869 1172 905 statum,
1200 868 1232 898 in
1254 877 1317 908 quo
1346 870 1465 899 aetcrna
1489 868 1573 900 bona
1596 870 1815 909 expectantur.

1043 920 1194 952 Similiter
1207 930 1271 952 non
1286 924 1334 952 est
1358 921 1557 954 illuminatio
1584 921 1624 953 ad
1641 921 1815 954 videndum

1043 974 1142 1005 Deum
1160 974 1353 1015 simpliciter,
1371 974 1426 1005 sed
1447 974 1486 1005 ad
1510 974 1686 1006 videndum
1714 974 1817 1007 Deum

1043 1036 1100 1067 per
1109 1027 1285 1067 speculum.
1304 1027 1341 1059 Et
1354 1028 1508 1068 quoniam
1533 1028 1610 1059 huic
1629 1028 1726 1059 statui
1743 1037 1815 1060 suc·

1044 1080 1132 1111 cedet
1140 1081 1220 1111 alius
1231 1082 1342 1118 status,
1354 1081 1388 1112 in
1401 1090 1465 1121 quo
1475 1081 1534 1112 erit
1548 1081 1691 1113 stabilius
1702 1081 1817 1114 funda-

1044 1136 1189 1165 mentum
1200 1159 1208 1172 ,
1242 1137 1273 1166 et
1300 1135 1466 1175 perlectior
1496 1134 1688 1167 illuminatio
1701 1159 1710 1175 ‚
1741 1135 1818 1167 hinc

1043 1189 1090 1218 est
1103 1187 1188 1227 quod
1203 1188 1280 1219 fides
1294 1189 1467 1220 evacuatur
1480 1197 1547 1219 non
1554 1190 1683 1229 propter
1698 1188 1818 1220 funda-

1044 1241 1144 1271 menti
1158 1241 1416 1280 destructionem,
1431 1240 1485 1273 sed
1506 1243 1636 1282 propter
1648 1241 1818 1273 stabilioris

1045 1295 1330 1334 constructionem;
1349 1304 1415 1326 non
1429 1297 1558 1336 propter
1566 1295 1700 1327 luminis
1712 1296 1814 1336 priva-

1045 1348 1179 1387 tionem,
1199 1349 1252 1379 sed
1273 1350 1400 1388 propter
1424 1348 1556 1379 luminis
1580 1349 1815 1388 perfectionem,

1045 1411 1118 1441 quae
1132 1402 1271 1432 excludit
1285 1402 1482 1442 specularem
1492 1404 1523 1432 et
1534 1401 1750 1442 imperfectam
1763 1411 1815 1434 co-

1045 1454 1235 1493 gnitionem.

1086 1509 1116 1538 3.
1137 1507 1185 1538 Ad
1200 1506 1277 1538 illud
1292 1507 1378 1547 quod
1404 1508 1556 1548 objicitur
1581 1507 1621 1540 de
1636 1509 1709 1540 actu
1730 1507 1816 1548 fidei,

1046 1561 1100 1600 qui
1127 1563 1174 1591 est
1201 1561 1354 1591 assentire
1376 1561 1490 1601 primae
1513 1561 1654 1600 veritati,
1679 1562 1711 1593 et
1736 1560 1819 1594 velle

1046 1614 1183 1650 credere,
1214 1614 1281 1644 sive
1308 1614 1476 1645 credidisse
1488 1638 1497 1652 ‚
1533 1613 1705 1645 dicendum
1733 1613 1819 1654 quod

1047 1669 1199 1698 neutrum
1214 1668 1261 1698 est
1273 1669 1361 1698 actus
1372 1667 1458 1706 fidei,
1471 1668 1535 1699 nisi
1549 1668 1749 1708 inquantum
1763 1667 1820 1699 ho·

1047 1728 1100 1750 mo
1116 1719 1246 1750 assentit
1264 1719 1391 1751 veritati
1404 1728 1471 1751 non
1487 1720 1582 1759 visae;
1607 1720 1642 1751 in
1668 1728 1732 1760 quo
1746 1719 1820 1761 qui-

1046 1773 1118 1804 dem
1133 1782 1273 1811 assensu,
1285 1774 1317 1803 et
1330 1773 1526 1813 credulitate,
1536 1773 1714 1805 intellectus
1731 1773 1820 1805 incli-

1047 1829 1142 1857 natur
1157 1835 1176 1857 a
1190 1827 1354 1858 voluntate
1368 1835 1376 1858 t
1391 1827 1477 1867 quod
1491 1828 1568 1868 quia
1577 1836 1643 1859 non
1659 1827 1755 1859 estin
1767 1836 1820 1868 pa-

1046 1880 1107 1910 tria
1115 1880 1263 1920 reperire,
1282 1888 1347 1910 non
1360 1882 1436 1911 sunt
1450 1880 1494 1911 illi
1513 1882 1602 1912 actus
1615 1881 1650 1912 in
1665 1881 1768 1922 patria
1778 1881 1819 1913 ab

1046 1933 1159 1964 habitu
1173 1933 1257 1972 fidei,
1272 1934 1326 1965 sed
1340 1943 1360 1964 a
1374 1934 1491 1965 virtute
1507 1933 1737 1966 excellentiori.

1086 1989 1116 2017 4.
1133 1986 1176 2017 Ad
1190 1987 1270 2018 illud
1280 1987 1365 2027 quod
1377 1987 1536 2028 objicitur,
1553 1987 1639 2029 quod
1648 1987 1754 2028 magis
1768 1996 1818 2020 re-

1046 2042 1172 2080 pugnat
1180 2040 1240 2080 ipsi
1255 2040 1328 2071 fidei
1343 2041 1473 2072 tenebra
1489 2042 1618 2082 peccati,
1645 2050 1742 2082 quam
1761 2050 1819 2074 ex—

1046 2094 1190 2124 cellentia
1204 2094 1339 2134 praeniii,
1355 2095 1525 2126 dicendum
1544 2094 1630 2135 quod
1643 2095 1683 2126 de
1709 2094 1820 2126 habitu

1046 2146 1119 2177 fidei
1133 2149 1180 2177 est
1205 2146 1370 2186 dupliciter
1393 2147 1483 2187 loqui
1508 2158 1514 2178 :
1535 2147 1641 2178 autin
1661 2149 1820 2188 quantum

1047 2201 1092 2230 est
1107 2199 1235 2230 habitus
1250 2199 1290 2230 ab
1302 2199 1371 2230 aliis
1380 2199 1553 2231 virtutibus
1567 2200 1749 2240 distinctus;
1764 2202 1821 2232 aut

1047 2255 1081 2285 in
1110 2256 1267 2294 quantum
1295 2255 1342 2284 est
1368 2253 1471 2293 gratia
1500 2253 1701 2286 informatus.
1729 2253 1764 2286 Si
1785 2254 1820 2285 in

1047 2311 1204 2348 quantum
1220 2310 1267 2340 est
1283 2309 1386 2348 gratia
1405 2308 1610 2348 informatus,
1637 2309 1682 2341 sic
1705 2309 1820 2342 verita-

1047 2365 1111 2393 tem
1123 2362 1220 2393 habet
1232 2362 1367 2394 verbum
1376 2362 1577 2402 propositum
1591 2373 1598 2394 ε
1614 2363 1720 2403 grafia
1732 2363 1818 2395 enim

1047 2416 1147 2455 ipsius
1161 2415 1289 2446 habitus
1302 2415 1465 2446 informati
1480 2415 1602 2447 tollitur
1611 2424 1668 2457 per
1679 2415 1817 2457 culpam,

1048 2478 1111 2500 non
1127 2471 1234 2500 autem
1249 2477 1306 2508 per
1319 2468 1468 2508 gloriam.
1480 2468 1510 2500 Si
1527 2471 1634 2501 autem
1648 2468 1819 2509 loquamur

1048 2522 1087 2553 de
1101 2522 1169 2562 ipsa
1186 2522 1248 2553 fide
1269 2522 1445 2553 secundum
1461 2522 1546 2562 quod
1557 2525 1604 2554 est
1612 2521 1740 2553 habitus
1752 2521 1818 2554 dis-
1865 2522 1867 2524 ’

1048 2575 1166 2607 tinctus
1176 2576 1348 2608 habilitans
1362 2576 1401 2608 ad
1415 2576 1608 2608 credendum
1618 2584 1686 2608 non
1697 2576 1816 2616 visum;

1048 2629 1103 2668 sic,
1117 2632 1246 2670 propter
1260 2639 1352 2661 suam
1366 2629 1649 2671 imperfectionem,
1663 2630 1819 2670 maiorem

1083 2696 1087 2709 ¹·
1101 2694 1233 2717 consentit
1251 2695 1276 2718 S.
1300 2694 1422 2723 Uinnius,
1440 2694 1500 2721 1-11,
1515 2700 1537 2723 q.
1554 2699 1636 2723 van,
1649 2695 1695 2718 art.
1712 2695 1734 2717 3.
