2017 2948
187 153 244 181 190

185 216 372 254 fugiendum
392 216 473 245 sicut
500 214 694 245 contrarium
715 212 860 252 justitiam
893 211 953 241 ali-

185 268 273 308 quid,
290 268 371 298 sicut
386 268 470 307 quod
486 267 558 297 facit
574 267 680 306 aliquo
697 266 788 295 modo
804 275 822 295 a
833 264 955 303 justitIa

185 321 352 351 declinare.
382 321 441 357 Qui
456 321 557 360 primo
574 319 667 349 modo
683 319 752 348 facit
768 320 876 348 contra
890 316 955 346 dic-

186 376 290 403 tamcn
301 373 509 410 couscientiae,
525 375 629 411 peccat
641 371 815 401 mortaliter
830 371 957 409 propter

186 429 402 466 contemptum
420 425 681 455 intervenientem
695 433 702 453 t
717 426 747 453 et
762 423 813 453 ille
824 422 957 452 aediticat

187 478 225 508 ad
241 478 434 516 gehennam.
453 477 510 514 Qui
526 486 602 507 vero
617 476 754 506 secundo
770 475 874 511 modo,
893 482 957 503 non

187 532 320 561 aedificat
343 532 380 561 ad
403 531 596 569 gehennam,
615 538 672 559 nec
695 528 820 568 proprie
844 526 958 557 dicitur

188 586 287 614 facere
302 587 410 615 contra
425 583 660 619 conscientiam,
681 582 734 611 sed
750 583 866 621 praeter
881 589 959 611 con-

189 638 361 667 scientiam.
390 637 428 667 Et
445 637 546 676 primo
563 636 656 666 modo
671 637 745 664 sunt
759 636 868 664 contra
883 642 959 663 con-

189 692 349 721 scientiam
389 691 550 721 mendacia
586 688 778 728 perniciosa3
821 686 959 717 secundo

192 746 282 774 inodo
299 744 360 774 alla
377 755 383 774 ;
401 743 592 774 conscientia
607 742 692 772 enim
706 750 771 771 non
786 740 880 770 dictat
895 748 960 769 om-

191 798 241 826 nia
265 797 428 827 mendacia
450 795 615 835 aequaliter
639 803 706 824 esse
731 792 877 828 vitand03
908 791 961 821 sed

191 850 337 889 <praedam
361 849 441 879 sicut
466 848 621 885 mortalia,
639 846 786 886 quaedam
812 845 894 875 sicut
910 854 962 875 ve-

193 903 295 932 nialia.
321 902 358 932 Et
377 902 402 931 si
427 904 461 931 tu
479 901 618 940 objicias,
646 899 729 939 quod
746 898 850 928 omnis
872 906 961 927 men-

193 959 284 995 tiens,
301 966 504 998 quocumque
521 964 638 994 genere
654 954 808 985 mendacii
826 953 963 983 mentia-

192 1015 253 1046 tur,
271 1019 396 1049 semper
408 1010 482 1040 dicit
497 1009 612 1039 directe
624 1007 818 1038 contrarium
833 1005 862 1035 ei
878 1005 962 1044 quod

193 1063 381 1093 conscientia
395 1063 499 1099 dictat,
518 1061 686 1091 dicendum
702 1059 784 1099 quod
800 1059 961 1089 conscien-

193 1117 236 1146 tia
259 1116 353 1146 dictat
375 1115 412 1145 de
435 1115 540 1154 aliquo
563 1113 649 1153 quod
675 1113 715 1142 sit
729 1120 854 1147 verum,
882 1111 965 1141 etde

194 1170 301 1209 aliquo
315 1169 398 1208 quod
414 1177 477 1197 non
490 1168 528 1197 sit
543 1166 722 1203 dicendum,
741 1165 790 1195 vel
806 1166 875 1203 ejus
894 1173 966 1193 con-

195 1223 339 1253 trarium.
366 1221 403 1251 Et
423 1230 497 1251 cum
517 1220 587 1259 quis
602 1219 719 1258 profert
734 1218 848 1248 salsum
864 1217 963 1247 scien-

196 1278 254 1309 ter,
271 1275 327 1304 etsi
350 1274 465 1304 directe
490 1273 581 1303 faciat
602 1273 711 1301 contra
729 1269 965 1306 conscientiam,

196 1337 267 1368 quae
282 1328 375 1357 dictat
397 1326 514 1365 aliquid
530 1334 596 1355 esse
615 1332 746 1360 vc1·u1n;
772 1331 837 1352 non
862 1324 968 1352 tamen

198 1381 269 1410 facit
284 1383 391 1410 contra
414 1378 639 1409 conscientiam
655 1376 753 1413 illam,
781 1384 853 1414 quae
875 1375 969 1404 dictat

198 1434 317 1473 aliquid
332 1443 396 1464 non
412 1442 477 1463 esse
492 1431 672 1462 dicendum.
698 1429 736 1460 Et
759 1431 915 1468 quantum
930 1428 968 1458 ad

199 1487 373 1517 secundum
387 1487 543 1516 dictamen
559 1483 771 1519 conscientiae,
792 1482 875 1521 quod
892 1482 968 1511 diri-

201 1541 249 1579 git
263 1540 296 1570 in
310 1539 452 1578 agendis,
483 1539 632 1577 pensatur
653 1535 811 1575 quantitas
835 1535 968 1574 peccati;

200 1602 263 1622 non
277 1594 433 1631 quantum
446 1590 483 1621 ad
493 1589 651 1629 judicium
662 1587 872 1625 conscientiae,
886 1586 971 1626 quod

199 1645 285 1683 regit
299 1644 331 1674 in
345 1642 581 1682 cognoscendis.

241 1702 269 1727 ti.
287 1697 335 1727 Ad
350 1696 426 1727 illud
442 1696 528 1735 quod
551 1694 708 1733 objicitur,
729 1693 815 1732 quod
837 1692 870 1722 in
885 1691 973 1722 omni

203 1751 366 1782 mendacio
381 1749 526 1789 superior
540 1756 612 1788 pars
631 1746 763 1777 rationis
780 1745 926 1782 comedit,
944 1747 973 1774 et

203 1807 287 1834 certa
304 1804 435 1834 scientia
450 1801 619 1838 concurrit,
636 1799 804 1830 dicendum
818 1798 915 1837 quod,
932 1798 972 1827 si-

204 1860 257 1887 cut
287 1857 319 1886 in
348 1854 486 1886 secundo
519 1854 599 1883 libro
626 1852 685 1882 fuit
712 1851 973 1885 determinatum,

205 1909 405 1940 manducatiO
422 1906 594 1946 superioris
610 1904 763 1944 portionis
777 1903 850 1933 facit
865 1912 975 1942 pccca-

207 1966 273 1993 tum
291 1960 422 1991 mortale
433 1959 536 1989 solum
546 1958 578 1987 in
591 1957 641 1987 his
654 1965 790 1996 quorum
804 1958 891 1985 actus
903 1958 978 1985 sunt

207 2015 390 2054 simpliciter
412 2015 442 2042 et
465 2010 687 2042 universaliter
710 2008 872 2048 prohibiti,
897 2008 978 2038 sicut

207 2069 241 2098 in
256 2068 381 2107 peccato
396 2064 514 2095 carnis:
534 2063 595 2092 hoc
609 2064 717 2092 autem
730 2061 835 2090 Iocum
848 2069 913 2090 non
927 2060 979 2090 lia-

209 2121 304 2151 hetin
315 2120 440 2159 peccato
453 2115 619 2147 mendacii
635 2113 796 2149 Similiter,
808 2122 872 2143 non
884 2121 980 2143 omne

208 2176 371 2213 peccatum
396 2170 477 2210 quod
496 2170 531 2199 sit
556 2176 596 2198 ex
619 2168 704 2198 certa
726 2166 855 2196 scientia
878 2168 924 2195 est
948 2165 980 2195 in

211 2226 366 2266 Spiritum
390 2224 550 2258 sanctum3
581 2220 635 2250 sed
658 2219 733 2249 illud
762 2220 794 2248 in
821 2227 884 2258 quo
908 2227 981 2248 cum

210 2282 294 2310 certa
309 2276 440 2308 scientia
453 2273 612 2305 concurrit
626 2273 695 2311 ipsa
706 2271 836 2301 malitia.
854 2270 891 2301 Et
906 2271 931 2300 si
946 2273 982 2301 tu

211 2332 341 2372 objicias
362 2329 447 2370 quod
471 2336 565 2358 omne
588 2325 789 2355 mendacium
812 2324 984 2362 impugnat

212 2385 378 2417 veritatem
394 2381 550 2421 agnitam,
565 2387 638 2418 quae
653 2379 699 2408 est
710 2386 775 2408 una
785 2377 904 2416 specics
918 2386 985 2415 pec-

213 2439 273 2469 cati
297 2438 330 2467 in
355 2435 508 2476 SpIritum
531 2434 686 2468 sanctum,
711 2431 878 2461 dicendum
901 2430 985 2469 quod

247 2502 254 2516 ¹
269 2500 307 2529 Cf.
322 2497 497 2527 Alex.Alens.,
513 2502 537 2525 p.
551 2494 598 2524 ttl,
613 2500 636 2524 qi
648 2492 834 2520 cxxii,1nemb.
848 2493 861 2515 ὅ
874 2499 881 2521 ;
894 2493 919 2515 s.
929 2492 986 2522 Th„

218 2536 285 2564 ll-lt,
300 2542 325 2565 q.
339 2540 381 2564 cx,
395 2535 441 2557 art.
458 2534 486 2561 33
500 2529 628 2558 Richard„
650 2529 681 2552 iu
700 2528 777 2557 Seni„
795 2528 851 2551 dist.
871 2533 985 2556 xxxvnt,

218 2575 295 2600 q.1v;
308 2570 395 2600 steph.
408 2567 512 2596 Brulet'.,
536 2566 566 2589 ut
580 2565 658 2594 Sene„
676 2563 733 2588 dist.
750 2569 858 2592 xxxviii,
873 2570 897 2594 q.
912 2568 945 2586 1v.
957 2575 987 2579 —

220 2618 230 2634 ῃ
246 2608 320 2637 Aug,
337 2607 428 2630 Erum-r.
447 2605 471 2628 iu
499 2605 540 2627 Ps.
554 2607 579 2632 v,
596 2608 622 2625 n.
639 2602 663 2630 Ἰ,
680 2600 716 2625 sic
729 2600 806 2625 habet
826 2607 831 2624 :
855 2607 868 2622 «
888 2599 987 2624 Falsum

749 143 1056 176 SENTENTIARUM
1082 144 1143 175 LIB
1167 144 1216 174 Ill.

1011 220 1073 241 non
1090 220 1299 250 quascumque
1320 211 1461 241 veritatis
1485 210 1697 251 impugnatio,
1718 217 1775 239 nec

1011 264 1251 303 qualiscumque
1267 264 1476 303 impugnatio,
1493 267 1538 294 est
1559 265 1722 303 peccatum
1744 262 1775 291 in

1012 316 1163 355 Spiritum
1177 318 1336 353 sanctum;
1354 317 1406 346 sed
1422 317 1624 355 impugnatio
1637 314 1778 346 veritatis

1012 368 1185 398 secundum
1201 369 1363 408 pletatcm3
1385 371 1415 400 et
1431 369 1563 399 ulterius
1578 368 1779 408 impugnatio

1012 430 1084 460 quae
1100 424 1145 451 est
1159 431 1232 451 cum
1254 422 1391 461 quadam
1406 422 1608 462 protervitate
1623 423 1653 452 et
1667 420 1782 451 mentis

1014 474 1244 512 obfirmatione,
1258 484 1354 514 quam
1366 484 1430 505 non
1444 477 1490 505 cst
1502 476 1534 505 in
1545 474 1687 514 quolibet
1697 482 1783 504 men-

1014 527 1102 556 dacio
1125 528 1275 566 reperire.
1302 527 1339 557 Et
1363 528 1431 558 ideo
1452 538 1491 558 ex
1514 528 1574 558 hoc
1596 536 1659 557 non
1683 528 1784 566 potest

1015 578 1168 616 concludi,
1186 580 1270 619 quod
1287 589 1381 610 omne
1399 581 1599 611 mendacium
1620 580 1660 610 sit
1676 588 1784 619 pecca-

1016 635 1085 662 tum
1101 633 1133 662 in
1150 631 1303 672 Spiritum
1325 636 1481 670 sanctum,
1507 642 1565 663 nec
1584 633 1679 663 etiam
1701 632 1785 671 quod

1017 685 1237 715 universaliter
1251 685 1289 715 sit
1306 688 1469 724 peccatum
1483 686 1624 716 mortale.

1277 782 1455 819 QUAESTIO
1478 782 1528 814 lv.

1019 870 1063 897 Au
1083 879 1156 898 ouum
1174 872 1342 898 mendacium
1360 873 1396 898 sit
1417 871 1529 899 mortale
1543 873 1610 899 viris
1625 872 1752 906 perfectis
1768 872 1787 897 ¹.

1060 950 1171 980 Utrum
1188 960 1282 981 omne
1298 951 1496 981 mendacium
1512 951 1552 981 sit
1567 951 1698 981 mortale
1714 951 1791 981 viris
1806 963 1909 984 rumam.

1020 1003 1180 1043 persecti53
1199 1006 1229 1033 ct
1241 1004 1325 1043 quod
1340 1004 1395 1041 sic,
1410 1004 1546 1035 videtur.
1564 1004 1682 1043 Primo,
1698 1014 1793 1044 super

1020 1056 1096 1086 illud
1119 1056 1233 1086 Psalmi
1252 1065 1258 1084 t
1277 1057 1388 1088 Perdes
1414 1065 1528 1094 omnes,
1551 1060 1623 1095 etc„
1641 1058 1767 1088 Glossa’
1784 1067 1790 1086 t

1025 1121 1039 1137 α
1055 1108 1200 1140 perfectis
1222 1110 1353 1139 omnino
1370 1110 1498 1139 mentiri
1515 1119 1579 1140 non
1598 1111 1756 1141 convenit.
1774 1123 1788 1138 »

1022 1162 1081 1193 Sed
1097 1163 1155 1192 hoc
1172 1172 1235 1193 non
1252 1162 1336 1200 dicit,
1354 1162 1413 1192 nisi
1431 1163 1506 1201 quia
1521 1163 1649 1193 alterius
1667 1163 1793 1202 generis

1023 1218 1184 1254 peccatum
1197 1218 1244 1246 est
1260 1216 1411 1255 perfectis,
1429 1218 1459 1245 ct
1479 1216 1668 1255 imperfectis
1684 1226 1690 1246 :
1709 1216 1793 1255 quod

1022 1268 1108 1298 enim
1124 1269 1256 1298 omnino
1272 1278 1337 1298 non
1351 1269 1432 1305 licet,
1445 1268 1607 1307 judicatur
1626 1278 1692 1299 esse
1712 1278 1794 1299 mor-

1023 1321 1083 1351 talc
1099 1330 1106 1350 :
1123 1330 1214 1359 ergO,
1231 1323 1287 1351 etc.

1065 1374 1140 1404 Item
1158 1374 1370 1412 Augustinus,
1388 1373 1426 1404 (Ie
1441 1373 1610 1405 Mendacio
1624 1374 1633 1390 ³
1653 1384 1659 1404 :
1680 1385 1694 1402 (ι
1709 1373 1795 1410 Quo—

1025 1427 1118 1457 modo
1148 1427 1283 1466 (inquIt)
1307 1427 1417 1457 dilexit
1437 1427 1620 1466 proximum
1644 1429 1796 1466 tanquam

1025 1482 1174 1520 seipsum,
1192 1481 1243 1510 cui
1260 1482 1294 1510 ut
1309 1482 1435 1520 praestet
1458 1480 1664 1519 temporalem
1685 1480 1795 1518 vitam,

1026 1534 1127 1574 perdit
1151 1536 1321 1563 aeternam?
1341 1545 1355 1561 n
1384 1533 1539 1573 Loquitur
1564 1533 1602 1563 dc
1627 1534 1795 1573 perfectis:

1025 1597 1104 1627 ergo
1127 1588 1253 1618 videtur
1279 1588 1363 1626 quod
1391 1597 1448 1627 pro
1472 1588 1636 1618 mendacio
1661 1588 1799 1618 officioso

1027 1641 1127 1681 perdit
1140 1641 1295 1680 perfectus
1309 1643 1459 1671 aeternam
1472 1641 1569 1671 vitam
1584 1652 1589 1671 :
1602 1649 1682 1679 ergo
1693 1643 1800 1680 peccat

1028 1693 1211 1724 mortaliter.

1070 1747 1145 1777 Item
1162 1746 1372 1784 Augustinus,
1386 1748 1522 1776 tractans
1535 1745 1610 1776 illud
1623 1746 1800 1778 Proverbia-

1030 1809 1100 1832 rum
1116 1799 1289 1830 secundum
1308 1799 1543 1829 translationem
1557 1799 1798 1839 Septuaginta‘:

1037 1853 1171 1884 Verbum
1190 1853 1370 1891 suscipiens
1384 1852 1472 1890 filius
1486 1860 1506 1882 α
1518 1852 1701 1891 perditione
1716 1852 1802 1892 lonae

1032 1906 1144 1942 aberit,
1169 1910 1197 1937 et
1221 1905 1306 1936 nile-it
1327 1905 1406 1943 falsi
1421 1912 1461 1936 ρας
1476 1912 1527 1936 ore
1550 1905 1618 1943 ejus
1638 1904 1800 1944 12⁷·0cedz‘t5

1032 1960 1091 1989 hoc
1103 1967 1265 1998 exponens
1279 1958 1479 1996 Augustinus
1494 1958 1566 1987 dicit
1581 1958 1625 1988 sic
1639 1957 1666 1986 ⁵:
1684 1957 1803 1988 «Filius

1034 2011 1208 2050 suscipiens
1218 2020 1274 2050 per
1281 2011 1418 2049 gratiam
1430 2010 1564 2041 verbum
1573 2012 1728 2041 aeternum
1739 2012 1803 2040 tam

1034 2065 1179 2095 clausum
1195 2063 1253 2093 sibi
1269 2063 1397 2102 deputat
1412 2063 1450 2093 ad
1467 2063 1722 2094 subveniendum
1746 2062 1804 2093 ho-

1036 2117 1115 2147 mini
1132 2125 1186 2156 per
1201 2115 1414 2152 mendacium,
1431 2124 1528 2154 quam
1544 2115 1569 2144 si
1585 2124 1640 2155 per
1659 2118 1805 2156 stuprum

1035 2169 1170 2200 transire
1194 2170 1337 2206 cogatur.
1360 2179 1374 2195 n
1409 2167 1441 2198 Si
1466 2177 1544 2207 ergo
1570 2178 1625 2208 per
1658 2171 1806 2209 stuprum

1035 2222 1170 2253 transire
1187 2224 1232 2251 est
1248 2221 1379 2251 mortale
1395 2224 1569 2260 peccatum,
1583 2221 1709 2252 videtur
1722 2221 1806 2262 quod

1037 2275 1109 2305 filiis
1133 2282 1279 2314 supernae
1306 2273 1502 2304 Hierusalem
1529 2275 1655 2305 mentIri
1679 2277 1808 2315 propter

1038 2329 1171 2359 salutem
1185 2327 1317 2366 aliquus
1333 2327 1373 2356 sit
1386 2327 1516 2357 mortale
1530 2329 1706 2367 peccatum.

1079 2380 1156 2411 Item
1169 2380 1249 2410 nulli
1262 2380 1452 2410 credendum
1465 2382 1522 2418 est,
1537 2380 1563 2410 si
1577 2381 1653 2411 viris
1665 2380 1808 2420 perfectis

1039 2443 1104 2464 non
1121 2433 1259 2463 creditur
1277 2444 1283 2463 :
1302 2433 1356 2463 sed
1370 2433 1396 2462 si
1412 2433 1474 2463 viri
1489 2433 1616 2472 perfecti
1634 2433 1809 2464 mentiren-

1042 2531 1126 2554 dicero
1135 2548 1143 2560 ,
1165 2537 1217 2554 non
1242 2530 1371 2553 invenitur
1396 2535 1547 2553 concessum
1569 2536 1623 2553 esse
1648 2530 1773 2560 perfectis.
1795 2539 1808 2553 υ

1042 2579 1072 2583 -
1082 2566 1092 2582 ³
1103 2566 1149 2595 td.,
1161 2565 1190 2588 (le
1203 2565 1295 2594 Menti„
1306 2572 1328 2588 c.
1339 2571 1372 2588 vl.
1384 2578 1413 2582 —-
1424 2565 1529 2594 ⁴1¹1·⁰t·.‚
1540 2570 1613 2594 xxlx,
1629 2565 1722 2588 27.—·
1736 2567 1809 2596 Aug„

1044 2600 1073 2624 de
1088 2600 1180 2628 Mend„
1197 2608 1219 2624 c.
1234 2606 1315 2630 xvni,
1331 2600 1395 2624 forte
1409 2600 1436 2623 in
1448 2605 1533 2623 sensu.
