2017 2948
217 143 274 172 37⁴

216 207 299 246 prie,
321 207 416 246 prout
439 205 651 245 distinguitur
673 208 782 236 contra
806 203 987 245 dispositio—

216 267 289 289 nem
319 267 375 298 per
403 258 576 298 perfectum
606 260 637 289 et
664 257 902 298 imperfectu1n3
927 256 989 287 alio

218 311 311 342 modo
339 311 562 350 communiter,
587 313 683 352 prout
703 313 878 350 utrumque
899 318 986 340 com-

218 364 400 404 prehendit,
417 364 534 396 scilicet
558 373 687 395 omnem
710 364 896 404 qualitatem
919 362 987 393 ani-

218 426 304 448 mam
319 417 550 458 disponentem,
561 418 628 448 sive
639 417 728 448 facile
744 417 905 454 mobilem,
922 415 990 446 sive

217 470 355 508 difficile,
367 471 435 501 sive
445 470 627 510 perfectam,
641 470 707 500 sive
719 470 947 510 iniperfectan13
960 472 991 498 et

218 524 262 554 sic
272 523 435 563 accipitur,
447 532 520 553 cum
528 522 644 553 dicitur
656 533 661 553 :
679 522 774 553 «Tria
789 525 865 553 sunt
878 522 911 552 in
922 522 990 552 ani-

220 585 282 615 ma,
297 576 445 616 potentia,
460 576 574 616 passio,
585 580 614 606 et
623 576 762 607 habitus.
771 587 785 604 υ
798 575 878 606 Nam
889 575 991 615 (lispo-

219 632 291 662 sitio
297 632 381 662 estin
390 631 507 670 anima,
518 634 549 662 et
558 640 622 662 non
633 634 679 662 est
687 631 840 671 potentia,
849 640 905 661 nec
920 638 991 670 pas-

220 685 276 715 sio.
290 684 461 715 Dicendum
471 684 574 723 igitur
587 684 672 724 quod
683 685 708 714 si
719 684 890 724 accipiatur
905 682 994 713 habi-

220 740 270 768 tus
281 738 380 776 large,
395 737 439 768 sic
448 737 609 768 character
626 740 672 768 est
682 737 828 774 habitus;
846 737 871 767 si
885 738 993 767 autem

220 790 325 821 stricte
343 814 351 826 ‚
376 790 421 820 sic
443 790 518 830 quia
543 790 704 821 character
727 792 774 821 est
798 792 991 830 perpetuus,

220 843 289 874 ideo
305 843 431 874 habitus
447 854 453 874 :
468 844 523 874 sed
537 844 612 883 quia
626 853 692 874 non
706 844 847 884 perficit,
865 843 918 874 sed
933 842 995 873 slis-

222 897 309 936 ponit
331 897 368 927 ad
396 897 579 928 ulteriorem
602 897 850 937 perfectionem,
879 896 995 927 scilicet

223 950 353 989 gratiae,
368 949 439 981 ideo
453 952 500 981 est
524 950 697 990 dispositio.
719 950 870 980 Similiter
894 951 939 980 est
962 949 995 979 in

222 1003 313 1045 oculo
329 1003 504 1043 corporali,
528 1004 604 1044 quia
622 1004 665 1033 ibi
684 1005 730 1034 est
748 1004 858 1034 lumen
883 1011 996 1033 conna-

223 1058 294 1086 tura
309 1056 538 1096 inseparabile,
554 1057 608 1087 sed
626 1056 820 1087 insufficiens
834 1056 873 1087 ad
889 1056 996 1087 viden-

222 1109 318 1147 dum,
337 1109 397 1139 nisi
419 1109 526 1140 veniat
548 1109 678 1149 spiritus
702 1110 834 1140 visibilis
854 1119 873 1140 a
896 1118 996 1140 nervo

223 1163 338 1202 optico.
351 1162 504 1193 Similiter
519 1162 552 1192 in
568 1162 728 1193 intellectu
739 1165 785 1193 est
801 1162 909 1192 lumen
924 1171 996 1193 con-

223 1215 368 1247 naturale
383 1215 610 1255 inseparabile,
626 1224 690 1246 non
712 1217 818 1245 tamen
838 1215 998 1246 sufficiens

225 1271 263 1301 ad
282 1270 485 1310 dirigendam
508 1270 741 1309 cognitionem,
762 1269 822 1300 nisi
843 1278 995 1309 superve-

227 1324 294 1354 niat
307 1323 435 1354 habitus
449 1323 598 1354 scientiae.
616 1322 798 1354 Secundum
816 1332 885 1354 rein
897 1323 998 1362 igitur

226 1376 387 1407 character
401 1378 448 1407 est
464 1376 611 1416 quaedam
625 1375 760 1415 qualitas
775 1375 917 1406 animam
933 1385 997 1407 non

226 1429 357 1460 omnino
379 1429 562 1469 perficiens,
585 1429 638 1459 sed
658 1429 828 1468 disponens
852 1429 890 1459 ad
914 1428 996 1459 ulte-

223 1483 340 1514 riorem
360 1483 603 1522 perfectionem,
623 1483 741 1514 scilicet
764 1484 890 1522 gratiae.
912 1482 999 1514 Unde

224 1537 325 1577 potest
340 1545 423 1574 esse,
444 1536 529 1576 quod
550 1536 588 1566 sit
604 1535 764 1575 quoddam
780 1536 888 1566 lumen
903 1536 999 1576 spiri-

224 1590 310 1622 tuale
330 1589 558 1629 semiplenum,
583 1591 612 1619 et
637 1589 766 1628 quidam
789 1589 873 1619 calor
900 1589 1000 1628 gratis

225 1643 326 1674 datus.
345 1642 423 1673 Illud
444 1642 554 1672 lumen
575 1641 689 1671 dicitur
708 1641 909 1680 signaculum
934 1642 1001 1672 ani-

226 1705 303 1734 mae,
319 1695 370 1726 vel
388 1695 508 1735 signari
528 1694 560 1725 in
575 1694 698 1730 anima,
717 1694 895 1725 secundum
915 1695 1001 1735 quod

225 1749 340 1780 dicitur
355 1748 388 1778 in
405 1748 530 1780 Psalmo
544 1748 551 1764 ¹
563 1759 574 1779 .·
591 1747 761 1787 Stanacum
778 1751 823 1778 cst
839 1756 932 1787 super
946 1756 1002 1780 nos

225 1801 331 1833 lumen
350 1801 457 1833 vultus
484 1802 532 1832 tm·
561 1800 693 1832 Domine
706 1809 719 1839 ,·
743 1800 925 1839 signatum,
951 1801 999 1831 in-

225 1864 341 1896 quam,
358 1863 414 1895 per
429 1856 578 1885 naturam
591 1879 598 1892 ,
615 1855 668 1884 sed
693 1854 860 1893 specialius
884 1863 941 1894 per
955 1864 1002 1885 sa-

226 1910 388 1939 cramenta
417 1907 526 1938 divina
545 1931 554 1945 ,
578 1907 803 1946 specialissime
834 1916 890 1947 per
919 1907 1003 1939 dona

229 1960 366 2000 Spiritus
381 1960 480 1991 sancti
501 1959 653 1999 gratuita.
671 1959 738 1990 Duo
758 1959 858 1998 igitur
880 1959 1002 1999 objecta

227 2013 406 2051 solvuntur,
423 2013 500 2053 quia
515 2012 744 2051 intellIguntur
758 2012 796 2042 de
809 2012 921 2043 habitu
936 2022 1003 2052 per-

227 2067 308 2097 fecto
324 2090 333 2104 ,
358 2067 413 2106 qui
438 2067 529 2106 plene
557 2066 713 2096 rationem
739 2065 867 2095 habitus
894 2066 1001 2097 habet.

230 2118 311 2150 Nam
325 2118 385 2150 iste
397 2119 541 2150 habilitat
555 2119 593 2149 ad
608 2128 688 2158 opus
702 2118 830 2158 aliquod
845 2119 883 2149 de
898 2128 931 2149 se
948 2130 955 2149 :
973 2122 1003 2150 et

230 2171 274 2202 sic
286 2171 335 2202 vel
349 2171 495 2202 habilitat
508 2172 705 2210 cognitivam
716 2194 726 2208 ,
741 2174 770 2201 et
790 2173 835 2201 est
852 2172 999 2210 scientia;

229 2225 281 2257 vel
296 2225 471 2263 motivam,
489 2227 519 2255 et
537 2227 583 2254 est
599 2225 712 2255 virtus.
734 2224 803 2255 Non
824 2227 930 2255 autem
956 2227 1002 2255 est

230 2287 344 2309 verum
358 2278 396 2309 de
406 2277 528 2315 habitu,
541 2278 595 2317 qui
614 2280 659 2307 est
674 2278 875 2317 imperfectus
891 2278 995 2318 dispo-

229 2339 309 2362 nens
336 2329 375 2361 ad
402 2330 520 2368 alium,
551 2329 629 2360 sicut
655 2330 765 2360 lumen
791 2330 936 2360 naturale
962 2331 1001 2362 ad

230 2384 413 2421 scientiam,
429 2385 460 2414 et
481 2383 591 2414 lumen
614 2383 695 2413 oculi
722 2383 759 2414 ad
782 2383 927 2414 habitum
953 2385 1001 2414 vi·

229 2435 334 2467 dendi.
350 2435 400 2467 Sic
414 2435 659 2476 intelligendum
682 2437 729 2466 est
752 2436 786 2466 in
803 2436 998 2475 charactere;

263 2534 271 2550 ¹
286 2533 351 2557 Psal.
367 2540 400 2563 lv,
419 2535 442 2557 7.
459 2547 489 2552 —
509 2534 516 2548 ²
532 2533 572 2563 Cf.
588 2533 659 2558 Alex.
682 2534 777 2562 Ateus„
797 2540 823 2563 p.
843 2534 884 2563 tv,
903 2542 926 2565 q.
944 2541 999 2566 vni,

229 2569 324 2592 memb.
349 2570 372 2599 8,
391 2570 438 2594 art.
460 2571 482 2600 l,
502 2569 517 2600 ἓ
537 2570 568 2597 2ς
591 2569 617 2593 S.
641 2569 742 2600 Thom,
763 2575 787 2599 p.
814 2569 855 2599 tlt,
880 2576 905 2601 q.
922 2576 998 2601 Lxm,

230 2606 276 2627 ert.
301 2604 328 2634 33
353 2605 378 2627 et.
401 2604 431 2628 tv
456 2604 534 2630 Seni..
555 2603 613 2628 dist.
637 2610 672 2634 lv,
697 2611 722 2635 q.
745 2609 763 2633 1,
784 2606 830 2628 art.
852 2605 882 2635 2;
898 2605 998 2637 Scotus,

773 135 1084 170 SENTENTIARUM
1104 135 1178 167 ΜΒ.
1203 136 1252 167 lV.

1042 202 1252 234 nihilominus
1274 204 1381 233 tamen
1404 201 1544 241 aliquem
1565 202 1673 231 actum
1696 200 1811 239 habet,

1042 255 1124 286 sicut
1137 255 1255 296 patebit
1270 255 1303 286 in
1319 254 1463 295 sequenti
1477 252 1684 293 problemate.

1291 369 1494 408 QUAESTIO
1524 369 1565 400 II.

1068 453 1111 478 An
1130 451 1270 478 character
1289 453 1327 478 sit
1344 451 1422 478 utilis
1442 449 1478 478 ad
1497 450 1701 484 significandum
1721 452 1745 476 et
1764 449 1801 476 ad

1319 495 1511 530 disponendum
1524 495 1545 522 ².

1086 575 1128 606 De
1142 575 1322 606 charactere
1341 577 1498 615 quantum
1517 574 1556 606 ad
1575 574 1762 612 utilitatem,
1778 573 1817 604 ad
1835 583 1869 605 Ad
1887 590 1940 612 opp.

1047 628 1122 669 quid
1143 628 1291 659 videlicet
1310 628 1474 658 character
1496 627 1535 658 sit
1556 627 1645 658 utilis
1664 638 1671 658 :
1692 629 1724 658 et
1746 635 1819 658 cum

1047 682 1088 712 sit
1111 682 1243 721 signum
1268 681 1515 719 sacramentale,
1532 680 1649 711 dicitur
1667 679 1753 721 quod
1774 682 1822 711 est

1048 735 1087 767 ad
1102 735 1365 775 significandum5
1385 744 1441 766 nec
1455 736 1581 765 tantum
1603 734 1642 765 ad
1664 734 1724 765 hoc
1737 757 1746 771 ,
1767 732 1821 764 sed

1048 791 1145 821 etiam
1159 790 1197 821 ad
1213 790 1457 830 disponendum.
1479 789 1534 820 Est
1558 789 1655 820 etiam
1679 788 1718 820 ad
1741 788 1820 820 assi-

1049 843 1227 874 milandum
1239 867 1247 881 ,
1284 845 1316 874 et
1348 842 1626 882 distinguendum.
1662 841 1823 880 Quaeritur

1049 906 1128 936 ergo
1149 897 1252 936 primo
1267 896 1304 927 de
1323 896 1555 936 significatione
1576 906 1583 926 :
1603 898 1633 926 et
1657 905 1731 926 cum
1753 895 1821 935 sig-

1049 959 1130 980 num
1159 950 1198 980 sit
1226 950 1310 990 quod
1333 959 1366 981 se
1393 950 1485 981 offert
1507 949 1669 988 sensibus,
1697 948 1824 980 videtur

1051 1003 1135 1043 quod
1150 1003 1312 1034 character
1328 1011 1391 1034 non
1407 1003 1447 1033 sit
1459 1002 1608 1042 signum,
1631 1010 1705 1033 cum
1727 1001 1825 1033 sensi-

1051 1056 1112 1087 bus
1125 1065 1158 1086 se
1172 1065 1237 1086 non
1252 1055 1374 1087 offerat.

1091 1112 1120 1140 9.
1139 1110 1232 1146 Item,
1248 1110 1272 1140 si
1287 1112 1331 1140 cst
1345 1110 1369 1139 si
1375 1118 1479 1148 gnum
1489 1132 1499 1147 ‚
1512 1110 1566 1140 aut
1580 1117 1658 1148 ergo
1673 1111 1721 1140 est
1734 1111 1826 1141 natu-

1052 1163 1116 1193 rale
1124 1187 1132 1199 ,
1149 1165 1203 1193 aut
1213 1163 1431 1193 voluntarium
1447 1173 1454 1193 ς
1467 1163 1495 1193 si
1505 1162 1736 1200 voluntarium,
1744 1171 1825 1203 ergo

1053 1215 1284 1246 diversificatur
1298 1215 1382 1255 apud
1404 1215 1562 1253 diverSOS‚
1583 1215 1668 1255 quod
1693 1215 1826 1246 stultum
1847 1243 1850 1246 .

1053 1271 1116 1306 est;
1135 1269 1161 1298 si
1180 1268 1340 1306 naturale,
1358 1277 1438 1307 ergo
1457 1268 1552 1298 habet
1573 1276 1640 1298 esse
1657 1276 1676 1298 a
1692 1270 1824 1306 natura,

1053 1321 1138 1361 quod
1153 1324 1198 1351 est
1213 1321 1347 1352 stultum
1363 1321 1508 1351 similiter
1524 1320 1638 1352 dicere.

1095 1376 1125 1404 3.
1147 1374 1241 1412 Item,
1265 1374 1290 1404 si
1317 1377 1363 1404 est
1389 1374 1542 1413 dignum.
1570 1373 1726 1413 quaeritur
1751 1374 1829 1414 quid

1054 1427 1212 1467 significet
1229 1438 1235 1458 :
1253 1428 1278 1458 si
1303 1427 1441 1467 gratiam
1459 1451 1467 1465 ,
1491 1426 1604 1458 Contra
1626 1438 1633 1458 :
1657 1426 1746 1458 Multi
1771 1428 1829 1459 ha-

1054 1481 1129 1512 bent
1145 1481 1377 1519 characterem,
1394 1481 1448 1521 qui
1469 1490 1527 1511 nec
1548 1480 1682 1519 habent,
1696 1489 1754 1512 nec
1769 1480 1829 1512 ha-

1057 1536 1211 1574 buerunt,
1227 1545 1285 1567 nec
1301 1536 1465 1567 habebunt
1479 1535 1628 1575 gratiam.

1097 1592 1125 1619 1.
1151 1589 1194 1620 De
1217 1589 1356 1620 secundo
1381 1590 1452 1619 actu
1460 1599 1468 1626 ;
1491 1588 1547 1628 qui
1572 1590 1619 1618 est
1642 1588 1826 1628 disponere,

1057 1643 1211 1682 quaeritur
1229 1642 1372 1673 similiter
1387 1653 1394 1672 ι
1417 1645 1447 1672 et
1465 1641 1549 1681 quod
1567 1650 1631 1672 non
1649 1640 1689 1671 sit
1705 1640 1745 1672 ad
1763 1641 1826 1672 dis·

1057 1696 1251 1735 ponendum,
1264 1695 1404 1733 videtum
1417 1695 1573 1735 quiacum
1585 1694 1666 1725 Deus
1676 1694 1715 1724 sit
1727 1703 1829 1734 agens

1057 1748 1206 1788 potenti-ze
1224 1748 1374 1785 infinitae,
1391 1757 1457 1778 non
1479 1747 1603 1786 indiget
1625 1747 1830 1787 dispositione

1058 1802 1180 1842 praevia
1192 1801 1231 1832 ad
1241 1801 1488 1841 imprimendam
1498 1800 1634 1831 formam
1649 1811 1655 1830 :
1669 1808 1749 1839 ergo
1764 1809 1829 1831 non

1058 1857 1105 1885 est
1118 1863 1245 1885 necesse
1259 1855 1343 1895 quod
1355 1854 1526 1892 character,
1538 1853 1589 1884 vel
1599 1853 1719 1893 aliquid
1731 1853 1828 1891 aliud,

1059 1907 1203 1948 disponat
1217 1908 1256 1939 ad
1271 1908 1421 1948 gratiam.

1099 1963 1127 1991 ΕΞ.
1146 1961 1236 1999 Item,
1249 1961 1275 1992 si
1292 1964 1339 1992 est
1353 1961 1393 1992 ad
1408 1959 1658 2001 disponendum,
1675 1959 1831 1999 quaeritur

1059 2024 1139 2054 ergo
1154 2015 1192 2046 ad
1208 2015 1285 2055 quid
1300 2015 1445 2054 disponat
1461 2023 1469 2044 :
1487 2014 1512 2044 si
1527 2013 1565 2044 ad
1581 2013 1737 2053 gratiam,
1751 2012 1830 2044 Con-

1059 2070 1130 2098 tra:
1151 2067 1256 2098 Gratia
1282 2067 1420 2098 habetur
1448 2067 1481 2097 in
1507 2066 1664 2106 baptismo
1692 2065 1832 2096 flaminis

1058 2121 1125 2151 sine
1139 2120 1319 2151 charactere
1341 2131 1347 2151 ε
1370 2129 1450 2159 ergo
1472 2128 1536 2150 non
1557 2119 1741 2158 indigemus
1766 2117 1832 2149 dis-

1058 2173 1212 2214 positione
1228 2173 1342 2204 media.

1099 2228 1128 2257 3.
1146 2226 1223 2256 Item
1239 2226 1342 2265 gratia
1357 2225 1467 2256 unitur
1483 2223 1598 2264 gloriae
1617 2225 1686 2256 sine
1701 2224 1833 2264 disposi-

1059 2279 1141 2310 tione
1173 2278 1299 2309 media:
1321 2287 1400 2318 ergo
1418 2277 1544 2309 videtur
1573 2277 1719 2309 similiter
1747 2277 1832 2318 quod

1058 2334 1174 2363 natura
1206 2332 1336 2362 uniatur
1373 2332 1487 2371 gratiae
1523 2332 1590 2362 sine
1629 2330 1833 2372 dispositione

1059 2385 1177 2426 praevia
1195 2395 1201 2416 :
1219 2393 1298 2424 ergo
1314 2393 1377 2415 non
1393 2386 1439 2415 est
1453 2384 1629 2415 necessaria
1649 2384 1711 2415 alia
1725 2383 1832 2423 dispo-

1058 2439 1143 2470 sitio.

1057 2502 1089 2525 lv
1105 2501 1183 2530 Sena,
1210 2500 1266 2524 illst.
1288 2506 1322 2529 vl,
1338 2508 1362 2532 q.
1383 2506 1427 2530 xi;
1450 2501 1540 2525 Thom.
1562 2501 1675 2531 Argeut.,
1697 2498 1726 2522 tv
1751 2498 1810 2521 Sene
1824 2516 1832 2528 ,

1057 2536 1113 2560 dist.
1129 2542 1161 2564 vi,
1179 2543 1202 2566 q.
1219 2542 1236 2565 1,
1250 2539 1297 2559 art.
1313 2537 1343 2564 33
1360 2536 1448 2566 Steph.
1463 2535 1565 2565 Brulef.,
1584 2534 1614 2558 lV
1629 2534 1707 2563 Sent.‚
1720 2533 1777 2557 dist.
1792 2538 1828 2561 Vt,

1057 2579 1081 2602 q.
1098 2577 1133 2601 11;
1153 2573 1218 2595 Petr.
1233 2571 1263 2594 de
1279 2572 1391 2602 Tarant„
1406 2572 1436 2595 IV
1450 2572 1530 2602 Sem„
1544 2571 1603 2599 dist,
1619 2576 1643 2600 v,
1659 2575 1684 2600 q.
1699 2575 1739 2599 v13
1755 2568 1830 2592 Gabr.

1057 2606 1130 2637 Biel..
1147 2607 1179 2630 tV
1194 2607 1273 2637 sent„
1288 2605 1346 2630 dist.
1363 2612 1400 2637 vi,
1414 2613 1439 2637 q.
1456 2612 1474 2629 1.
