2017 2948
54 1177 157 1199 Fundam.

581 141 678 173 DIST.
703 141 752 173 lv.
776 141 892 172 PART.
915 140 940 170 11

174 212 247 240 actu
260 211 325 240 tuae
339 209 529 240 voluntatis:
542 208 596 239 sed
611 208 762 248 parvulus
777 208 863 239 hunc
877 216 942 238 non

176 263 272 294 habet
290 273 297 293 :
314 271 392 301 ergo
406 271 470 292 non
484 263 584 301 potest
592 261 770 301 justificari.

214 319 243 347 3.
260 316 338 346 Item
367 315 515 346 voluntas
539 314 663 353 parvuli
687 323 750 345 non
773 316 939 344 mutatur:

173 378 251 408 ergo
266 377 389 408 semper
404 377 438 398 se
459 368 553 397 habet
574 367 775 398 uniformiter
798 369 941 406 respectu

174 422 307 461 gratiae:
323 420 377 451 sed
401 420 482 450 Deus
496 428 620 459 semper
635 422 762 459 paratus
780 422 827 450 cst
841 420 915 450 dare
933 431 939 450 :

173 483 250 514 ergo
270 473 353 514 qnod
376 472 469 503 modo
495 472 563 510 dat,
589 472 683 503 modo
704 482 784 510 non,
810 473 869 503 hoc
897 475 943 503 est

174 531 301 568 propter
316 527 525 558 mutationem
540 527 572 557 in
591 527 753 557 voluntate
767 526 942 566 suscipien-

176 581 215 611 tis
233 590 239 609 :
256 589 334 620 ergo
350 580 376 610 si
392 580 424 610 in
440 579 574 619 parvulo
588 588 651 610 non
665 582 809 610 mutatur
823 580 941 609 volun-

173 636 230 671 tas,
243 642 306 664 non
317 633 425 673 recipit
439 642 518 663 rem.
536 632 568 663 Si
581 632 676 670 dieas,
689 632 774 672 quod
789 632 943 672 parvulus

173 686 349 725 disponitur
372 694 436 716 non
458 688 530 716 actu
551 695 626 724 suo,
647 685 700 716 sed
725 685 786 715 tide
806 685 941 716 offeren-

173 738 272 776 tIum;
288 738 402 769 Contra
417 749 424 768 :
441 737 514 769 Esto
537 738 623 778 quod
643 737 687 768 illi
704 739 807 768 essent
828 738 941 769 infide-

172 791 227 828 les,
243 794 319 822 tunc
333 800 413 830 ergo
428 791 581 831 parvulus
597 791 812 822 damnaretur.

211 846 242 874 4.
262 843 339 874 Item
355 843 387 873 in
402 845 597 874 sacramento
612 843 802 882 significatio
817 846 941 874 antece-

172 896 216 927 dit
229 896 508 927 sanctificationem
526 907 532 926 z
550 905 627 935 ergo
648 905 713 927 non
728 896 883 927 existente
899 897 943 926 si-

172 949 392 988 gnificatione,
408 958 474 979 non
488 951 535 979 est
551 949 755 979 sanctificatio
772 960 779 978 :
798 949 852 979 sed
869 958 942 988 par-

172 1001 248 1032 vulo
264 1003 496 1031 sacramentum
510 1010 574 1031 non
590 1001 760 1039 significat,
771 1001 847 1040 quia
863 1002 942 1032 nihil

172 1054 246 1084 facit
260 1054 292 1084 in
312 1053 506 1084 intellectum
524 1055 593 1093 ejus
613 1053 722 1084 venire
738 1062 748 1083 :
767 1063 844 1092 ergo
870 1063 940 1093 par-

173 1107 285 1137 vulum
300 1116 365 1136 non
379 1106 561 1136 sanctificat.

213 1159 272 1190 Sed
297 1162 406 1189 contra
433 1170 439 1189 :
467 1159 569 1198 Magis
590 1162 741 1190 consonat
771 1161 883 1191 rationi
912 1164 942 1192 et

172 1212 292 1252 pietati,
307 1212 389 1250 quod
404 1212 539 1243 conditio
557 1213 764 1252 parvulorum
790 1214 888 1253 possit
902 1215 941 1244 ab

172 1265 279 1305 aliquo
289 1265 397 1304 juvari
411 1289 418 1303 ,
436 1275 530 1304 quam
554 1265 626 1296 laedi
642 1275 649 1295 ε
667 1266 718 1296 sed
736 1267 859 1305 parvuli
875 1268 941 1298 sine

173 1327 230 1348 suo
247 1327 401 1348 consensu
413 1321 544 1357 possunt
557 1318 682 1348 trahere
693 1320 723 1347 et
737 1318 867 1349 trahunt
878 1319 941 1349 cul-

173 1381 245 1411 pam
260 1382 266 1402 :
283 1381 363 1410 ergo
378 1371 478 1402 multo
498 1372 601 1410 magis
616 1373 765 1411 gratiani.

215 1423 290 1454 Item
305 1425 313 1441 ¹
332 1435 338 1454 ι
354 1425 412 1455 Per
428 1432 524 1454 mmm
540 1424 698 1456 liomz‘neiiz
712 1429 873 1463 peccatum
889 1427 939 1457 ῖη-

173 1478 273 1508 trarit
296 1478 332 1508 z'n
357 1477 523 1515 mnndum,
542 1481 571 1509 et
587 1486 644 1517 ptri·
670 1486 765 1508 mium
784 1479 871 1511 vita:
888 1488 942 1517 per

174 1529 273 1559 Adam
287 1533 460 1569 peccatum,
474 1539 529 1569 per
545 1529 702 1560 Christum
716 1531 780 1560 vita
791 1542 797 1561 z
809 1531 861 1560 seii
878 1540 940 1561 non

174 1586 220 1613 est
235 1583 341 1613 minus
354 1585 465 1622 potens
485 1583 643 1619 Chi-isim,
663 1592 761 1622 quam
781 1583 893 1620 Adam,
912 1586 942 1614 et

173 1636 277 1674 gratia
290 1635 396 1674 magis
411 1645 443 1666 se
461 1636 609 1666 diffundit
619 1645 715 1675 quam
730 1637 822 1676 culpa
840 1648 846 1667 ε
864 1646 940 1675 ergo

173 1683 198 1718 s'i
213 1688 314 1719 Adam
330 1688 430 1728 potuit
446 1689 529 1728 ipsos
549 1689 662 1720 vitiare
681 1690 749 1720 sine
771 1700 938 1729 consensu,

170 1741 270 1772 multo
289 1742 395 1780 magis
416 1742 539 1772 salvare
562 1752 614 1772 eos
635 1743 735 1782 potnit
760 1752 941 1774 sacramen-

171 1796 239 1825 tum
251 1795 376 1825 Christi.

212 1848 288 1878 Item
305 1847 409 1878 onmis
421 1847 597 1886 suscipiens
612 1851 859 1886 sacramentum,
875 1859 941 1880 sus-

171 1900 244 1940 cipit
257 1909 326 1931 rem
336 1925 343 1938 ,
358 1900 419 1930 nisi
437 1900 550 1930 habeat
565 1900 762 1931 obstaculum
776 1912 783 1931 :
799 1903 852 1932 sed
866 1912 939 1942 par-

171 1953 266 1984 vulus
287 1953 414 1992 suscipit
436 1955 686 1991 sacramentum,
707 1956 736 1984 et
763 1963 826 1984 non
847 1955 942 1986 habet

171 2006 386 2044 obstaculum,
408 2006 483 2045 qnia
507 2006 653 2036 voluntas
675 2015 739 2037 non
768 2011 937 2048 repugnat,

171 2068 228 2089 nec
242 2058 335 2098 culpa
348 2060 448 2098 potest
464 2058 608 2089 resistere
626 2070 632 2089 :
649 2068 739 2097 ergo,
757 2062 815 2090 etc.

438 2151 664 2182 CttNCLUSlO.

173 2220 285 2246 Parvuli
303 2220 435 2254 baptizati
454 2222 586 2255 recipiunt
601 2228 655 2247 rem
668 2223 845 2255 sacramenti,
860 2223 891 2249 id
903 2225 940 2249 est

207 2265 385 2291 remissionem
403 2266 506 2298 peccati
523 2266 666 2298 ori'qinati‘s
703 2267 796 2292 merito
807 2268 941 2301 passionis

209 2308 320 2341 Christi,
334 2308 399 2342 fidet
413 2309 515 2342 alcenae,
532 2311 554 2336 ct
569 2311 668 2336 virtute
680 2312 849 2337 sacramenti.

213 2376 306 2416 Resp.
321 2376 360 2407 ad
379 2386 449 2416 arg.
469 2377 638 2409 Dicendum
654 2380 737 2419 quod
754 2380 878 2420 parvuli
893 2391 940 2412 rc-

172 2429 293 2470 cipiunt
313 2438 381 2460 rem
404 2431 694 2471 sacramenti‚quae
723 2435 770 2463 est
797 2434 939 2465 remissio

206 2487 212 2502 ¹
231 2487 310 2515 Rom„
331 2491 356 2510 v.
378 2488 415 2516 ¹2,
437 2487 475 2510 17.
492 2500 522 2504 —
544 2488 554 2503 ²
573 2487 612 2517 Cf.
633 2488 785 2520 menardus,
808 2491 838 2514 tv
860 2492 939 2522 sent„

173 2521 230 2545 dist.
247 2527 280 2550 w,
296 2528 320 2553 q.
337 2522 572 2553 1;steph.uruier.‚
588 2524 701 2555 tVSeut.,
712 2525 768 2549 dist.
785 2532 820 2555 ιν,
836 2534 860 2557 q.
875 2533 938 2557 x1113

173 2557 261 2581 Petrus
276 2557 307 2581 de
320 2558 433 2587 Tarant.‚
448 2558 477 2581 tV
495 2559 562 2588 Sent,
577 2558 634 2583 dist.
650 2564 684 2588 iv,
697 2567 722 2590 q.
736 2566 764 2584 ιι.

204 2596 238 2626 (ιι)
252 2597 310 2621 Caet.
326 2596 386 2620 edit.
398 2597 462 2622 haec.

945 163 953 170 .
977 138 1067 170 ART.
1092 139 1130 170 ΙΙ.
1155 140 1305 177 QUAEST.
1327 143 1365 174 11.

1709 150 1762 179 351

999 205 1100 246 culpae
1129 207 1313 246 originalis;
1333 211 1364 239 et
1384 209 1444 241 hoc
1471 212 1583 243 merito
1611 214 1767 252 passionis

999 258 1123 297 Christi,
1134 262 1164 290 et
1173 260 1286 291 atienae
1295 261 1379 299 fidei,
1389 264 1420 293 et
1433 263 1551 295 virtute
1565 267 1765 298 sacramenti.

998 310 1036 341 Et
1049 312 1130 342 ratio
1146 312 1242 352 hujus
1253 316 1309 352 est,
1324 316 1393 345 tum
1408 316 1531 347 ratione
1546 318 1664 349 divinae
1675 320 1766 351 mise-

998 364 1152 403 ricordiae‚
1170 368 1240 397 tum
1254 368 1375 398 ratione
1391 378 1458 399 suae
1473 370 1678 411 impotentiae,
1696 376 1765 404 tum

998 417 1118 448 ratIOne
1132 419 1203 450 talis
1217 420 1330 460 culpae.
1343 421 1422 458 Quia
1437 423 1522 453 enim
1535 433 1590 463 per
1602 428 1708 455 actum
1724 426 1767 456 al-

997 470 1097 501 terius
1108 471 1167 502 suit
1180 472 1272 512 culpa
1287 476 1459 513 contrat-ta,
1478 478 1508 506 et
1524 476 1582 516 ipsi
1597 487 1662 508 non
1677 481 1765 517 pote-

998 526 1069 553 rant
1085 534 1117 555 se
1132 525 1295 564 adiuvare,
1312 527 1489 559 misericors
1497 529 1577 560 Dens
1585 539 1767 570 congruum

999 578 1155 615 reputavit
1163 578 1208 608 eis
1217 588 1274 618 per
1284 579 1382 610 alium
1401 581 1574 613 subveniri.
1593 582 1673 620 Quia
1683 585 1767 614 enim

998 638 1055 668 pro
1070 630 1123 660 illa
1143 632 1236 672 culpa
1250 634 1360 665 nullus
1375 636 1552 668 satisfacere
1571 640 1694 677 poterat
1708 648 1768 679 pu-

998 690 1053 712 rus
1068 682 1164 714 homo
1175 708 1182 721 ‚
1200 685 1269 717 ideo
1293 687 1443 719 subvenit
1460 689 1539 720 Deus
1555 691 1609 721 toti
1626 691 1767 723 humano

999 736 1110 772 generi
1134 746 1190 776 per
1215 740 1392 778 passionem
1417 741 1541 774 Christi.
1567 743 1606 774 Et
1628 754 1739 776 rursus
1759 755 1767 776 ε

999 786 1078 824 Quia
1092 790 1197 829 passio
1211 791 1360 823 effectum
1384 803 1446 825 non
1463 795 1558 826 habet
1575 797 1636 827 nisi
1651 798 1683 828 in
1698 798 1766 836 hiS‚

998 838 1053 876 qui
1066 840 1178 871 volunt
1192 842 1260 872 fieri
1284 845 1428 875 membra
1443 846 1575 886 Christi,
1589 850 1621 879 et
1635 857 1768 880 consen-

998 890 1098 930 tiunt⁷
1119 896 1150 924 et
1170 894 1231 925 hoc
1255 905 1320 927 non
1339 900 1461 936 poterat
1486 901 1640 938 parvulus
1667 902 1767 940 velle;

998 942 1067 974 ideo
1084 945 1232 977 subvenit
1241 948 1269 978 ei
1280 949 1437 988 voluntas,
1447 954 1477 982 et.
1491 952 1569 983 fides
1582 953 1696 985 aliena.
1709 954 1769 985 Sed

998 997 1071 1035 quia
1087 999 1164 1029 fides
1181 1001 1329 1033 subvenit
1344 1005 1531 1043 profitendo,
1548 1008 1578 1037 et
1593 1007 1651 1038 hoc
1667 1008 1705 1047 (a)
1724 1011 1770 1038 est

998 1049 1032 1080 in
1061 1056 1257 1085 sacramento
1268 1078 1275 1092 ‚
1304 1056 1360 1086 ubi
1394 1060 1440 1088 est
1472 1059 1623 1098 professio
1657 1062 1768 1093 mortis

998 1102 1110 1134 Christi
1132 1105 1165 1135 in
1188 1107 1297 1146 signo3
1322 1109 1391 1140 ideo
1413 1111 1562 1143 subvenit
1586 1123 1642 1153 per
1662 1124 1769 1146 sacra-

998 1158 1151 1188 mentum.
1169 1158 1241 1189 Tria
1257 1170 1334 1200 ergo
1351 1165 1426 1193 sunt.
1441 1164 1638 1204 disponentia
1653 1176 1770 1206 parvu-

997 1207 1064 1238 lum
1083 1210 1122 1240 ad
1137 1211 1269 1242 sulutem
1286 1225 1292 1243 ε
1309 1215 1449 1253 primum
1464 1220 1509 1247 est
1520 1219 1624 1257 passio
1637 1220 1765 1259 Christi;

998 1263 1182 1301 secundum,
1193 1265 1270 1295 fides
1281 1267 1393 1303 aliena,
1405 1269 1518 1299 scilicet
1532 1270 1692 1311 Ecclesiae;
1706 1277 1767 1305 ter-

997 1314 1078 1344 tium
1094 1325 1169 1347 veio
1190 1321 1217 1347 et
1239 1319 1457 1352 immediatum
1478 1326 1524 1353 est
1543 1325 1645 1356 virtus
1661 1336 1768 1358 sacra-

998 1369 1106 1405 menti,
1120 1378 1192 1408 quae
1211 1371 1421 1404 characterem
1447 1376 1610 1415 imprimit,
1631 1380 1706 1418 quia
1730 1381 1767 1411 ad

997 1421 1133 1458 gratiiun
1147 1423 1294 1463 disponit.
1314 1426 1351 1456 Et
1367 1436 1422 1466 per
1436 1428 1493 1459 boc
1512 1433 1619 1468 patent
1633 1432 1765 1471 objecta.

1038 1477 1133 1506 1-2-3.
1150 1476 1229 1506 Nam
1241 1479 1380 1517 primuni
1397 1481 1588 1521 intelligitur
1603 1485 1768 1524 dejustifi·

996 1528 1116 1558 catione
1139 1538 1157 1559 a
1175 1530 1268 1570 culpa
1282 1534 1360 1568 acta,
1378 1542 1441 1563 non
1464 1538 1636 1574 contrat-tm
1655 1548 1767 1570 secun-

996 1580 1074 1610 dum
1089 1582 1233 1613 similiter
1248 1586 1346 1623 patet3
1365 1588 1395 1616 et
1410 1587 1550 1626 tertium,
1566 1590 1641 1629 quia
1657 1601 1769 1631 parvu-

996 1633 1045 1663 lus
1058 1643 1121 1664 non
1136 1635 1312 1675 disponitur
1331 1640 1508 1670 secundum
1531 1645 1636 1673 actum
1659 1654 1766 1683 sunm,

996 1687 1049 1717 sed
1064 1687 1217 1726 alienum,
1235 1690 1309 1729 quia
1330 1691 1438 1723 divina
1461 1694 1675 1727 misericordia
1697 1699 1769 1729 aile-

997 1748 1071 1770 nam
1086 1741 1281 1773 voluntatem
1297 1744 1354 1774 sibi
1372 1747 1532 1785 propriam
1547 1751 1684 1788 reputat.

1036 1794 1065 1822 4,
1081 1793 1128 1823 Ad
1143 1797 1293 1834 quartum
1307 1797 1475 1829 dicendum
1491 1802 1576 1840 quod
1590 1812 1767 1835 sacramen-

996 1849 1080 1884 tum,
1097 1850 1254 1886 quantum
1269 1852 1315 1880 est
1335 1850 1373 1880 de
1394 1860 1444 1889 se,
1464 1861 1589 1893 semper
1608 1855 1768 1894 significat

996 1902 1026 1930 et
1041 1901 1231 1938 sanctificam
1247 1903 1299 1933 sed
1316 1905 1419 1935 tamen
1432 1905 1463 1935 in
1478 1907 1613 1945 parvulo
1628 1918 1692 1940 non
1708 1910 1766 1941 ha-

996 1953 1048 1983 bet
1057 1953 1205 1984 eflectum
1216 1955 1376 1994 signandi,
1389 1958 1441 1987 sed
1453 1960 1680 2000 sanctificandi,
1693 1964 1768 2003 quio.

996 2015 1060 2036 non
1080 2008 1126 2036 est
1150 2016 1251 2047 capax
1272 2009 1443 2048 doctrinae,
1465 2014 1512 2042 est
1539 2015 1644 2044 tamen
1668 2024 1767 2056 capax

996 2059 1120 2097 gratiae,
1136 2061 1216 2091 sicut
1238 2064 1269 2092 et
1283 2063 1405 2102 culpae:
1423 2067 1453 2095 et
1473 2065 1533 2096 hoc
1549 2070 1596 2098 est
1613 2077 1652 2098 ex
1671 2069 1768 2109 largi-

995 2113 1058 2142 tate
1068 2113 1185 2144 divinae
1195 2115 1418 2148 misericordiae
1430 2128 1436 2148 ε
1450 2121 1598 2158 quamvis
1609 2122 1693 2152 enim
1704 2132 1767 2153 non

995 2164 1152 2204 significet
1163 2168 1308 2206 parvulo,
1322 2171 1425 2200 tamon
1436 2171 1506 2201 aliis
1518 2173 1676 2211 significat
1691 2184 1767 2214 gra-

995 2218 1083 2256 tiam,
1101 2228 1197 2258 quam
1215 2221 1325 2252 tribuit
1338 2224 1485 2262 parvulo.

1245 2337 1448 2374 QUAESTIO
1477 2341 1518 2373 11.

1034 2416 1080 2442 An
1096 2417 1208 2450 parvuli
1226 2419 1255 2444 z'n
1275 2419 1407 2453 baptismo
1426 2422 1559 2456 recipiant
1575 2423 1653 2457 plene
1670 2431 1725 2451 rem

1285 2467 1443 2492 sacramenti
1457 2465 1477 2492 ².

1035 2538 1147 2571 Utrum
1166 2543 1290 2581 parvuli
1312 2544 1465 2584 recipiant
1489 2546 1581 2585 plene
1603 2557 1687 2588 rem,
1705 2549 1765 2582 hoc
1782 2569 1817 2591 Ad
1834 2575 1885 2598 opp,

993 2595 1040 2623 est
1051 2594 1191 2632 gratiam
1201 2604 1273 2626 cum
1282 2595 1443 2628 habitibus
1453 2598 1609 2632 virtutum
1620 2613 1627 2639 ;
1640 2604 1671 2634 et
1679 2605 1764 2644 quod
