2017 2948
594 163 690 194 DIST.
713 162 794 193 VIII.
816 161 932 193 PART.
958 161 980 191 l.
1005 160 1093 192 ART.
1118 161 1140 191 I.
1165 160 1300 198 QUAEST
1323 161 1346 191 I.

177 233 337 274 praecessit
353 232 584 263 sacramentum
605 229 726 267 altaris,
745 229 829 268 quod
849 229 945 259 habe-

177 290 225 318 ret
239 288 308 326 eJus
327 285 503 316 remed1um
520 294 526 313 :
544 292 621 321 ergo
636 282 695 312 hoc
715 284 946 312 sacramentum

179 343 223 371 est
238 340 304 370 sine
320 340 437 377 figura.

451 447 673 480 CONCLUSIO.

180 538 359 564 Eucharistioe
380 538 574 562 sacramentum
599 535 653 567 fuit
670 534 872 568 praefiguratum
895 535 949 559 tum

216 581 398 614 difficultatis,
415 582 469 606 tum
484 579 629 612 diynitatz‘s
644 585 696 604 suoe
710 579 825 609 ratione,
843 584 899 603 cum
915 577 949 603 sit

216 625 309 651 <Ionum
325 624 584 651 excellentissimum.

223 713 313 752 Resp.
330 712 367 742 ad
383 720 453 749 arg.
470 710 641 741 Dicendum
656 708 741 748 quod
759 708 837 738 illud
852 715 951 737 sacra-

184 768 328 796 mentum
344 765 587 804 praefiguratum
614 764 678 799 est,
704 764 734 792 et
748 761 951 801 praefigurari

182 818 289 848 debuit
304 820 373 847 tum
388 817 507 847 ratione
523 824 589 846 suae
610 815 773 854 dignitatis
784 838 792 851 ‚
814 816 882 844 tum
896 822 951 843 ra-

181 872 266 902 tione
294 870 496 900 difficultatis.
520 869 651 899 Ratione
676 867 859 906 dignitatis,
877 866 952 906 quia

183 924 389 963 praedicatum
402 926 432 953 et
442 924 643 962 expectatum
654 923 722 951 erat
736 921 818 951 sicut
832 920 952 950 donum

184 977 237 1007 Dei
265 976 564 1007 excellentissimum
587 986 592 1004 ε
617 975 686 1005 ideo
711 974 826 1011 figurae
854 973 953 1011 hujus

182 1029 370 1059 sacramenti
394 1029 507 1068 praeire
529 1028 722 1062 debuerunt,
742 1029 778 1056 ut
797 1028 828 1056 et
850 1025 882 1055 in
903 1025 953 1054 his

183 1082 412 1121 praefnlciretur
428 1081 600 1121 expectatio
620 1079 782 1117 fidelium,
801 1081 832 1109 et
846 1078 952 1117 digni-

182 1138 229 1165 tas
243 1135 341 1173 hujus
357 1134 543 1164 sacramenti
559 1133 708 1163 famosior
722 1133 951 1163 ostenderetur.

183 1187 270 1219 Unde
291 1188 471 1226 figurarum
494 1187 669 1226 praemissi0
686 1195 750 1216 non
775 1185 833 1215 fuit
848 1185 952 1221 aliud,

183 1250 279 1280 quam
300 1241 393 1271 famae
411 1242 479 1279 ejus
500 1239 688 1278 divulgatio.
715 1239 846 1269 Ratione
870 1238 953 1268 diffi-

183 1294 327 1330 cultatis,
344 1294 419 1333 quia
442 1294 501 1323 hoc
525 1293 607 1322 inter
629 1294 826 1322 sacramenta
842 1293 955 1321 caetera

183 1349 229 1376 est
254 1346 473 1376 difficillimum
495 1345 533 1375 ad
558 1345 770 1381 credendum,
788 1344 852 1373 imo
876 1344 956 1373 inter

184 1402 297 1430 caetera
310 1398 475 1437 vcredibilia
493 1408 499 1428 :
518 1399 586 1429 ideo
610 1398 788 1428 debuerunt
812 1397 956 1426 homines

184 1453 221 1483 ad
239 1452 297 1483 hoc
311 1452 471 1482 assuefieri
486 1452 623 1491 quadam
645 1451 823 1489 figurarum
840 1459 955 1480 manu-

185 1505 342 1536 ductione.

226 1562 255 1590 1.
272 1558 320 1589 Ad
343 1558 421 1588 illud
446 1557 530 1597 quod
552 1557 701 1596 obJ'Icitur
716 1556 819 1595 primo
834 1556 867 1585 in
882 1565 956 1586 con--

186 1612 336 1649 trarium,
352 1611 437 1651 quod
453 1610 537 1649 signi
552 1619 617 1640 non
633 1612 679 1640 est
693 1609 834 1648 signum,
851 1609 959 1640 dicen—

187 1665 264 1695 dum
291 1664 374 1704 quod
401 1663 485 1693 istud
511 1663 643 1701 signum
668 1662 764 1692 habet
792 1662 959 1692 veritatem

187 1719 400 1757 conjunctam.
418 1715 508 1747 Unde
523 1725 588 1746 non
603 1718 727 1745 tantum
743 1717 789 1745 est
804 1715 935 1753 signum
949 1739 957 1753 ,

189 1771 241 1800 sed
264 1770 359 1801 etiam
384 1769 505 1800 ratione
528 1768 689 1807 conjuncti
712 1770 758 1798 est
774 1769 890 1798 veritas
906 1779 913 1799 ι
931 1771 961 1798 et

191 1823 343 1862 quoniam
358 1822 500 1853 veritatis
520 1824 621 1860 potest
642 1830 708 1851 esse
728 1822 860 1859 signum
875 1824 905 1851 et
920 1822 960 1851 {1-

190 1885 273 1914 gura
286 1899 294 1913 ,
312 1876 380 1905 ideo
405 1876 675 1904 sacramentorum
699 1883 792 1904 novae
808 1874 889 1912 legis
906 1883 961 1913 po-

192 1931 250 1959 test
262 1938 329 1959 esse
340 1928 471 1966 signum
488 1930 518 1957 et
532 1928 648 1965 figura,
661 1929 691 1957 et
700 1927 840 1957 maxime
851 1927 959 1966 hujus.

231 1985 259 2013 2.
278 1982 326 2013 Ad
348 1982 424 2012 illud
448 1980 534 2020 quod
559 1980 707 2019 objicitur
731 1980 767 2010 de
792 1981 960 2012 confirma-

192 2037 276 2067 tione
286 2038 316 2066 et
326 2038 469 2066 extrema
483 2034 635 2065 unctione
645 2057 653 2072 ‚
665 2033 882 2073 multipliciter
894 2043 960 2064 resm

193 2089 359 2130 pondetur.
376 2088 509 2125 Quidam
530 2087 616 2118 enim
636 2086 764 2125 dicunt,
787 2087 872 2127 quod
892 2096 961 2117 om-

193 2144 245 2173 nia
260 2144 456 2172 sacramenta
471 2141 503 2171 in
520 2140 619 2171 veteri
633 2140 706 2179 lege
719 2141 794 2170 sunt
808 2141 962 2180 praefigu-

195 2197 276 2232 rata,
295 2194 444 2235 quoniam
462 2196 530 2224 rota
553 2195 620 2224 erat
642 2194 674 2223 in
697 2195 766 2224 rota
790 2193 821 2223 in
842 2194 964 2225 visione

197 2247 368 2279 Ezechielis
391 2248 411 2278 ¹.
436 2247 473 2278 Et
497 2247 580 2286 quod
605 2246 752 2286 objicitur
778 2246 816 2277 de
839 2247 964 2278 duobus

196 2300 417 2337 sacramentis,
440 2300 568 2331 solvunt
591 2309 646 2339 per
668 2300 962 2339 interemptionem,

197 2353 348 2394 quoniam
362 2355 425 2383 tres
437 2353 600 2383 unctiones
612 2353 694 2392 legis
709 2362 801 2384 novat
816 2354 966 2393 praefigu-

198 2409 274 2436 ratze
291 2407 364 2436 sunt
384 2415 440 2445 per
456 2408 518 2436 tres
535 2406 699 2436 unctiones
720 2406 817 2437 David
828 2408 850 2445 ²,
871 2410 901 2437 et
924 2408 967 2437 ita

198 2468 254 2499 per
270 2458 545 2498 interemptionem
565 2458 764 2498 respondent.
782 2459 842 2490 Alii
857 2460 967 2490 dicunt

199 2513 289 2544 aliter
300 2537 309 2551 ,
331 2513 414 2553 quod
442 2512 495 2543 illa
523 2514 718 2543 sacramenta
745 2522 810 2543 non
838 2513 968 2545 fuerunt

233 2593 587 2621 ¹E:ech.,1,1c›;x.io.-
603 2593 633 2615 ⁸1
653 2592 719 2622 Rom,
735 2594 968 2624 xvi‚13;11Req.‚

202 2634 229 2659 ιι,
249 2631 270 2659 ’.;
288 2635 311 2658 x',
328 2630 350 2652 15.
363 2643 392 2647 -
410 2630 440 2659 (τι)
456 2628 542 2659 Suppl.
560 2628 623 2659 les-5⁶¹.

302 2682 376 2704 rom.
400 2682 432 2704 v.

1711 162 1768 190 417

1002 228 1207 267 praefigurata
1238 229 1365 267 propter
1399 237 1490 258 suam
1519 227 1741 267 perfectionem
1758 237 1767 265 3

1003 281 1085 311 unde
1107 280 1308 319 distinguunt
1327 280 1387 310 tria
1412 289 1531 318 genera
1553 281 1771 310 sacramento-

1003 343 1087 364 rum.
1107 333 1259 371 Quaedam
1283 333 1367 363 enim
1389 335 1463 363 sunt
1486 342 1653 372 suprema,
1670 335 1706 363 ut
1720 331 1773 362 illa

1004 397 1076 427 quae
1095 387 1171 418 dant
1194 387 1330 426 gratiam
1354 386 1542 426 perfectam,
1559 386 1611 417 vel
1632 385 1671 416 ad
1686 394 1771 425 pug-

1004 440 1144 470 nandum
1154 463 1163 477 ,
1177 440 1228 470 vel
1243 439 1281 470 ad
1299 439 1527 478 egrediendum
1540 450 1547 476 ;
1561 440 1591 469 et
1606 439 1679 469 talia
1700 440 1774 469 sunt

1004 493 1200 524 confirmatio
1211 517 1220 531 ,
1237 495 1268 523 et
1282 494 1424 523 extrema
1438 492 1561 530 unctio,
1579 500 1652 531 quae
1667 491 1705 522 de
1720 500 1773 521 ra-

1004 547 1089 577 tione
1105 557 1162 577 sua
1177 547 1400 587 perfectionem
1417 546 1527 577 dicunt
1548 556 1554 576 :
1577 548 1608 576 et
1622 545 1773 585 quoniam

1005 601 1056 631 lex
1072 602 1232 631 neminem
1253 601 1292 631 ad
1307 600 1479 640 perfectum
1496 600 1602 637 duxit,
1621 599 1690 630 ideo
1704 598 1774 629 haec

1005 653 1068 684 duo
1097 656 1171 684 sunt
1198 654 1324 693 propria
1356 663 1449 685 novae
1484 653 1574 692 legis.
1601 652 1671 683 Alia
1700 654 1776 683 sunt

1005 708 1095 746 quasi
1115 707 1235 744 media,
1255 716 1328 747 quae
1345 707 1483 746 gratiam
1502 715 1654 745 magnam
1678 706 1773 737 dant:

1006 762 1075 792 ideo
1099 762 1255 801 pertinent
1279 762 1317 792 ad
1342 762 1449 800 legem
1479 770 1596 792 novam
1616 771 1622 791 :
1648 762 1775 798 tamen,

1007 815 1082 854 quia
1097 823 1161 845 non
1177 815 1286 845 dicunt
1302 815 1540 854 perfectionem,
1557 816 1688 853 possunt
1699 822 1778 853 prae-

1007 868 1134 907 signata
1150 877 1217 899 esse
1240 868 1274 898 in
1288 868 1387 898 veteri
1402 867 1602 898 Testamento
1620 878 1626 897 :
1644 869 1674 898 et
1688 867 1775 905 haec,

1008 924 1043 952 ut
1057 922 1183 959 dicunt,
1209 923 1283 951 sunt
1306 921 1384 959 duo,
1407 920 1524 951 scilicet
1538 920 1713 960 baptismus
1724 944 1733 957 ,
1750 922 1781 950 et

1009 974 1215 1005 Eucharistia.
1240 974 1391 1010 Quaedam
1412 976 1486 1004 sunt
1509 974 1638 1011 infima,
1655 975 1692 1004 ut
1712 982 1782 1004 ma-

1008 1028 1196 1058 trimonium
1210 1052 1218 1065 ‚
1244 1028 1341 1064 ord0‚
1368 1029 1398 1058 et
1421 1026 1604 1067 poenitentia
1627 1036 1634 1057 :
1659 1029 1689 1057 et
1712 1026 1781 1057 haec

1010 1090 1073 1112 non
1088 1083 1163 1111 sunt
1178 1081 1322 1121 propria,
1338 1081 1403 1112 imo
1424 1080 1622 1119 communia3
1640 1089 1696 1110 nec
1713 1082 1782 1110 tan-

1010 1136 1079 1164 tum
1094 1134 1301 1173 praefigurata
1313 1157 1320 1171 ‚
1338 1133 1402 1164 imo
1420 1133 1566 1164 inchoata
1577 1157 1585 1171 ‚
1604 1134 1634 1163 et
1650 1133 1683 1163 in
1698 1141 1782 1164 nova

1013 1187 1050 1225 (a)
1066 1187 1211 1225 perfecta.
1225 1186 1344 1217 Tamen
1355 1186 1504 1226 praeferre
1514 1186 1575 1216 alia
1586 1187 1783 1216 sacramenta

1011 1239 1134 1270 dnobus
1149 1249 1221 1279 quae
1236 1240 1444 1278 praefigurata
1459 1241 1542 1276 sunt,
1555 1238 1682 1270 videtur
1691 1238 1783 1270 valde

1012 1292 1185 1323 absurdum
1197 1316 1204 1329 ,
1222 1301 1295 1323 cum
1312 1292 1374 1322 sint
1395 1292 1465 1323 haec
1480 1292 1544 1322 duo
1567 1294 1782 1330 sacramenta,

1013 1345 1146 1382 scilicet,
1165 1345 1341 1384 baptismus
1361 1347 1391 1375 et
1412 1345 1620 1382 eucharistia,
1637 1344 1783 1375 famosis—

1013 1399 1104 1428 sima.
1121 1398 1158 1428 Et
1174 1399 1242 1429 ideo
1257 1399 1346 1428 aliter
1363 1398 1551 1435 dicendum,
1569 1398 1653 1438 quod
1676 1406 1786 1437 quam-

1013 1452 1062 1482 vis
1088 1452 1195 1481 omnia
1219 1451 1325 1491 aliquo
1350 1451 1443 1482 modo
1472 1451 1680 1491 praefigurata
1702 1451 1784 1489 sint,

1014 1505 1082 1535 haee
1097 1505 1159 1535 duo
1176 1507 1281 1535 tamen
1304 1504 1466 1544 pluribus,
1485 1506 1515 1534 et
1530 1504 1786 1544 expressionibus

1015 1558 1130 1596 figuris
1144 1559 1350 1597 praefigurata
1373 1559 1448 1588 sunt
1465 1568 1471 1588 :
1488 1559 1557 1588 tum
1582 1558 1709 1596 propter
1726 1556 1787 1587 dif-

1015 1611 1187 1641 ficultatem
1205 1611 1237 1641 in
1257 1611 1412 1641 credendo
1424 1635 1433 1648 ‚
1450 1619 1522 1650 quae
1547 1612 1593 1640 est
1613 1610 1647 1640 in
1668 1610 1786 1650 baptis-

1016 1673 1086 1702 mo,
1101 1664 1177 1703 quia
1194 1664 1335 1704 primum
1351 1666 1584 1694 sacramentum
1596 1687 1603 1699 ‚
1620 1663 1654 1693 in
1669 1663 1789 1694 eucha—

1016 1717 1106 1747 ristia
1118 1741 1126 1755 ‚
1143 1717 1219 1756 quia
1234 1726 1399 1747 summum
1413 1728 1420 1754 3
1437 1719 1506 1747 tum
1529 1718 1658 1756 propter
1678 1716 1788 1755 digni-

1017 1773 1112 1800 tatem
1124 1794 1131 1808 ,
1152 1779 1223 1809 quae
1250 1772 1296 1800 est
1322 1770 1353 1799 in
1384 1769 1540 1808 baptismo
1566 1771 1722 1808 quantum
1750 1769 1789 1800 ad

1017 1824 1189 1854 efficaciam
1204 1846 1211 1859 ‚
1228 1823 1261 1852 in
1279 1822 1470 1852 eucharistia
1487 1824 1642 1861 quantum
1660 1823 1698 1853 ad
1714 1831 1788 1853 con-

1018 1877 1200 1913 tinentiam;
1219 1878 1287 1906 tum
1303 1877 1431 1915 propter
1447 1875 1590 1906 Ecclesiae
1612 1875 1765 1906 unitatem
1780 1898 1788 1914 ‚

1020 1938 1090 1969 quae
1107 1931 1153 1959 est
1169 1929 1200 1959 in
1216 1929 1373 1968 baptismo
1388 1930 1544 1968 quantum
1559 1928 1598 1959 ad
1614 1929 1789 1960 inchoatio··

1020 1991 1107 2020 nem,
1121 1983 1153 2012 in
1167 1981 1356 2012 eucharistia
1370 1983 1527 2021 quantum
1537 1982 1576 2012 ad
1593 1991 1791 2013 consumma-

1019 2036 1138 2066 tionem
1151 2046 1158 2071 ;
1175 2035 1226 2066 vel
1240 2035 1274 2064 in
1287 2034 1444 2074 baptismo
1456 2036 1612 2074 quantum
1628 2035 1667 2066 ad
1684 2036 1793 2075 signa-

1020 2090 1129 2120 culum
1152 2088 1391 2119 christianitatis
1402 2113 1409 2126 ,
1427 2089 1459 2118 in
1483 2088 1673 2120 eucharistia
1688 2098 1790 2129 quan·

1020 2145 1090 2173 tum
1105 2142 1143 2173 ad
1157 2142 1279 2172 cultum
1300 2141 1434 2173 deitatis.
1453 2141 1541 2172 Unde
1561 2142 1711 2182 quamvis
1731 2142 1792 2173 alia

1021 2195 1157 2226 habeant
1184 2196 1306 2234 figuras
1329 2195 1437 2235 aliquo
1461 2195 1574 2234 modo,
1598 2205 1663 2227 non
1688 2198 1793 2228 tamen

1022 2249 1065 2279 ita
1080 2248 1238 2288 praeprue
1249 2272 1257 2285 ,
1274 2257 1332 2279 nec
1344 2249 1387 2279 ita
1399 2258 1558 2288 expresse.

1064 2304 1091 2331 3.
1109 2301 1157 2331 Ad
1178 2301 1255 2331 illud
1278 2301 1363 2340 quod
1386 2301 1549 2340 objicitur,
1566 2302 1651 2341 quod
1672 2301 1794 2341 baptis-

1023 2363 1096 2385 mus
1116 2354 1228 2384 habuit
1243 2355 1384 2393 figuram
1404 2355 1649 2385 sanctificantem
1661 2378 1670 2392 ‚
1687 2355 1793 2385 dicen-

1024 2407 1100 2437 dum
1116 2407 1199 2447 quod
1214 2407 1295 2437 ratio
1304 2407 1403 2446 huJus
1413 2409 1459 2438 est
1473 2408 1600 2447 duplex.
1615 2408 1719 2438 Prima
1734 2410 1791 2445 est,

1024 2460 1098 2499 quia
1112 2460 1288 2499 baptismus
1303 2462 1349 2490 est
1372 2460 1546 2491 remedium
1564 2461 1773 2500 parvulorum
1784 2486 1793 2500 ,

1025 2513 1079 2553 qui
1094 2523 1127 2544 se
1142 2523 1206 2544 non
1228 2516 1360 2554 possunt
1371 2515 1486 2553 juvare
1503 2524 1509 2543 z
1527 2515 1558 2544 et
1573 2514 1723 2553 quoniam
1740 2515 1794 2554 qui

1026 2567 1133 2597 minus
1150 2576 1182 2597 se
1207 2568 1339 2606 possunt
1356 2567 1487 2605 juvare,
1512 2567 1625 2606 maj0ri
1650 2567 1797 2607 indigent

1027 2620 1163 2657 anxili0;
1188 2620 1257 2650 ideo
1281 2622 1513 2650 sacramentum
1540 2621 1698 2660 praecessit
1719 2621 1796 2661 bap—

1660 2676 1698 2704 Ἢ
