2017 2948
94 1318 147 1342 Quid

84 1352 151 1375 prosit

75 1380 153 1406 baptis-

67 1418 112 1431 nuts
140 1411 172 1430 liis

66 1449 101 1468 qui
124 1448 172 1461 cnm

67 1475 108 1493 tidc
116 1480 174 1493 acce<

67 1506 125 1524 (lunt.

70 1544 163 1570 Rcspuu.

188 148 245 176 340
744 135 1054 168 SlCNTENTlARUM
1076 135 1150 166 LlB.
1176 135 1225 166 tv.

182 212 249 255 jam
266 211 383 255 spiritu
397 206 607 248 sanctificati,
630 205 783 250 baptizati
807 208 884 237 sunt
901 210 922 236 ¹.
946 203 1011 236 Nec
1030 202 1196 247 superflua
1217 202 1390 246 judicanda
1411 206 1458 235 est
1479 202 1688 237 sanctificatio
1703 205 1778 238 visi-

185 268 273 309 bilis,
291 268 368 312 quia
382 265 557 300 invisibilis
572 264 730 308 praecessit
743 267 763 295 ².
781 263 859 294 Sine
882 261 1003 294 visibili
1021 272 1098 303 ergo
1119 260 1295 293 invisibilis
1316 260 1527 293 sanctificatio
1549 272 1615 293 esse
1630 265 1732 305 potest
1746 266 1778 295 et

186 326 356 370 prodesse3
378 324 513 358 visibilis
528 328 637 356 autem
654 333 727 366 quae
743 320 780 352 sit
798 323 998 352 sacramento
1019 322 1131 359 tenus,
1149 318 1217 351 sine
1237 318 1397 351 invisibili
1416 318 1565 361 prodesse
1581 328 1646 350 non
1661 322 1776 362 potest,

185 394 260 416 cum
277 383 337 415 ista
357 383 397 415 sit,
415 382 522 415 omnis
539 381 628 414 illius
645 379 780 411 utilitas.
799 377 927 410 Simoni
955 376 1051 418 Mago
1074 375 1211 408 visibilis
1227 376 1408 420 baptismus
1421 375 1430 391 ³
1447 387 1512 408 non
1536 375 1678 419 profuit,
1700 375 1779 419 quia

185 440 361 473 invisibilis
379 451 444 473 non
466 439 561 472 affuit
579 450 586 470 t
610 437 665 469 sed
687 436 809 480 quibus
830 434 1003 467 invisibilis
1022 433 1135 476 atl'uit,
1161 433 1294 477 profuit.
1322 446 1339 463 »
1359 433 1424 465 Nec
1442 437 1570 465 tantum
1596 432 1681 465 valet
1699 431 1780 465 fides

185 498 291 531 aliena
305 498 455 542 parvulo,
473 499 634 541 quantum
650 494 781 538 propria
799 493 922 525 adulto.
944 491 1097 525 Parvulis
1120 491 1207 523 enim
1228 503 1294 523 non
1316 490 1437 523 sufficit
1452 489 1532 522 fides
1546 489 1696 523 Ecclesiae
1710 489 1779 522 sine

185 560 404 596 sacramento,
422 554 500 598 quia
520 553 546 585 si
564 553 686 596 absque
711 551 871 595 baptismo
891 550 1013 582 fuerint
1035 549 1199 589 defuncti,
1217 548 1314 581 etiam
1333 560 1407 581 cum
1425 547 1619 580 deferuntur
1637 547 1677 580 ad
1701 546 1780 591 bap-

185 614 318 646 tismum
334 639 341 653 ‚
369 611 633 652 danmabnntur,
650 609 734 642 sicut
753 608 866 641 multis
887 612 1074 641 sanctorum
1095 606 1344 640 auctoritatibus
1365 606 1608 650 comprobatur.
1625 604 1677 638 Ad
1691 604 1779 649 quod

185 671 245 704 hoc
265 681 370 703 unuin
390 668 542 702 sufficiat.
567 666 774 710 Augustinus
791 669 799 684 ⁶
815 666 859 699 ait
888 678 895 698 ε
921 678 937 697 ((
957 665 1160 698 Firmissime
1183 668 1274 706 tene,
1297 663 1451 708 parvulos
1474 663 1532 708 qui
1553 662 1605 695 vel
1625 662 1659 695 in
1679 662 1781 695 uteris

186 732 327 761 matrum
343 727 454 760 vivere
470 725 632 770 incipiunt
647 728 678 757 ct
693 724 738 756 ibi
754 724 954 765 moriuntur,
966 723 1019 756 vel
1032 723 1071 756 dc
1087 721 1246 755 matribus
1256 721 1325 754 nati
1338 721 1407 754 sine
1417 724 1617 753 sacramento
1628 719 1780 764 baptismi

184 786 223 819 de
246 785 306 818 hoc
329 785 445 818 sccculo
466 787 652 825 transeunt,
675 786 796 815 aeterno
817 781 976 826 supplicio
1001 781 1042 824 (a)
1068 779 1269 824 puniendos:
1297 779 1375 824 quia
1399 778 1458 812 etsi
1481 778 1618 823 propriae
1646 777 1781 810 actionis

184 847 311 888 peccata
334 855 400 875 non
424 842 627 882 habuerunt,
650 840 810 883 originale
836 844 945 872 tamen
970 843 1138 883 peccatum
1164 841 1336 870 traxerunt
1356 836 1496 869 carnalis
1515 835 1780 880 concupiscentiae

183 901 424 945 conceptionem
445 901 495 943 (b).
510 914 525 931 >1
538 900 578 932 Et
593 900 675 931 sicut
687 898 829 942 parvuli,
845 897 901 941 qui
915 898 984 929 sine
995 896 1153 940 baptismo
1164 896 1362 937 moriuntur,
1376 894 1560 927 infidelium
1574 893 1782 926 ascribuntur

182 970 321 992 numero
337 971 344 1000 3
361 959 405 990 ita
420 958 478 1003 qui
492 957 718 1001 baptizantur,
735 955 847 988 fideles
862 955 1033 995 (licuntur,
1050 954 1128 998 quia
1145 953 1293 986 fidelium
1316 952 1478 986 consortio
1493 963 1559 984 non
1575 955 1778 996 separantur,

183 1028 257 1050 cum
280 1020 350 1049 orat
365 1015 506 1048 Ecclesia
522 1026 580 1059 pro
602 1014 755 1046 fidelihus
779 1013 951 1045 defunctis.
969 1012 1096 1045 Fideles
1113 1023 1190 1053 ergo
1208 1015 1284 1044 sunt
1298 1022 1365 1043 non
1383 1014 1514 1055 propter
1532 1010 1688 1043 virtutem
1701 1035 1710 1051 ‚
1726 1009 1781 1043 sed

183 1074 260 1107 fidei
275 1077 526 1106 sacramentum.
540 1071 634 1104 Unde
646 1071 853 1112 Augustinus
864 1073 873 1089 '⁴
887 1083 892 1102 :
907 1084 921 1101 «
935 1070 1117 1102 Parvulum
1128 1069 1186 1101 etsi
1198 1069 1347 1101 noudum
1363 1068 1443 1100 fides
1458 1067 1528 1108 illa,
1545 1079 1618 1112 quae
1633 1067 1731 1100 etiam
1747 1067 1779 1099 in

183 1132 384 1165 credentium
401 1131 569 1164 voluntate
585 1128 730 1161 consistit
744 1154 751 1169 ,
765 1128 832 1172 jam
850 1132 958 1160 tamen
980 1127 1056 1159 fidei
1076 1127 1178 1170 ipsius
1194 1130 1432 1159 sacramentum
1448 1151 1455 1167 ,
1472 1125 1503 1158 id
1521 1130 1584 1167 est,
1600 1125 1782 1169 baptismus

184 1189 314 1222 fidelem
330 1188 405 1221 facit
424 1200 430 1220 :
448 1198 523 1219 nam
540 1187 622 1218 sicut
637 1186 766 1217 credere
784 1185 1014 1228 respondetur,
1032 1184 1076 1216 ita
1097 1185 1195 1216 etiam
1218 1184 1324 1216 fidelis
1339 1187 1495 1215 vocatur:
1512 1194 1579 1215 non
1594 1194 1662 1215 rem
1677 1183 1780 1226 ipsam

185 1251 291 1279 mente
307 1244 495 1285 annuendo,
512 1244 567 1276 sed
583 1243 687 1287 ipsius
701 1243 748 1275 rei
764 1242 972 1286 percipiendo
989 1245 1242 1274 sacramentum.
1260 1254 1276 1271 »

231 1305 319 1337 Solet
335 1304 430 1336 etiam
448 1302 550 1346 quaeri
566 1302 604 1333 de
622 1301 686 1332 illis
707 1300 764 1344 qui
781 1300 848 1344 jam
873 1299 1064 1332 sanctificati
1080 1299 1214 1343 spiritu,
1233 1309 1307 1331 cum
1330 1298 1394 1331 fide
1416 1302 1447 1330 et
1466 1297 1622 1330 charitate
1645 1297 1685 1329 ad
1704 1296 1783 1341 bap-

187 1363 321 1396 tismum
337 1361 510 1401 accedunt,
532 1359 612 1403 quid
634 1359 679 1390 eis
700 1359 844 1390 conserat
870 1358 1062 1401 baptismus.
1086 1357 1176 1388 Nihil
1196 1357 1282 1388 enim
1306 1356 1351 1388 eis
1372 1356 1503 1389 videtur
1517 1359 1691 1399 praestare,
1706 1365 1782 1387 cum

188 1431 244 1464 per
260 1419 357 1451 fidem
374 1423 404 1450 et
418 1415 723 1460 contritionemjam
742 1415 883 1447 remissis
898 1414 1032 1458 pcccatis
1044 1414 1211 1457 justificati
1226 1418 1313 1446 sunt.
1330 1413 1378 1446 Ad
1395 1413 1483 1457 quod
1498 1424 1574 1445 sane
1588 1412 1652 1444 dici
1667 1416 1779 1456 potest,

189 1489 242 1510 eos
257 1477 389 1521 quidem
405 1487 461 1519 per
477 1475 575 1507 fidem
591 1478 621 1506 et
635 1473 862 1505 contritionem
875 1472 1082 1516 justificatos,
1101 1472 1131 1504 id
1148 1476 1206 1511 est,
1222 1484 1240 1504 a
1255 1471 1383 1503 macula
1398 1470 1515 1514 peccati
1534 1473 1700 1514 purgatos,
1717 1472 1783 1501 eta

189 1535 296 1567 debito
312 1538 440 1566 aeternae
457 1544 559 1576 poenae
575 1531 759 1571 absolutos;
783 1535 890 1562 tamen
909 1530 1015 1561 adhuc
1031 1529 1134 1562 teneri
1149 1528 1366 1561 satisfactione
1382 1527 1570 1572 temporali,
1588 1527 1666 1571 quia
1679 1526 1784 1571 poeni-

190 1596 292 1625 tentes
308 1592 454 1633 ligantur
476 1590 510 1622 in
536 1589 687 1622 Ecclesia.
713 1588 796 1620 Cum
814 1592 923 1619 autem
948 1587 1146 1631 baptismum
1171 1586 1377 1630 percipiunt,
1397 1590 1427 1618 et
1448 1597 1467 1617 a
1488 1585 1640 1629 peccatiS,
1657 1584 1684 1617 si
1707 1595 1782 1628 quae

189 1649 323 1682 interim
338 1652 408 1693 post
423 1647 666 1681 conversionem
682 1648 928 1685 contraxerunt,
947 1644 1162 1685 mundantur,
1179 1648 1209 1676 et
1222 1643 1262 1675 ab
1278 1643 1430 1675 exteriori
1446 1642 1663 1674 satisfactione
1678 1640 1783 1675 absol-

188 1712 326 1748 vuntur,
344 1711 374 1739 et
388 1705 532 1749 adjutrix
547 1704 651 1747 gratia
665 1703 838 1746 omnisque
853 1703 959 1735 virtus
972 1702 1004 1734 in
1023 1713 1060 1734 eo
1075 1705 1231 1743 augetur,
1251 1705 1287 1733 ut
1303 1712 1378 1733 vere
1395 1711 1500 1732 novus
1515 1699 1613 1732 homo
1628 1703 1705 1731 tunc
1718 1698 1782 1731 dici

188 1765 298 1809 possit.
315 1764 431 1796 Fomes
451 1773 583 1807 quoque
602 1761 721 1805 peccati
744 1760 779 1792 in
802 1771 839 1792 eo
860 1759 1002 1803 amplius
1025 1758 1225 1791 debilitatur.
1251 1757 1327 1790 Ideo
1344 1757 1565 1801 Hieronymus
1588 1756 1677 1798 dicit,
1693 1756 1781 1800 quod

189 1822 269 1855 fides
283 1833 358 1866 quae
374 1821 486 1853 fideles
501 1820 589 1860 facit,
603 1819 636 1850 iu
652 1818 745 1862 aquis
760 1817 912 1861 baptismi
928 1817 1024 1849 datur
1039 1816 1090 1849 vel
1105 1815 1252 1848 nutritur
1266 1827 1272 1847 :
1285 1815 1364 1859 quia
1378 1826 1445 1847 non
1460 1814 1591 1846 habenti
1605 1813 1782 1857 aliquando

189 1879 235 1911 ibi
249 1879 362 1920 datur,
380 1883 411 1911 et
428 1879 496 1921 jam
520 1876 670 1917 habenti,
689 1879 724 1907 ut
739 1875 868 1919 plenius
890 1874 1005 1906 habeat
1020 1899 1027 1915 ,
1044 1873 1141 1906 datur
1161 1873 1183 1904 ⁸.
1202 1872 1255 1905 Sic
1269 1876 1300 1904 et
1314 1871 1353 1904 de
1370 1871 1442 1904 aliis
1457 1870 1708 1914 intelligendum
1721 1875 1779 1903 est.

190 1937 254 1976 Qui
270 1948 346 1979 ergo
363 1935 506 1969 mundus
521 1934 658 1975 accedit,
680 1933 725 1965 ibi
742 1933 778 1965 fit
802 1932 977 1973 mundior,
1002 1935 1034 1964 et
1053 1930 1142 1963 omni
1160 1930 1309 1971 habenti,
1331 1929 1375 1961 ibi
1390 1928 1532 1973 amplius
1552 1928 1659 1961 datur.
1687 1928 1782 1967 Quod

190 2006 267 2027 vero
283 1994 389 2026 omnis
403 1993 543 2026 exterior
558 1991 729 2023 satisfactio
750 1990 795 2022 ibi
811 1990 976 2022 relaxetur
987 2014 995 2029 ,
1016 1988 1210 2020 Ambrosius
1233 1987 1373 2020 ostendit
1393 1997 1491 2030 super
1511 1986 1606 2018 illum
1621 1985 1729 2018 locum
1743 1989 1754 2006 ⁷
1771 1999 1778 2019 :

190 2051 477 2096 Sinepoenitentia
492 2056 568 2082 sunt
583 2048 669 2081 (lona
685 2048 746 2080 Dei
760 2053 790 2079 et
805 2047 944 2086 vocatio,
963 2047 1072 2079 (licens
1082 2049 1092 2065 ⁸
1111 2058 1118 2078 ε
1139 2059 1155 2077 t<
1170 2045 1282 2078 Gratia
1295 2045 1354 2077 Dei
1368 2045 1403 2077 in
1418 2044 1578 2088 baptismo
1592 2054 1658 2076 non
1673 2043 1782 2087 requi-

191 2110 233 2142 rit
249 2109 426 2151 gemitum,
443 2108 495 2141 vel
516 2107 683 2151 planctum
696 2132 704 2147 ‚
726 2105 777 2137 vel
802 2104 935 2148 aliquod
957 2115 1059 2148 opus;
1081 2104 1135 2135 sed
1151 2107 1182 2135 et
1206 2103 1315 2135 omnia
1331 2101 1432 2145 gratis
1453 2100 1624 2134 condonat.
1645 2113 1662 2132 »
1686 2100 1781 2140 Quod

191 2167 324 2212 quidem
347 2167 385 2198 de
411 2165 563 2198 exteriori
584 2163 707 2206 gemitu
723 2188 731 2204 ‚
748 2162 799 2195 vel
824 2162 955 2205 planctu
979 2160 1203 2204 accipiendum
1228 2164 1274 2192 est
1297 2171 1304 2190 :
1326 2170 1402 2191 nam
1427 2158 1496 2190 sine
1518 2157 1672 2190 interiore
1686 2168 1781 2190 nemo

192 2224 324 2257 adultus
347 2227 543 2263 renovatur3
570 2222 624 2253 sed
649 2221 823 2254 exteriores
847 2219 1079 2251 satisfactiones
1106 2222 1137 2250 et
1163 2216 1376 2257 afflictiones,
1401 2216 1523 2248 scilicet
1544 2215 1653 2248 sordes
1678 2215 1783 2259 poeni-

193 2282 333 2314 tentinm
345 2307 354 2322 ,
370 2281 414 2313 ibi
430 2280 655 2313 dimittuntur.
678 2278 820 2310 Multum
842 2288 919 2319 ergo
938 2276 1062 2308 confert
1081 2275 1283 2319 baptismus,
1300 2274 1397 2306 etiam
1414 2273 1482 2318 jam
1498 2284 1555 2317 per
1568 2272 1667 2305 fidem
1686 2272 1783 2316 justi-

192 2339 299 2381 ficato,
315 2338 394 2383 quia
408 2338 560 2370 accedens
575 2336 614 2369 ad
638 2336 836 2379 baptismum
847 2360 855 2376 ,
871 2334 965 2378 quasi
985 2345 1097 2366 ramus
1115 2344 1134 2365 a
1156 2332 1308 2365 columba
1330 2335 1479 2375 portatur
1499 2331 1535 2363 in
1553 2341 1662 2363 arcam
1676 2331 1686 2349 ⁹
1699 2355 1708 2372 ,
1724 2329 1783 2373 qui

230 2451 310 2479 'Ar-t„
325 2450 486 2479 x,-'1-t‚³lS.—
501 2449 508 2462 ²
520 2448 595 2478 ΗΜΛ,
611 2447 754 2470 immediate
770 2448 837 2468 autc.
847 2446 894 2462 -³
906 2446 969 2475 Aet„
985 2450 1040 2473 v111,
1057 2446 1092 2467 13.
1104 2456 1134 2460 —
1147 2444 1154 2457 ⁸
1168 2445 1220 2466 tmo
1234 2442 1318 2472 Fuly..
1333 2442 1362 2464 ‹lr‘
1372 2441 1416 2471 fid.
1431 2441 1463 2464 ml
1476 2442 1553 2471 Peon,
1568 2448 1591 2464 c.
1606 2445 1687 2470 xxxv,
1701 2446 1727 2462 n.
1743 2440 1782 2469 70,

194 2487 217 2509 et
232 2485 352 2515 liabetur,
368 2485 396 2507 (lv
413 2487 538 2513 (forts-(¹1:12,
551 2483 606 2505 dist.
629 2488 662 2509 iv,
684 2490 706 2505 c.
722 2482 887 2504 [firmari-ime.
900 2494 929 2497 -
940 2481 948 2495 ⁵
959 2483 1032 2510 Aug„
1045 2479 1078 2502 cul
1092 2479 1187 2508 Bonis„
1203 2478 1274 2507 epist*
1289 2483 1364 2506 xxiii,
1376 2476 1408 2499 al.
1426 2482 1516 2506 xcvm,
1532 2483 1558 2501 n,
1577 2476 1611 2504 10,
1627 2477 1651 2498 et
1665 2474 1781 2504 habetur,

193 2520 222 2543 cle
235 2522 357 2549 Comama,
373 2520 430 2543 (list.
444 2525 477 2547 iv,
490 2527 511 2542 c.
525 2518 598 2541 Nihil
610 2519 644 2539 ext
655 2516 735 2539 alziul.
747 2529 776 2532 -
788 2518 796 2527 ”
807 2515 907 2545 Manli„
920 2521 978 2543 xxv,
992 2516 1030 2537 29.
1039 2527 1068 2530 —
1079 2514 1085 2527 '¹
1098 2514 1177 2538 [tuum
1188 2519 1224 2542 xi,
1235 2516 1272 2536 :9-
1282 2525 1312 2530 —-
1322 2512 1331 2527 ³
1343 2512 1440 2539 :tint-r„
1452 2511 1492 2534 vel
1504 2510 1587 2541 potius
1599 2510 1645 2533 sub
1656 2509 1781 2533 Ambrosii

194 2555 308 2584 nomine,
324 2555 419 2578 Comma.
433 2554 458 2577 in
473 2554 556 2584 Epist.
570 2552 603 2576 ad
618 2552 696 2582 Rom„
712 2552 738 2576 ct
752 2550 868 2579 habetur,
884 2551 912 2572 αα
928 2550 1051 2578 Con-secr„
1067 2548 1124 2572 dist.
1144 2554 1182 2576 iv,
1199 2555 1221 2571 c.
1238 2547 1296 2571 Sine
1309 2547 1505 2577 poem'tentz'a.-
1521 2547 1529 2560 ⁸
1545 2545 1616 2574 Gen„
1628 2549 1686 2574 vni,
1704 2546 1740 2568 tt.

225 2613 257 2643 (ιι)
273 2612 343 2635 Edit.
360 2612 457 2641 Bened„
473 2611 538 2641 iguis
549 2610 637 2634 aeterni
648 2609 770 2640 supplicio
786 2608 953 2638 sempiterno.
964 2619 994 2623 —
1010 2606 1040 2636 (b)
1057 2606 1156 2629 Carnali
1172 2606 1340 2636 conceptione
1356 2607 1380 2628 et
1394 2604 1531 2627 nativitate.
