2017 2948
89 2031 194 2053 Fundam.

224 147 281 178 184

222 213 383 244 nationem
396 212 430 242 in
446 212 543 242 finem
554 233 564 249 ,
579 220 652 251 quae
667 210 796 250 quidem
812 210 906 240 habet
923 219 991 241 esse

221 265 379 296 mediante
393 266 479 296 recta
492 264 684 301 intentione;
710 265 740 294 ct
754 262 823 293 ideo
838 264 923 293 recta
938 263 988 293 in-

220 319 361 350 tentione
375 318 515 356 sublata,
531 327 604 348 cum
621 315 806 355 simpliciter
820 317 928 355 pereat
942 324 991 346 or-

219 373 358 410 dinatio,
375 371 558 412 simpliciter
569 370 766 410 jinlicabitur
789 369 908 409 aliquid
923 378 989 400 esse

218 428 381 467 peccatum
406 435 414 457 :
442 425 643 457 mendacium
666 426 772 454 autem
787 423 862 454 dicit
881 423 987 463 priva-

216 480 336 512 tionem
350 479 509 516 veritatis,
534 486 607 517 quae
622 476 753 516 quidem
776 485 840 507 non
862 478 986 507 tantum

216 533 355 565 consistit
384 532 415 562 in
443 530 678 571 comparatione
704 529 803 569 ipsius
830 530 988 560 sermonis

215 587 255 618 ad
278 586 503 619 intentionem,
529 583 583 614 sed
607 583 704 614 etiam
719 582 758 613 ad
780 583 881 623 ipsam
905 592 984 614 rem.

215 639 253 671 Et
266 648 322 679 per
336 638 397 669 hoc
413 638 498 677 patet
511 636 672 676 responsio
685 635 725 666 ad
741 635 819 666 illud
835 636 919 675 quod
934 636 987 666 ob-

210 692 320 731 J'icitur
334 691 574 730 consequenter,
592 688 678 728 quod
693 688 889 728 quicumque
911 697 986 728 pec-

213 747 279 782 cat,
303 745 468 784 peccatum
491 741 678 779 committit3
702 750 780 780 ergo
796 741 850 781 qui
869 742 986 772 menti-

213 800 285 835 tur,
310 796 454 827 similiter
477 795 645 826 committit
669 794 881 826 mendacium.
915 795 985 826 Non

212 850 298 881 enim
313 852 360 881 est
383 849 488 880 simile
500 872 507 886 ‚
528 848 608 879 sicut
626 849 694 888 jam
718 848 824 880 visum
838 850 893 879 est.
912 848 984 879 Esto

213 906 319 934 tamen
347 903 431 942 quod
458 902 518 933 ista
543 901 702 933 conclusio
736 901 982 939 concederetur,

212 956 298 996 quod
322 956 381 987 iste
406 955 588 986 mentiendo
612 954 822 985 committeret
851 954 984 985 menda-

212 1009 316 1046 cium;
337 1018 402 1040 non
428 1010 536 1039 tamen
559 1010 766 1048 sequeretur,
795 1007 879 1047 quod
903 1009 984 1038 esset

210 1062 413 1093 mendacium
435 1062 469 1092 in
490 1071 522 1092 se
544 1071 552 1092 :
574 1061 638 1092 imo
657 1063 704 1091 est
725 1061 768 1091 ibi
790 1061 911 1091 fallacia
932 1069 981 1091 se-

210 1115 352 1145 eundum
369 1114 408 1154 (a)
434 1114 510 1154 quid
534 1116 573 1152 etj
588 1114 783 1153 simpliciter,
801 1114 880 1144 sicut
894 1114 982 1153 prius

210 1167 416 1207 explanatum
429 1169 486 1198 est.
501 1166 589 1198 Unde
604 1167 707 1197 solum
723 1166 800 1197 illud
816 1166 935 1197 dictum
949 1167 981 1197 in

210 1229 274 1260 quo
287 1222 334 1251 est
354 1220 471 1250 falsitas
486 1229 542 1259 per
566 1220 833 1259 comparationem
853 1220 892 1250 ad
913 1229 981 1250 rem

208 1276 240 1305 et
259 1273 484 1311 intentionem,
507 1275 553 1304 est
577 1272 777 1304 mendacium
797 1273 982 1313 simpliciter

208 1329 239 1358 et
261 1327 432 1367 complete;
458 1327 537 1357 illud
558 1335 634 1357 vero
656 1326 689 1356 in
711 1335 775 1366 quo
798 1328 843 1356 est
864 1326 982 1357 salsitas

208 1379 312 1410 solum
330 1388 387 1419 per
410 1379 679 1418 comparationem
695 1381 725 1409 et
748 1379 955 1410 intentionem
971 1403 979 1417 ‚

207 1434 254 1463 est
267 1432 469 1463 mendacium
492 1431 586 1463 alicui
599 1456 607 1470 ⁷
634 1434 664 1462 et
685 1432 794 1462 minus
814 1432 979 1472 complete.

208 1485 288 1516 illud
303 1487 420 1522 autem,
433 1485 465 1515 in
480 1494 543 1525 quo
559 1486 605 1515 est
619 1485 736 1516 falsitas
750 1494 807 1525 per
819 1494 981 1525 compara-

207 1539 327 1570 tionem
342 1541 465 1569 tantum
481 1539 519 1569 ad
536 1547 604 1569 rem
616 1562 624 1577 ‚
647 1540 693 1569 est
713 1538 914 1569 mendacium
929 1547 977 1569 se-

207 1591 348 1623 cundum
363 1591 481 1631 aliquid
492 1615 502 1630 ,
519 1593 549 1623 et
561 1592 693 1622 minime
707 1591 871 1632 complete.
889 1591 977 1623 Unde

207 1645 272 1676 fere
285 1653 395 1676 omnes
407 1645 544 1676 rationes
556 1644 742 1685 praemissae,
755 1646 785 1675 et
799 1645 893 1675 etiam
908 1653 981 1675 con-

207 1698 326 1729 similes
348 1698 383 1729 in
404 1707 553 1739 processu
573 1707 632 1729 suo
653 1700 784 1738 peccant
803 1698 978 1729 secundum

207 1751 300 1792 quid,
317 1753 348 1783 et
364 1752 558 1792 simpliciter.

459 1852 661 1891 QUAESTIO
689 1852 732 1884 11.

264 1940 308 1966 An
323 1946 375 1966 esse
386 1940 525 1974 peccatum
540 1939 576 1965 sit
598 1938 738 1966 essentiale
752 1937 889 1966 mendacio
906 1939 925 1964 ¹.

250 2017 362 2050 Utrum
379 2017 542 2048 essentiale
557 2018 597 2048 sit
611 2017 774 2048 mendacio
789 2027 857 2048 esse
873 2027 978 2057 pecca-

209 2074 298 2109 tum3
316 2073 345 2102 et
361 2071 445 2110 quod
459 2070 503 2101 sic
513 2094 521 2108 ‚
537 2070 663 2101 videtur
676 2070 780 2110 primo
795 2071 980 2102 auctoritate

209 2124 404 2164 Augustini,
421 2124 454 2153 in
467 2123 548 2153 libro
562 2125 673 2154 contra
685 2123 889 2155 Mendacium
902 2148 909 2162 ‚
924 2125 979 2164 qui

209 2177 284 2209 dicit
296 2177 339 2207 sic
349 2179 360 2195 ⁵
377 2187 384 2208 :
404 2188 417 2206 a
427 2176 559 2208 Videtur
571 2176 650 2206 mihi
664 2185 758 2206 omne
773 2185 878 2215 genus
892 2186 980 2208 men-

209 2230 291 2262 dacii
312 2238 380 2260 esse
399 2231 574 2269 peceatum.
593 2240 607 2257 »
628 2228 706 2260 Item
727 2230 930 2268 Augustinus
946 2231 979 2261 in

208 2283 289 2314 libro
314 2283 351 2314 cle
377 2281 546 2314 Mendacio
561 2282 571 2299 ³
599 2292 605 2312 :
633 2294 647 2309 α
661 2282 724 2313 Aut
746 2292 812 2314 non
835 2286 879 2314 est
907 2293 979 2314 cre-

215 2336 350 2369 iendum
363 2335 455 2367 bonis
465 2358 475 2373 ,
496 2336 552 2366 aut
566 2335 758 2366 credendum
780 2338 825 2367 est
840 2336 884 2367 eis
899 2346 979 2377 quos

240 2434 249 2451 ¹
261 2433 300 2464 Cf.
310 2433 381 2458 Alex.
396 2432 504 2462 Alensis,
519 2439 543 2462 ρ.
556 2432 586 2460 ll,
601 2438 626 2462 q.
638 2437 719 2462 cxxlt,
730 2433 825 2456 memb.
841 2434 854 2457 3
864 2441 872 2463 ;
884 2435 909 2459 S.
921 2435 976 2466 Th„

209 2469 277 2497 11-11‚
293 2475 316 2499 q.
334 2474 375 2498 cx,
396 2469 443 2492 art.
462 2468 488 2498 3;
509 2469 534 2491 et
554 2467 584 2490 ill
601 2467 751 2497 Se1zt.,dist.
771 2474 885 2497 xxxvm,
905 2476 930 2500 q.
950 2476 976 2500 1,

208 2506 254 2527 art.
275 2504 302 2534 3;
335 2503 493 2533 Richardus,
522 2503 553 2526 lli
575 2502 654 2532 Seni..
681 2502 738 2526 dist.
756 2508 871 2534 xxxviii,
893 2511 917 2535 q.
942 2511 976 2536 υς

207 2538 297 2563 Thom.
314 2539 428 2569 Ardent„
444 2539 473 2562 ill
492 2538 571 2568 Seni„
588 2538 644 2561 dist.
662 2544 762 2562 xxxviii
775 2556 782 2568 ‚
798 2546 823 2569 q.
845 2545 866 2570 1,
882 2542 929 2564 nrt.
948 2542 977 2570 3;

208 2574 295 2604 Steph.
307 2574 410 2604 Brutos„
426 2575 454 2597 lli
469 2574 549 2603 Seni„
567 2573 624 2597 dist.
640 2579 752 2602 xxxvul,
768 2581 793 2604 q.
811 2581 843 2604 υς
860 2576 977 2600 Gulielm.

208 2609 341 2639 Voril„111
354 2609 433 2640 Sent„
444 2609 615 2639 distxxxvni,
625 2615 649 2640 q.
666 2615 682 2633 1.
696 2622 726 2627 —
737 2611 747 2626 ¹
760 2610 814 2640 Aug
827 2628 834 2640 ,
844 2610 873 2634 (le
885 2611 977 2641 Mend.,

782 142 1089 175 SENTENTIARUM
1113 142 1185 174 LIB.
1215 143 1265 174 lli.

1046 209 1204 241 credimus
1218 210 1332 241 debere
1346 210 1516 250 aliquando
1526 211 1665 249 mentiri,
1681 214 1814 243 autnon

1046 265 1092 293 est
1122 263 1314 294 credendum
1341 264 1441 294 bonos
1459 263 1628 302 aliquando
1654 264 1782 295 mentiri
1804 276 1811 296 ε

1045 324 1183 355 quorum
1206 316 1346 356 primum
1365 320 1411 346 est
1440 316 1671 356 perniciosum;
1700 326 1812 348 secun-

1044 369 1122 400 dum
1135 369 1269 400 stultum
1282 381 1288 400 :
1302 372 1397 400 restat
1412 378 1491 409 ergo
1503 372 1539 400 ut
1547 379 1715 410 nunquam
1725 379 1812 402 men-

1043 422 1163 453 tiantur
1178 422 1264 454 boni.
1278 434 1292 451 ι)
1312 423 1344 453 Si
1359 432 1438 461 ergo
1453 422 1568 462 aliquis
1581 423 1745 461 mentitur,
1761 432 1814 454 ne·

1043 486 1127 508 cesse
1139 480 1195 515 est,
1210 479 1242 508 in
1251 482 1408 518 quantum
1421 477 1585 515 mentitur,
1598 487 1665 508 esse
1674 478 1810 509 malum:

1042 539 1120 570 crgo
1135 531 1298 562 essentiale
1314 533 1361 561 est
1375 531 1433 570 ipsi
1450 530 1613 562 mendacio
1627 539 1695 562 esse
1709 540 1814 571 pecca-

1042 585 1122 614 tum.

1082 636 1160 666 item
1185 636 1388 674 Augustinus
1413 637 1531 668 ibidem
1548 637 1558 652 ⁴
1583 647 1591 666 ε
1623 647 1638 666 ιι
1663 636 1813 677 Quisquis

1041 688 1167 728 aliquod
1182 698 1285 728 genus
1305 689 1459 720 mendacii
1476 692 1639 729 peccatum
1661 699 1727 720 non
1746 699 1813 721 esse

1040 742 1216 780 putaverit,
1241 742 1446 782 semetipsum
1476 743 1611 782 turpiter
1645 743 1768 783 decipit.
1793 754 1808 772 ι)

1040 793 1126 832 Ergo
1142 795 1221 826 redit
1237 795 1320 825 idem
1337 795 1421 835 quod
1437 795 1535 835 prius.

1080 846 1157 878 Item
1170 848 1230 878 hoc
1251 848 1356 888 ipsum
1372 849 1496 879 videtur
1511 849 1650 886 ratione;
1672 850 1748 889 quia
1762 858 1812 880 es-

1039 900 1170 931 sentiale
1185 903 1231 931 est
1250 902 1308 941 ipsi
1324 902 1488 932 mendacio
1512 911 1578 933 esse
1599 902 1810 942 privationem

1038 954 1179 984 veritatis
1200 956 1231 985 et
1246 957 1390 994 respectu
1412 955 1472 993 rei,
1493 957 1524 985 et
1538 956 1684 994 respectu
1706 955 1811 985 inten-

1038 1007 1130 1038 tionis
1147 1019 1153 1038 1
1178 1007 1232 1038 sed
1253 1008 1448 1048 ubicumque
1467 1010 1513 1038 est
1529 1008 1714 1038 intentionis
1729 1008 1809 1039 obli·

1037 1060 1152 1099 quitas,
1168 1060 1212 1090 ibi
1226 1061 1401 1091 necessario
1417 1063 1463 1091 est
1477 1061 1571 1100 culpa
1587 1072 1594 1091 :
1609 1070 1689 1100 ergo
1701 1070 1808 1092 neces—

1037 1114 1156 1144 sarium
1165 1116 1211 1144 est
1224 1115 1330 1153 ipsum
1344 1114 1545 1145 mendacium
1557 1123 1624 1145 esse
1632 1116 1808 1154 peccatum.

1077 1167 1156 1197 Item
1187 1167 1292 1197 omnis
1322 1168 1472 1206 iniquitas
1487 1191 1496 1205 ,
1527 1168 1733 1198 essentialiter
1761 1167 1808 1198 lo-

1037 1221 1181 1260 quendo,
1207 1222 1251 1251 est
1276 1223 1441 1260 peccatum
1464 1229 1471 1250 :
1492 1220 1682 1260 ubicumque
1702 1223 1809 1251 autem

1036 1275 1082 1303 est
1096 1273 1299 1304 mendacium
1309 1297 1318 1311 ,
1333 1274 1376 1304 ibi
1393 1276 1438 1304 est
1451 1274 1616 1311 dolositas,
1633 1274 1708 1313 quia
1722 1274 1810 1305 aliud

1037 1326 1121 1364 gerit
1142 1326 1239 1356 homo
1263 1327 1295 1356 in
1317 1327 1429 1364 corde,
1450 1327 1536 1357 aliud
1563 1327 1638 1357 dicit
1658 1336 1724 1358 ore.
1750 1326 1809 1358 Ubi

1036 1380 1142 1409 autem
1157 1379 1305 1410 dolositas
1324 1382 1386 1416 est,
1404 1380 1447 1410 ibi
1470 1382 1517 1410 est
1541 1380 1692 1420 iniquitas
1707 1391 1713 1410 :
1730 1389 1809 1419 ergo

1036 1440 1054 1462 a
1064 1432 1178 1472 primo,
1195 1433 1390 1472 impossibile
1404 1435 1451 1464 est
1465 1433 1592 1473 aliquod
1606 1433 1808 1464 mendacium

1036 1494 1100 1516 non
1115 1494 1183 1516 esse
1197 1488 1376 1526 peccatum.

1076 1538 1153 1569 Item
1176 1539 1275 1569 verba
1299 1539 1443 1569 instituta
1462 1541 1536 1570 sunt
1557 1539 1596 1570 ad
1620 1539 1701 1578 hoc,
1724 1539 1808 1580 quod

1034 1590 1131 1622 homo
1148 1592 1307 1631 exprimat
1327 1601 1382 1632 per
1404 1592 1457 1623 illa
1472 1592 1570 1630 illud,
1594 1593 1680 1632 quod
1702 1595 1807 1624 mente

1036 1645 1120 1684 gerit
1136 1654 1143 1675 :
1161 1644 1214 1675 sed
1230 1645 1424 1684 quicumque
1439 1646 1601 1683 mentitur,
1618 1646 1720 1676 utitur
1734 1655 1807 1677 ver-

1035 1697 1083 1727 bis
1097 1697 1135 1727 ad
1153 1697 1347 1728 contrarium
1362 1698 1451 1736 ejus,
1469 1698 1554 1737 quod
1578 1700 1682 1728 mente
1703 1699 1803 1737 gerit:

1035 1759 1113 1789 ergo
1128 1750 1324 1790 quicumque
1340 1750 1503 1787 mentitur,
1528 1750 1629 1781 utitur
1648 1751 1753 1782 verbis
1767 1750 1807 1781 ad

1036 1803 1230 1833 contrarium
1244 1803 1330 1842 ejuS‚
1346 1802 1385 1833 ad
1401 1802 1486 1842 quod
1501 1803 1645 1833 instituta
1660 1805 1734 1833 sunt
1752 1814 1759 1833 ι
1776 1805 1808 1834 et

1035 1856 1140 1886 omnis
1162 1856 1216 1896 qui
1234 1857 1336 1886 utitur
1353 1865 1388 1886 re
1405 1856 1444 1886 ad
1462 1857 1658 1887 contrarium
1678 1858 1748 1896 ejus
1766 1857 1807 1888 ad

1035 1910 1119 1949 quod
1130 1909 1275 1940 instituta
1288 1911 1344 1947 est,
1354 1909 1530 1940 necessario
1542 1909 1595 1939 illa
1608 1909 1764 1947 abutitur3
1776 1911 1807 1940 et

1036 1963 1139 1993 omnis
1153 1963 1207 2002 qui
1222 1963 1375 2000 abutitur,
1392 1964 1499 2002 peccat
1517 1973 1523 1993 :
1541 1971 1618 2002 ergo
1633 1963 1736 1994 omnis
1750 1963 1805 2003 qni

1036 2016 1111 2046 dicit
1131 2015 1343 2052 mendacium,
1356 2017 1473 2055 peccat.

1071 2072 1098 2099 1.
1107 2068 1169 2099 Sed
1179 2071 1287 2099 contra
1293 2068 1353 2098 hoc
1363 2068 1511 2108 objicitur
1521 2069 1625 2107 primo
1636 2077 1692 2108 per
1700 2077 1805 2099 exem-

1034 2122 1109 2161 pla:
1127 2122 1201 2161 quia
1224 2122 1405 2159 Abraham,
1430 2131 1502 2152 cum
1526 2122 1703 2152 intenderet
1727 2132 1804 2162 pue-

1034 2184 1108 2205 rum
1122 2174 1306 2212 immolare,
1323 2175 1402 2205 dixit
1415 2176 1425 2192 ⁸
1441 2184 1475 2205 se
1489 2184 1562 2205 011111
1579 2184 1678 2215 puero
1695 2184 1804 2206 rever-

1034 2237 1148 2259 surum
1178 2227 1216 2257 ad
1240 2236 1365 2264 servos:
1395 2230 1425 2258 et
1448 2227 1533 2258 Isaac
1555 2228 1592 2258 de
1619 2237 1720 2259 uxore
1746 2238 1805 2259 sua

1034 2281 1130 2318 dixit,
1147 2280 1231 2320 quod
1246 2289 1335 2311 soror
1359 2281 1428 2319 ejus
1451 2283 1549 2318 esset3
1575 2283 1605 2312 et
1629 2281 1667 2312 de
1689 2281 1804 2321 Joseph

1034 2334 1179 2364 similiter
1193 2333 1327 2364 habetur
1349 2333 1543 2373 exemplum.
1569 2334 1601 2364 Si
1622 2342 1700 2373 ergo
1723 2334 1804 2364 faeta

1034 2387 1287 2428 patriarcharum
1311 2390 1420 2417 narrat
1446 2386 1609 2426 Scriptura
1632 2395 1696 2417 non
1722 2386 1803 2417 sicut

1034 2463 1055 2480 0.
1071 2462 1128 2485 xxx,
1144 2463 1170 2479 u.
1187 2457 1232 2484 42;
1249 2454 1428 2483 Encl‹1·1·1‘‹l..c‚
1449 2460 1530 2482 svnt,
1552 2462 1575 2478 n.
1594 2456 1615 2478 6.
1637 2454 1688 2472 --³
1714 2454 1758 2482 id.‚
1773 2453 1802 2477 de

1033 2491 1128 2520 Alc-ml„
1146 2497 1240 2514 01111.
1256 2497 1280 2514 11.
1297 2490 1476 2519 11.-·1[,ι’(1.,
1490 2491 1699 2515 c.x.x¹.11.42.—
1709 2490 1719 2506 ³
1731 2489 1800 2518 Gen„

1034 2533 1097 2557 xxii,
1115 2529 1230 2556 5;xxv1,
1245 2528 1272 2556 7;
1299 2531 1364 2553 an,
1381 2527 1403 2554 9}
1421 2531 1489 2554 κιῑν,
1511 2527 1545 2549 ¹15.
1562 2526 1596 2548 De
1610 2525 1663 2548 aliis
1679 2524 1801 2548 similibus

1034 2563 1204 2593 Augustinus,
1219 2562 1262 2585 lib.
1279 2563 1341 2585 cont.
1355 2560 1446 2590 Metal„
1463 2568 1483 2584 c.
1503 2567 1526 2585 x.

1068 2612 1100 2642 (a)
1111 2612 1170 2635 Coe!.
1185 2611 1244 2635 edit.
1260 2611 1342 2635 omitt.
1357 2609 1454 2633 fallacia
1466 2609 1612 2632 secuudum.

1820 2084 1853 2104 Ad
1864 2090 1917 2110 opp.
