2017 2948
228 172 268 200 95
782 160 1088 192 SENTENTIARUM
1112 160 1186 191 Lm.
1211 161 1264 192 111.

229 235 332 274 gratia
355 233 536 270 elongaret,
560 238 658 269 quam
684 230 895 268 praepararet,
919 227 1003 267 quod

231 288 323 327 plane
339 285 452 316 falsum
467 286 522 314 est.
552 282 589 313 Et
604 282 673 312 idco
693 280 929 311 concedendum
945 282 1002 316 est,

232 341 316 380 quod
334 348 410 369 usus
425 337 547 368 timoris
562 335 684 366 servilis
696 337 796 374 potest
809 344 874 364 esse
890 334 1002 370 bonus,

234 396 303 425 licet
318 403 380 425 non
397 393 435 422 sit
453 392 555 422 bonus
577 389 716 421 bonitate
732 388 847 425 meriti,
868 387 920 417 sed
936 396 1004 416 ma-

233 449 283 487 gis
307 447 443 478 bonitate
466 445 681 485 praeparante,
707 441 756 471 vel
780 440 945 471 ordinante
966 439 1006 469 :id

233 501 394 537 meritum,
411 507 484 538 quae
495 497 589 527 simul
605 498 665 526 stat
677 504 749 525 cum
763 496 897 534 peccato.
917 492 1005 523 Unde

232 558 263 586 θῖ
278 554 415 585 rationes
430 560 503 591 quae
519 551 578 581 hoc
594 549 775 582 ostendunt,
798 545 1005 577 concedendae

233 611 318 645 sunt,
342 607 412 637 licet
434 606 513 636 ratio
529 605 640 635 ultima
663 603 702 632 sit
727 601 907 641 sophistica,
931 599 1007 639 quia

233 661 372 701 procedit
388 669 427 690 cx
442 657 655 698 suppositione
670 655 758 685 falsa.

275 718 303 744 st.
318 713 364 744 Ad
385 712 461 742 illud
486 719 562 741 vero
578 708 662 749 quod
685 708 788 747 primo
810 705 959 745 objicitur
974 705 1007 736 in

234 766 439 802 contrarium,
455 764 539 804 quod
556 763 587 792 in
602 763 720 792 timore
736 760 842 791 servili
859 759 939 790 vivit
954 768 1008 790 vo-

235 821 339 850 luntas
355 816 513 858 peccandi,
536 818 564 845 et
592 813 675 854 quod
696 813 779 844 dolet
804 812 842 842 de
861 822 898 842 eo
922 812 1008 852 quod

235 874 286 904 lex
307 874 402 909 vetat,
420 869 585 900 dicendum
601 867 684 907 quod
701 866 779 896 iilud
794 865 927 896 verbum
944 866 1008 895 Au-

236 927 357 967 gustini
366 935 429 956 non
439 923 637 963 intelligitur,
645 921 729 962 quod
738 930 874 960 semper,
883 920 1009 960 quando

236 982 340 1017 timet,
351 980 451 1010 dolcat
464 981 547 1016 actu,
564 980 593 1007 ct
609 975 755 1006 siniiliier
769 974 853 1014 quod
864 974 1011 1004 voluntas

238 1033 386 1075 peccandi
411 1040 535 1071 semper
558 1030 645 1060 sitin
660 1031 748 1066 actm
775 1027 829 1058 sed
850 1028 910 1058 hoc
923 1027 1009 1064 dicit,

239 1088 313 1127 quia
327 1088 433 1117 manet
449 1085 480 1115 in
496 1085 605 1115 habitu
621 1085 651 1113 et
666 1082 780 1113 radice.
807 1081 889 1111 Licet
904 1082 1011 1111 autem

240 1140 386 1171 voluntas
402 1140 441 1169 sit
466 1147 520 1178 per
536 1139 700 1177 peccatum
717 1135 902 1170 deformata,
920 1135 950 1163 et
964 1142 1012 1163 re-

240 1197 318 1233 gnet
332 1194 366 1223 in
389 1192 547 1223 cumulus
569 1199 676 1226 ainor3
702 1190 804 1228 potest
827 1190 931 1217 tamen
954 1185 1011 1216 ali-

239 1247 366 1287 quando
380 1245 504 1276 moveri
519 1245 557 1275 ad
571 1244 677 1283 aliqua
697 1243 780 1273 bona
797 1250 892 1281 opera
906 1240 938 1270 in
955 1248 1012 1278 ge-

240 1310 326 1339 nere,
344 1300 445 1331 velex
456 1296 704 1332 circumstantia,
716 1304 771 1335 per
785 1294 927 1333 aliquam
942 1302 1014 1332 gra-

242 1355 319 1385 tiam
330 1353 430 1392 gratis
441 1352 545 1382 datam
560 1359 624 1380 non
636 1347 863 1379 committendo
877 1346 1013 1386 culpam,

242 1408 322 1439 sicut
339 1408 423 1447 patet
438 1415 494 1446 per
509 1404 610 1435 multa
626 1401 771 1441 exempla
788 1411 794 1431 :
813 1402 842 1431 et
857 1400 901 1430 sic
916 1401 1018 1439 potest

243 1471 310 1492 esse
326 1461 358 1491 in
373 1462 460 1500 parte
474 1458 544 1488 ista.

287 1517 317 1544 Ξ.
336 1514 383 1544 Ad
399 1512 478 1543 illud
501 1511 584 1551 quod
611 1509 772 1548 objicitur,
796 1506 881 1546 quod
908 1506 1019 1536 timere

247 1568 402 1599 serviliter
419 1568 465 1596 θεῖ
488 1574 528 1595 cx
552 1564 676 1600 timore,
701 1562 782 1591 sicut
806 1560 879 1590 dicit
896 1559 1018 1598 Grego-

247 1622 334 1658 rius,
361 1629 425 1650 non
448 1628 487 1649 ex
510 1626 637 1654 amore,
673 1614 841 1646 dicendum
865 1613 950 1652 quod
980 1620 1020 1643 ez·

247 1684 312 1706 non
328 1674 401 1705 dicit
416 1673 459 1703 ibi
482 1680 621 1708 causam,
639 1669 692 1699 sod
714 1666 993 1699 concomitantiam
1012 1676 1017 1695 ;

248 1731 365 1759 etcum
390 1726 465 1757 dicit
487 1722 765 1755 concomitantiam
788 1722 820 1750 in
837 1722 921 1757 actu,
945 1721 1021 1749 tunc

248 1782 402 1813 deformat
417 1782 523 1810 actum
548 1777 671 1807 timoris
693 1775 829 1811 servili53
858 1782 931 1803 cnm
948 1772 1022 1802 dicit

249 1833 524 1867 concomitantiam
540 1832 572 1862 in
587 1831 709 1866 habitu,
723 1838 787 1859 non
800 1830 922 1868 oportet
937 1826 1022 1866 quod

251 1890 419 1925 deformet3
446 1886 499 1917 sed
523 1888 629 1916 tamen
646 1884 719 1914 facit
736 1883 841 1922 ipsum
856 1881 988 1911 deficere
1005 1888 1023 1909 a

254 1942 360 1974 meriti
373 1940 572 1981 perfectione.

297 1998 325 2026 3.
342 1995 389 2026 Ad
401 1993 476 2024 illud
498 1992 580 2032 qnod
596 1990 755 2029 objicitur,
774 1987 857 2028 quod
873 1989 960 2018 actus
974 1986 1023 2016 in-

257 2047 483 2089 compossibilis
501 2044 644 2075 charitati
659 2046 704 2073 est
720 2042 832 2079 maius,
857 2040 1025 2071 dicendum

257 2103 340 2143 quod
355 2101 467 2140 aliquis
482 2101 569 2130 aetus
585 2099 685 2137 potest
706 2105 773 2126 esse
789 2093 1027 2133 incompossibi-

256 2157 295 2188 lis
322 2155 416 2186 alicui
444 2153 565 2184 ratione
599 2149 844 2180 circumstantiae
872 2146 1024 2186 propriae,

256 2218 351 2250 quain
367 2208 459 2238 habet
479 2214 518 2236 ex
540 2202 667 2244 proprio
689 2201 810 2238 habitu,
835 2200 885 2231 vel
906 2199 1026 2229 ratione

257 2263 391 2301 alicujus
406 2258 535 2291 annexi.
558 2257 635 2287 Cum
651 2264 729 2293 ergo
746 2254 860 2284 dicitur
875 2252 958 2292 qnod
974 2261 1025 2281 ac-

257 2319 308 2348 tus
324 2313 447 2346 timoris
468 2310 591 2342 servilis
606 2311 652 2339 est
671 2305 935 2346 incompossibilis
952 2304 1026 2335 cha-

258 2369 352 2407 ritati,
378 2368 437 2398 hoc
452 2374 515 2396 non
532 2366 578 2394 θεῖ
598 2362 719 2393 ratione
739 2361 838 2400 ipsius
861 2361 950 2389 actus
973 2367 1028 2397 per

258 2434 291 2455 se
305 2426 336 2454 et
349 2420 522 2453 secundum
538 2427 582 2455 se,
609 2416 684 2456 quia
706 2415 828 2445 habens
842 2412 1028 2443 charitatem

258 2479 358 2518 potest
372 2476 453 2506 bene
468 2473 579 2502 timere
593 2470 691 2500 Deum
708 2469 827 2499 ration,¹
840 2476 959 2507 poenae3
976 2476 996 2495 s2
1009 2465 1028 2495 d

259 2532 317 2562 hoc
338 2526 525 2566 intelligitur
549 2523 669 2555 ratione
692 2522 820 2558 annexi,
848 2520 932 2560 qnod
957 2519 1029 2549 facit

258 2585 363 2624 ipsum
385 2582 516 2613 deficere
537 2587 556 2608 a
570 2576 682 2607 merito
705 2573 890 2604 charitatis:
913 2575 943 2602 et
960 2572 1028 2602 ideo

259 2647 298 2668 ex
314 2637 373 2667 hoc
385 2644 447 2665 non
461 2631 617 2671 sequitur,
634 2628 721 2669 quod
731 2630 819 2658 actus
830 2625 954 2657 timoris
967 2635 1030 2656 ser-

1060 227 1130 258 vitis
1143 227 1184 258 sit
1197 228 1300 259 malus
1317 240 1323 260 ι
1340 231 1392 261 sed
1410 231 1459 262 vel
1474 234 1520 262 est
1536 231 1651 268 malus,
1668 230 1718 261 vel
1733 232 1780 260 est
1795 229 1828 259 in

1059 280 1188 312 homine
1212 283 1388 314 secundum
1413 287 1529 315 statum
1545 284 1679 319 malum,
1705 285 1735 312 et
1751 291 1830 313 con-

1060 333 1157 364 clusio
1172 336 1218 365 θεῖ
1232 344 1307 365 vera
1319 337 1439 367 ratione
1455 337 1584 368 alterius
1599 337 1708 377 partis.

1100 389 1129 416 4.
1145 387 1191 417 Ad
1207 387 1282 418 illud
1298 389 1381 428 quod
1393 391 1552 429 objicitur,
1567 390 1650 430 quod
1663 389 1757 419 timor
1768 395 1831 418 ser-

1062 439 1132 470 vilis
1147 439 1241 470 habet
1261 443 1368 471 ortum
1393 451 1431 472 ex
1456 452 1564 473 amore
1585 442 1762 478 libidinoso,
1785 440 1833 470 (11-

1061 493 1196 523 cendum
1212 494 1297 533 quod
1322 495 1418 525 timor
1433 496 1556 526 servilis
1576 504 1641 525 non
1664 494 1760 525 habet
1781 501 1834 524 or-

1061 548 1130 577 tum
1145 556 1184 577 ex
1200 556 1307 578 amore
1327 548 1504 587 libidinoso,
1522 549 1574 580 sed
1595 550 1698 589 potest
1717 547 1835 578 habere

1061 603 1167 631 ortum
1185 610 1224 631 ex
1240 610 1347 632 amore
1367 603 1515 633 naturali.
1542 603 1640 633 Amor
1668 601 1754 632 enim
1776 609 1833 630 na-

1062 653 1172 684 turalis
1192 653 1359 694 dupliciter
1381 655 1497 685 dit-itur
1521 664 1528 683 z
1554 664 1620 685 uno
1645 653 1739 684 modo
1765 653 1833 690 ille,

1062 706 1117 746 qui
1143 708 1188 737 θεῖ
1219 716 1292 737 curn
1324 707 1389 746 ipsa
1420 710 1534 738 natura
1567 707 1742 748 plantatus;
1775 705 1836 736 alio

1064 759 1156 789 modo
1171 759 1232 796 ille⁷
1250 760 1303 799 qui
1320 762 1367 790 est
1383 770 1420 791 ex
1438 761 1574 791 naturali
1589 760 1715 797 affectu,
1731 761 1763 790 et
1779 767 1838 789 vo-

1064 812 1201 843 luntario
1213 814 1362 844 exercitio
1378 814 1549 854 acquisitus
1567 814 1634 845 sine
1653 813 1765 852 gratiae
1780 812 1836 843 do-

1064 875 1105 897 no
1124 876 1131 897 :
1147 869 1177 897 ct
1191 876 1231 897 cx
1248 867 1301 897 tali
1323 877 1432 898 amore
1456 870 1557 908 potest
1572 868 1670 898 homo
1695 867 1838 906 peccator

1065 920 1204 960 seipsum
1230 920 1298 950 sine
1324 921 1391 960 ipso
1416 924 1542 961 peccato
1561 929 1680 958 amare,
1702 921 1732 950 et
1757 918 1840 949 mala

1065 983 1124 1004 sua
1144 974 1254 1013 fugere
1279 974 1346 1004 sive
1368 974 1548 1014 pumentia,
1572 973 1638 1004 sive
1659 973 1788 1004 futura:
1810 973 1842 1002 et

1066 1036 1105 1057 ex
1121 1027 1173 1057 tali
1190 1036 1298 1058 amore
1313 1027 1406 1057 timor
1421 1027 1543 1057 servilis
1555 1027 1648 1057 habet
1661 1025 1839 1066 procedere.

1067 1080 1098 1111 Si
1113 1081 1199 1111 enim
1226 1080 1323 1111 homo
1340 1080 1480 1120 scipsum
1496 1082 1581 1110 amat
1596 1079 1634 1110 ad
1656 1079 1716 1110 hoc
1732 1081 1768 1109 ut
1789 1087 1842 1108 ac—

1067 1134 1174 1174 quirat
1188 1135 1333 1171 salutem,
1350 1136 1379 1164 et
1392 1133 1543 1164 extimeat
1553 1135 1672 1164 aeterna
1685 1133 1843 1163 tormenta

1068 1187 1244 1225 incurrere,
1261 1187 1330 1218 talis
1342 1187 1465 1217 affectio
1478 1187 1607 1224 amoris,
1619 1185 1767 1225 quamvis
1779 1194 1843 1215 non

1072 1241 1112 1271 sit
1126 1250 1165 1271 ex
1187 1241 1356 1279 charitate,
1380 1242 1481 1281 potest
1503 1243 1609 1270 tamen
1634 1248 1700 1269 esse
1722 1239 1843 1278 absque

1070 1294 1212 1325 libidine.
1231 1294 1331 1324 Aliter
1345 1296 1446 1333 potest
1459 1294 1531 1331 dici,
1548 1293 1631 1332 quod
1647 1292 1729 1323 sicut
1749 1292 1845 1322 timor

1071 1347 1264 1383 mundantia
1291 1356 1353 1386 quo
1375 1347 1447 1386 quis
1470 1346 1559 1376 timet
1579 1345 1723 1376 amittere
1749 1353 1846 1375 mun-

1072 1400 1164 1438 dana,
1190 1402 1236 1431 est
1253 1409 1292 1431 ex
1308 1408 1416 1430 amore
1431 1399 1553 1437 mundi,
1576 1401 1606 1429 et
1620 1398 1715 1429 timor
1729 1397 1844 1428 huma-

1073 1464 1133 1485 nus
1146 1463 1186 1484 ex
1201 1462 1308 1484 amore
1329 1452 1512 1492 temporalis
1533 1451 1657 1489 salutis,
1682 1451 1726 1482 sic
1749 1451 1847 1481 timor

1073 1507 1207 1545 servilis,
1227 1516 1300 1537 cum
1316 1506 1431 1546 aliquis
1445 1506 1534 1536 timet
1549 1505 1712 1535 incurrere
1727 1507 1847 1535 aeterna

1074 1563 1242 1597 tormenta,
1268 1563 1313 1591 cst
1335 1569 1375 1590 ex
1399 1568 1505 1590 amore
1530 1561 1660 1589 aeternae
1686 1558 1796 1588 salutis
1817 1559 1848 1588 et

1074 1614 1277 1645 beatitudinis
1295 1624 1301 1642 :
1324 1617 1355 1644 et
1379 1613 1435 1644 iste
1451 1622 1551 1651 amor⁷
1576 1615 1734 1653 quantum
1747 1613 1796 1642 est
1810 1611 1849 1641 de

1076 1678 1119 1706 se,
1144 1677 1209 1698 non
1222 1670 1267 1698 cst
1283 1667 1461 1707 einpabil'is‚
1486 1666 1540 1697 scd
1555 1669 1601 1697 θεῖ
1618 1666 1666 1697 νθ1
1680 1664 1846 1702 naturalis,

1077 1721 1127 1751 vel
1151 1721 1310 1759 gratuitus
1328 1730 1345 1750 a
1368 1721 1470 1759 gratia
1487 1720 1588 1759 gratis
1602 1720 1684 1756 data,
1708 1718 1760 1750 vel
1774 1723 1850 1757 gra-³

1077 1774 1176 1804 tuitus
1200 1784 1218 1804 a
1240 1774 1344 1813 gratia
1365 1776 1493 1812 gratum
1520 1773 1651 1804 faciente
1673 1783 1680 1803 ε
1702 1774 1733 1802 et
1755 1772 1851 1802 timor

1079 1828 1201 1858 servilis
1227 1828 1306 1857 liene
1332 1829 1432 1866 potest
1455 1836 1522 1856 esse
1546 1836 1586 1856 ex
1611 1834 1719 1856 amore
1742 1824 1852 1855 salutis

1079 1880 1183 1920 primo
1201 1880 1249 1910 vel
1267 1880 1358 1910 tertio
1373 1880 1467 1910 modo
1482 1879 1563 1910 dicto
1582 1890 1588 1909 ;
1608 1881 1638 1909 ct
1653 1878 1722 1909 ideo
1737 1877 1852 1908 falsum

1081 1934 1242 1973 supponit,
1261 1941 1337 1963 cum
1352 1932 1426 1963 dicit
1444 1932 1528 1972 quod
1543 1935 1589 1963 est
1604 1941 1643 1963 ex
1658 1940 1766 1962 amore
1780 1930 1852 1961 libi-

1080 1987 1202 2017 dinoso.

1122 2042 1150 2070 5.
1166 2039 1213 2070 Ad
1226 2039 1302 2069 illud
1319 2039 1404 2079 quod
1420 2038 1578 2078 objicitur,
1592 2037 1676 2077 quod
1691 2046 1781 2068 amor
1797 2036 1855 2067 Do-

1083 2093 1161 2122 mini
1191 2094 1319 2132 propter
1350 2091 1534 2131 temporalia
1565 2090 1778 2130 principaliter
1809 2091 1856 2120 θεῖ

1082 2148 1257 2186 peccatum,
1275 2144 1441 2175 dicendum
1456 2144 1540 2184 quod
1556 2153 1621 2174 non
1636 2145 1683 2173 est
1698 2142 1802 2173 simile
1817 2142 1856 2173 (le

1083 2208 1191 2229 amore
1206 2201 1235 2228 et
1247 2198 1359 2228 timore
1374 2209 1381 2227 ι
1397 2198 1471 2237 quia
1483 2206 1572 2227 amor
1588 2199 1633 2227 est
1648 2196 1698 2226 ille
1713 2196 1769 2236 qui
1784 2195 1857 2226 facit

1083 2252 1157 2289 frui,
1174 2253 1205 2282 et
1220 2254 1266 2281 cst
1281 2252 1349 2290 ejus
1365 2251 1518 2290 quietare,
1542 2250 1593 2280 vol
1609 2249 1647 2280 ad
1664 2249 1750 2280 aliud
1765 2248 1856 2279 incli-

1084 2315 1159 2336 nare
1177 2316 1183 2335 z
1200 2306 1231 2335 ct
1246 2304 1314 2334 idco
1330 2305 1445 2343 peccat,
1465 2303 1520 2342 qui
1536 2303 1640 2342 diligit
1651 2304 1751 2333 Deum
1768 2311 1858 2342 prop-

1085 2361 1132 2389 ter
1145 2357 1331 2397 temporalia
1344 2356 1570 2397 principaliter,
1585 2356 1660 2396 quia
1670 2355 1742 2386 facit
1755 2356 1792 2386 de
1806 2355 1858 2386 via

1085 2414 1193 2450 finem,
1219 2414 1248 2442 et
1270 2410 1307 2441 (le
1331 2411 1393 2441 siue
1409 2412 1493 2441 viam
1511 2421 1516 2440 :
1536 2420 1600 2441 non
1622 2410 1665 2441 sic
1686 2411 1791 2440 autem
1812 2410 1859 2439 est

1086 2468 1227 2505 exparte
1251 2464 1383 2494 timoris.
1411 2464 1480 2495 Alia
1502 2466 1548 2494 est
1571 2464 1662 2501 ratio,
1687 2463 1762 2502 quia
1785 2470 1859 2492 cum

1086 2519 1156 2558 quis
1180 2520 1265 2548 amat
1289 2517 1388 2548 Deum
1412 2519 1540 2557 propter
1562 2515 1768 2556 temporalia,
1797 2515 1859 2545 duo

1086 2575 1161 2602 sunt
1177 2572 1220 2602 ihi
1243 2574 1364 2609 amata;
1390 2571 1443 2602 sed
1458 2579 1532 2601 cum
1553 2569 1625 2609 quis
1649 2569 1737 2599 timet
1760 2568 1860 2599 Deum

1087 2628 1214 2666 propter
1234 2635 1342 2666 poenas
1357 2635 1437 2666 quas
1458 2623 1588 2663 infligit,
1615 2632 1699 2654 uuus
1714 2622 1799 2653 solus
1815 2625 1861 2653 est
