2017 2948
39 1224 69 1246 Ad
92 1230 143 1251 opp.

571 136 668 168 DIST.
691 135 744 166 111.
768 133 881 165 ΡΑΡιΤ.
905 134 930 165 Ι.
950 134 1041 167 ΑΡιΤ.
1066 136 1090 167 1.
1114 136 1263 173 QUAEST.
1287 137 1339 168 111.

157 213 272 244 corpus
286 206 412 242 tangat,
437 206 468 234 et
489 212 543 234 cor
563 203 686 239 abluat,
708 202 769 232 nisi
792 201 924 231 faciente

156 258 265 295 verbo,
277 267 342 288 non
357 257 432 297 quia
444 257 568 294 dicitur,
583 256 636 286 sed
651 255 726 295 quia
738 254 919 285 creditum»

156 310 240 350 Ergo
255 311 281 340 si
296 319 420 340 necesse
435 311 480 340 est
496 309 567 347 dici,
585 317 710 338 necesse
725 309 771 338 est
786 307 881 337 credi.

196 363 273 393 Item
291 363 299 379 ¹
316 373 322 392 z
356 363 546 401 taz'czmzque
567 361 730 401 baptizati
754 368 863 391 sumus
886 361 923 391 in

158 416 278 447 Christo
292 416 367 446 Jesu
378 438 386 451 ‚
404 416 439 446 in
455 417 551 446 morte
566 415 672 453 ipsius
687 413 847 452 baptizati·
869 421 922 444 szc-

156 477 237 500 mus.
265 468 394 499 Glossa:
423 480 437 495 «
459 467 495 497 In
519 469 620 497 morte
646 466 745 506 ipsius
769 466 844 495 dicit
868 474 925 495 uos

156 521 321 561 baptizari,
337 520 412 560 quia
431 529 517 550 mors
533 520 662 556 Christi,
680 528 775 549 causa
789 521 835 549 est
849 527 923 549 nos-

156 577 213 605 trae
234 574 473 614 purificationis.
500 584 513 601 »
540 573 599 603 Sed
624 581 709 602 mors
731 572 845 602 Christi
861 580 925 602 non

156 630 220 658 est:
239 637 316 667 ergo
333 627 359 657 si
378 626 497 666 aliquid
514 626 604 663 facit,
622 634 748 655 necesse
763 627 808 655 est
830 627 864 655 ut
880 625 925 654 fa-

157 681 217 712 ciat
236 690 292 720 per
312 680 411 717 illud,
434 680 519 719 quod
540 679 645 718 aliquo
670 679 764 709 modo
788 681 853 708 est:
872 679 926 709 sed

157 734 234 764 fides
249 736 295 764 est
309 733 387 764 illud
406 733 580 763 secundum
601 732 685 772 quod
703 735 806 762 manet
823 732 927 763 adhuc

157 786 271 825 passio,
288 785 365 825 quia
379 785 516 815 creditur
532 795 538 814 ε
563 793 642 823 ergo
657 784 694 814 ad
710 785 926 822 integritatem

156 838 305 878 baptismi
335 838 512 869 necessaria
536 841 583 869 est
603 838 680 868 fides
706 838 831 868 articuli
854 847 923 877 pas-

156 891 264 922 sionis.

197 943 290 982 Item,
307 944 341 974 in
362 946 434 974 actu
455 944 632 983 baptizandi
653 945 683 974 et
704 943 737 973 111
761 943 859 973 verbo
881 946 927 974 est

156 996 305 1036 professio
325 997 418 1027 fidei:
438 996 491 1027 sed
514 996 663 1036 professio
683 996 771 1033 fidei,
801 996 927 1035 quando

157 1058 221 1080 non
236 1051 283 1080 est
297 1050 374 1080 fides
384 1074 391 1087 ,
410 1049 489 1080 falsa
503 1053 548 1080 est
562 1051 593 1080 et
607 1049 753 1079 inefficax
770 1059 777 1079 :
795 1057 874 1087 ergo
889 1049 927 1080 ad

158 1101 218 1132 hoc
232 1102 316 1141 quod
331 1102 506 1141 baptismus
527 1102 566 1132 sit
582 1104 817 1132 sacramentum
840 1111 926 1132 com-

158 1154 278 1194 pletum
292 1157 323 1185 et
336 1156 459 1192 efficax,
476 1155 652 1185 necessaria
666 1157 713 1185 est
724 1156 812 1186 fides.

198 1207 334 1239 Contra:
362 1207 541 1248 Baptismus
560 1210 606 1238 est
633 1208 772 1247 praevius
797 1209 835 1238 ad
862 1209 926 1238 vir-

160 1262 241 1291 tutes
272 1263 421 1300 tanquam
458 1261 600 1300 primum
634 1264 904 1291 sacramentorum
918 1285 926 1298 ,

159 1313 244 1352 quod
270 1313 481 1352 imprimendo
501 1313 713 1343 characterem
734 1313 870 1353 disponit
890 1315 927 1344 ad

159 1366 254 1396 fidem
273 1378 278 1396 :
297 1366 349 1395 sed
363 1366 450 1405 prius
464 1368 565 1405 potest
581 1376 647 1397 esse.
663 1366 730 1397 sine
745 1367 927 1406 posteriori:

159 1428 238 1457 ergo
264 1416 412 1457 baptismi
437 1421 671 1449 sacramentnm
696 1422 742 1449 est
766 1419 930 1458 integrum

160 1482 233 1503 cum
247 1473 370 1503 defectu
383 1472 465 1502 fidei.

201 1526 230 1554 ⁵2.
248 1524 324 1554 Item
337 1549 344 1562 ‚
363 1534 436 1555 cum
459 1525 592 1555 nobilior
612 1525 651 1554 sit
672 1524 808 1554 charitas
832 1534 930 1564 quam

160 1578 249 1616 fides,
265 1580 296 1608 et
317 1579 473 1609 efficacior
491 1579 528 1609 ad
544 1579 748 1616 merendum,
767 1578 792 1608 si
817 1578 931 1618 baptis-

159 1641 232 1662 mus
246 1631 342 1662 habet
361 1632 530 1662 efficaciam
547 1632 586 1662 ab
601 1632 708 1671 aliqua
729 1631 861 1670 virtute,
879 1641 931 1671 po-

160 1684 223 1715 tius
242 1684 367 1715 videtur
396 1685 481 1724 quod
506 1685 616 1716 debeat
644 1684 760 1715 habere
784 1694 803 1714 a
831 1684 931 1714 chari-

159 1739 222 1768 tate
233 1761 240 1775 ,
257 1746 353 1776 quam
370 1746 387 1766 a
402 1737 476 1768 fide.

200 1792 229 1821 3.
254 1789 350 1828 item,
369 1790 395 1820 si
414 1790 492 1820 fides
515 1791 561 1820 est
584 1790 621 1820 de
645 1789 827 1820 necessitate
850 1790 931 1829 bap-

161 1842 245 1872 tismi
257 1865 267 1880 ,
283 1843 398 1873 adhoc
420 1843 504 1882 quod
519 1842 558 1872 sit
577 1843 750 1882 perfectum
770 1844 802 1872 et
820 1843 931 1873 efficax

161 1898 412 1932 sacramentum,
441 1898 471 1925 et
492 1897 688 1925 sacramenta
714 1895 827 1924 veteris
850 1895 931 1934 legis

160 1948 254 1978 etiam
266 1948 438 1979 efficaciam
451 1948 614 1985 haberent,
630 1956 704 1977 cum
716 1947 794 1977 fides
807 1947 852 1978 eis
864 1950 931 1978 erat

160 2000 324 2039 adjuncta,
351 2001 476 2032 videtur
497 2000 582 2040 quod
607 2009 671 2030 non
699 2000 824 2030 differat
850 2000 927 2040 bap-

158 2053 274 2084 tismus
288 2064 306 2084 a
320 2054 525 2084 sacramentis
541 2053 655 2083 veteris
669 2052 760 2091 legis.

198 2108 228 2137 4.
253 2107 330 2138 Item
353 2107 480 2137 videtur
503 2106 589 2146 quod
612 2115 674 2136 non
695 2105 736 2135 sit
755 2106 931 2136 necessaria

159 2159 238 2189 fides
249 2159 372 2190 articuli
387 2159 553 2199 passionis,
569 2158 625 2189 sed
639 2158 743 2197 magis
756 2157 927 2197 Trinitatis,

161 2211 236 2250 quia
250 2212 282 2242 in
298 2212 452 2251 baptismo
467 2212 658 2252 exprimitur
670 2211 805 2242 verbum
820 2211 853 2241 in
867 2220 930 2251 quo

162 2267 208 2293 cst
221 2264 370 2303 professio
381 2265 453 2295 fidei
470 2265 630 2295 Trinitatis
644 2275 650 2294 :
663 2273 740 2303 ergo
751 2264 777 2293 si
791 2265 930 2295 maxime

163 2319 207 2346 cst
223 2318 435 2348 necessarium
450 2319 575 2349 credere
588 2318 673 2357 quod
688 2317 765 2347 tides
781 2318 931 2356 exprimit

164 2369 197 2398 iu
212 2369 265 2399 illo
284 2372 494 2408 sacramento,
517 2373 592 2401 tunc
616 2370 740 2401 videtur
761 2369 845 2409 quod
867 2379 930 2400 11011

163 2421 240 2452 fides
256 2422 379 2452 articuli
396 2423 563 2462 passionis,
580 2423 635 2453 sed
650 2422 812 2453 Trinitatis
832 2423 872 2453 sit
894 2423 932 2453 de

162 2475 344 2505 necessitate
366 2475 525 2515 baptismi.
551 2475 681 2515 Propter
700 2475 760 2506 hoc
782 2484 862 2514 ergo
885 2479 932 2506 est

163 2529 308 2567 quaestio,
326 2530 485 2568 quomodo
500 2530 695 2560 sacramenta
715 2529 860 2560 dicantur
873 2530 930 2560 1111-

195 2591 204 2606 ¹
219 2591 298 2621 Rom„
312 2597 349 2621 vr,
367 2594 390 2615 3.
401 2605 431 2610 -
445 2592 453 2606 ²
468 2593 545 2623 nug„
558 2591 601 2615 lib.
620 2591 640 2621 1,
655 2598 680 2621 p.
697 2592 738 2622 lx,
753 2598 775 2616 c.
789 2597 843 2616 vm.

1694 143 1752 171 303

980 201 1054 233 here
1077 203 1228 235 virtutem
1257 213 1275 234 a
1308 203 1390 241 fide;
1416 205 1472 241 et,
1500 204 1525 234 si
1554 204 1616 236 alia
1647 215 1752 238 sacra-

981 258 1087 286 menta
1098 256 1217 287 habent
1229 257 1309 287 sicut
1325 259 1355 286 et
1373 256 1556 296 baptismus,
1573 267 1673 297 quare
1688 269 1752 290 ma-

981 307 1030 345 gis
1058 308 1125 348 ipse
1160 309 1336 348 baptismus
1372 309 1487 339 dicitur
1519 314 1751 343 sacramentum

981 359 1065 398 fidei,
1080 370 1177 400 quam
1193 362 1252 392 alia
1269 363 1476 392 sacramenta.

1259 481 1484 513 CONCLUSIO.

983 567 1029 593 Ad
1051 567 1212 602 baptismum
1234 571 1383 596 necessaria
1404 573 1443 596 est
1465 571 1530 604 fides
1548 571 1661 605 alicujus
1682 574 1752 598 arti-

1017 612 1090 642 culi,-
1105 615 1128 638 et
1142 617 1338 641 sacramentnm
1359 615 1487 649 baptismi
1509 615 1586 641 habet
1605 617 1755 650 efficaciam

1019 663 1035 681 a
1049 656 1098 688 fide
1113 658 1253 691 Eri-lessae,
1270 660 1333 692 qnia
1350 660 1434 692 ipsius
1452 661 1489 686 cst
1509 662 1715 694 sacramentum,
1732 662 1755 687 et

1018 707 1069 726 non
1082 701 1229 734 singularis
1243 702 1366 728 hominis.

1024 785 1114 825 Resp.
1138 786 1177 816 ad
1201 795 1272 825 arg.
1291 787 1462 817 Dicendum
1487 789 1570 827 quod
1594 789 1671 819 fides
1688 799 1753 820 non

983 840 1107 869 tautum
1142 840 1318 870 necessaria
1357 842 1403 870 est
1439 845 1636 872 sacramento
1676 843 1754 882 bap·

983 891 1086 928 tismi,
1116 891 1169 921 sed
1198 894 1229 921 et
1254 892 1403 922 omnibus
1431 895 1656 932 sacramentis;
1684 904 1754 935 spe-

984 944 1102 973 cialiter
1128 946 1235 974 tamen
1262 948 1459 976 sacramento
1488 947 1654 986 baptismi,
1682 949 1757 987 quia

983 997 1091 1026 omnia
1114 998 1312 1027 sacramenta
1331 998 1485 1029 virtutem
1501 999 1619 1030 habent
1634 1010 1653 1031 a
1673 1001 1734 1032 fide
1746 1025 1754 1039 ,

986 1051 1020 1079 ut
1034 1049 1109 1079 dicit
1129 1049 1225 1088 Hugo
1239 1050 1260 1080 ².
1278 1049 1380 1090 Hujus
1399 1053 1506 1082 autem
1526 1053 1605 1083 ratio
1619 1054 1757 1085 sumitur
1771 1063 1832 1084 nano
1843 1071 1878 1085 ue-

986 1101 1176 1140 generaliter
1202 1105 1345 1142 respectu
1373 1105 1518 1135 omnium
1543 1109 1757 1139 sacramento·
1772 1097 1877 1117 ⁰⁰⁵³³¹³⁵³³

984 1164 1071 1192 rum,
1088 1164 1152 1185 11011
1168 1155 1270 1186 solum
1287 1157 1487 1195 necessitatis,
1504 1158 1556 1188 scd
1573 1159 1668 1190 etiam
1683 1169 1756 1191 con-

986 1208 1156 1247 gruentiae.
1174 1208 1265 1238 Ratio
1281 1211 1387 1239 autem
1401 1211 1592 1241 necessitatis
1607 1214 1664 1250 est,
1681 1222 1757 1252 quo-

985 1262 1073 1292 niam
1097 1262 1130 1292 in
1159 1262 1220 1292 fide
1245 1265 1291 1292 est
1320 1264 1421 1302 prima
1447 1264 1529 1295 ratio
1554 1266 1705 1305 uniendi,
1729 1270 1759 1298 et

985 1315 1089 1353 prima
1100 1315 1180 1345 ratio
1192 1315 1337 1346 elevandi
1349 1326 1444 1356 supra
1455 1320 1613 1349 naturam.
1628 1319 1758 1359 Propter

985 1367 1122 1406 primam
1141 1368 1297 1398 rationem
1322 1370 1451 1400 uniendi
1470 1372 1645 1402 necessaria
1664 1375 1709 1403 est
1725 1373 1757 1403 in

985 1421 1209 1459 sacramentis,
1227 1421 1377 1460 quoniam
1398 1423 1502 1461 gratia
1521 1426 1758 1456 sacramentalis

985 1476 1187 1512 comparatur
1211 1474 1250 1503 ad
1274 1474 1425 1505 virtutem
1455 1477 1630 1516 passionis,
1659 1481 1694 1509 ut
1719 1479 1758 1509 ad

986 1525 1137 1556 meritum
1166 1526 1204 1565 (a)
1216 1550 1225 1564 ,
1248 1527 1301 1557 sed
1331 1527 1369 1557 ad
1399 1528 1551 1559 virtutem
1577 1529 1756 1569 Trinitatis,

985 1577 1066 1607 sicut
1081 1577 1119 1608 ad
1135 1578 1327 1618 principium
1349 1580 1542 1612 effectivum.
1562 1583 1610 1613 Ad
1629 1583 1690 1614 hoc
1704 1593 1757 1615 au-

988 1634 1051 1662 tem
1074 1633 1159 1671 quod
1180 1633 1284 1663 virtus
1308 1635 1463 1674 passionis
1481 1638 1587 1676 magis
1609 1641 1758 1678 operetur

985 1687 1015 1715 et
1029 1685 1174 1724 disponat
1195 1685 1228 1716 in
1250 1689 1456 1719 sacramentis
1477 1700 1574 1729 quam
1593 1692 1688 1730 alibi,
1705 1702 1758 1723 ne—

986 1747 1070 1768 00550
1085 1740 1133 1768 est
1145 1739 1230 1778 quod
1246 1739 1352 1779 aliquo
1364 1742 1457 1772 modo
1469 1743 1634 1782 copuletur
1648 1745 1759 1785 hujus—

986 1790 1071 1821 modi
1087 1791 1202 1830 signis.
1220 1791 1286 1822 Hoc
1300 1796 1482 1825 autemnon
1494 1798 1596 1835 potest
1609 1806 1676 1827 esse
1690 1798 1758 1828 51110

985 1843 1068 1873 eoin
1092 1853 1157 1883 quo
1172 1847 1219 1875 est
1241 1846 1343 1884 prima
1359 1847 1454 1877 unio:
1472 1850 1503 1878 et
1516 1848 1586 1880 haec
1600 1851 1647 1880 est
1667 1850 1755 1889 fides,

985 1905 1041 1935 per
1059 1905 1157 1935 quam
1173 1897 1325 1928 meritum
1346 1899 1455 1939 capitis
1474 1901 1510 1931 fit
1524 1902 1756 1933 membrorum.

985 1949 1065 1980 Dum
1082 1950 1168 1980 enim
1190 1951 1348 1983 credimus
1362 1954 1446 1992 quod
1470 1963 1527 1994 pro
1542 1955 1632 1986 nobis
1647 1966 1758 1996 passus

985 2005 1048 2040 est,
1066 2003 1216 2034 meritum
1239 2004 1353 2035 Christi
1374 2007 1408 2036 tit
1432 2006 1759 2040 EcclesiaesSimiliter

985 2055 1024 2086 ad
1042 2055 1103 2086 hoc
1117 2057 1201 2096 quod
1217 2058 1319 2090 virtus
1336 2059 1445 2090 divina
1460 2062 1636 2100 specialiter
1650 2066 1681 2093 et
1697 2064 1758 2094 mi-

984 2109 1124 2140 rabiliter
1145 2110 1257 2141 influat
1276 2121 1374 2151 supra
1396 2116 1560 2152 naturam,
1584 2117 1759 2147 necessaria

985 2164 1031 2192 est
1044 2162 1116 2193 tidei
1139 2163 1257 2202 virtus,
1275 2165 1308 2195 in
1328 2175 1392 2205 qua
1408 2169 1456 2197 est
1479 2168 1582 2206 prima
1597 2169 1677 2199 ratio
1694 2169 1756 2200 ele-

985 2215 1081 2246 vandi
1096 2217 1270 2255 potentiam
1287 2227 1384 2257 supra
1398 2222 1547 2251 naturam
1561 2232 1567 2251 :
1585 2224 1615 2252 et
1630 2222 1699 2252 haec
1713 2224 1758 2252 est

985 2267 1085 2297 fides:
1114 2270 1243 2308 propter
1266 2271 1350 2310 quod
1376 2272 1472 2302 etiam
1501 2274 1639 2305 maxime
1665 2275 1757 2305 attri-

987 2320 1095 2351 buitur
1125 2322 1153 2351 ci
1182 2322 1284 2353 virtus
1311 2324 1443 2355 faciendi
1473 2327 1635 2357 miracula.
1668 2327 1758 2358 Ratio
1803 2339 1861 2358 mi„

986 2375 1093 2403 autem
1116 2377 1337 2414 congruentiae
1363 2381 1425 2416 est,
1453 2380 1529 2418 quia
1552 2381 1632 2410 sicut
1653 2390 1755 2410 sacra·
1773 2376 1862 2420 &¹¹5¹

987 2428 1093 2457 menta
1106 2427 1216 2459 dicunt
1235 2430 1394 2469 quoddam
1411 2432 1555 2463 velamen
1577 2433 1691 2472 grathe
1708 2434 1756 2463 in-

986 2480 1127 2518 terioris,
1144 2481 1228 2520 quod
1245 2484 1350 2513 tamen
1369 2484 1475 2524 aliquo
1490 2486 1583 2516 modo
1598 2486 1759 2516 illuminat

986 2532 1026 2563 ad
1050 2535 1311 2572 cognoscendum
1319 2546 1327 2573 ;
1351 2536 1395 2567 sic
1416 2537 1494 2568 fides
1519 2538 1664 2570 velamen
1685 2538 1758 2569 dicit

1018 2594 1050 2624 (a)
1064 2594 1132 2618 Edit.
1150 2596 1205 2620 Ven.
1220 2596 1354 2620 munitum.
