2017 2948
83 525 115 545 Ad
136 531 185 552 opp.

73 2177 174 2197 Fundam.

632 173 728 207 DIST.
753 174 803 205 IV.
825 173 940 205 PART.
965 173 1002 204 11.
1027 173 1116 204 ART.
1141 173 1162 204 1.
1187 173 1322 210 QUAEST
1345 174 1368 205 Ι.

475 296 652 336 QUAEsrio
676 296 698 326 1.

233 378 278 404 An
297 378 443 413 baptismus
460 378 576 410 flaminis
595 377 651 402 sine
670 376 802 409 baptismo
817 375 935 407 fluminis

420 422 541 455 sufficiat
556 421 592 447 acl
605 421 715 447 salutem
727 418 746 445 ¹.

242 509 354 540 Utrum
374 507 549 547 baptiSmus
563 506 700 536 flaminis
722 505 789 535 sine
811 503 968 543 baptismo

201 562 342 593 fluminis
357 561 491 592 sufficiat
512 561 551 591 ad
566 559 717 596 salutern3
735 561 765 589 et
781 557 866 598 quod
882 566 946 587 non
959 580 966 593 ‚

200 615 326 646 videtur
350 614 452 654 primo
475 613 661 644 auctoritate
685 611 809 642 Domini
830 611 863 641 ²:
893 609 969 642 Nisi

200 669 273 708 quis
287 671 416 699 renatus
431 668 544 706 fuerit,
564 668 622 697 etc.
646 665 707 696 Sed
731 664 837 694 nullus
856 663 900 693 sic
922 672 968 694 re-

200 721 340 752 nascitur
355 745 362 758 ,
384 721 444 751 nisi
471 721 646 760 baptizetur
669 718 827 758 baptismo
850 725 965 756 aquae:

199 783 277 813 ergo
289 774 396 804 nullus
418 773 513 803 intrat
528 774 560 802 in
575 781 715 811 regnum
730 771 885 802 coelorum
900 770 967 800 sine

199 827 355 867 baptismo
377 836 468 867 aquae
487 839 492 856 :
516 836 593 866 ergo
615 825 790 865 baptismus
811 823 967 862 flaminis,

199 880 265 911 sive
278 880 406 920 spiritus
417 904 424 917 ,
440 890 505 911 11011
521 879 647 910 sufficit.

238 936 267 963 Ξ.
297 933 374 964 Item
402 933 463 964 hoe
487 934 591 973 ipsum
621 933 772 972 probatur
800 930 946 970 exempto
958 954 966 967 ‚

198 988 274 1026 quia
288 986 403 1017 dicitur
417 987 427 1004 ⁸
441 987 525 1027 quod
539 986 710 1023 Cornelius,
727 988 757 1016 et
772 985 827 1024 qui
842 993 914 1015 cum
929 993 966 1014 eo

198 1042 308 1078 erant,
325 1040 412 1079 prius
426 1042 615 1079 receperunt
629 1039 782 1078 Spiritum
799 1040 944 1068 sanctum
956 1062 964 1075 ,

198 1096 227 1124 et
237 1094 437 1133 postmodum
447 1093 593 1133 baptizati
602 1095 676 1122 sunt
684 1092 840 1131 baptismo
852 1099 944 1130 aquce
957 1101 963 1120 :

198 1156 277 1185 ergo
294 1146 420 1177 videtur
433 1146 517 1186 quod
530 1145 676 1185 baptizati
693 1145 846 1184 baptismo
862 1143 964 1173 flami-

196 1200 246 1230 nis
260 1202 406 1230 tenentur
416 1200 455 1230 ad
470 1200 664 1240 baptismum
679 1208 771 1239 aquae
786 1207 883 1237 :ergo
898 1199 966 1228 sine

196 1253 256 1283 hoc
267 1262 331 1283 non
345 1255 391 1283 est
405 1253 499 1283 salus.

237 1308 264 1336 3.
283 1306 372 1343 Item,
385 1307 411 1336 si
427 1306 541 1346 aliquis
556 1308 659 1345 posset
673 1305 790 1335 salvari
805 1306 872 1335 sine
886 1306 964 1345 bap-

196 1360 288 1389 tismo
309 1369 418 1399 aquae,
438 1359 576 1389 maxime
602 1359 726 1390 videtur
749 1359 786 1389 de
807 1360 941 1399 parvulo
955 1384 962 1396 ‚

194 1413 242 1443 cui
259 1413 351 1443 citius
370 1413 458 1443 debet
479 1423 518 1444 ex
541 1413 755 1443 misericordia
777 1413 830 1443 Dei
852 1414 965 1443 subve-

193 1466 254 1496 niri
269 1477 274 1496 :
289 1466 342 1496 sed
354 1467 505 1506 parvulus
520 1468 572 1506 qui
589 1476 652 1497 non
662 1468 708 1497 est
723 1468 852 1497 renatus
867 1475 959 1505 aqua,

193 1519 382 1557 damnatur,
398 1520 478 1549 sicut
498 1519 572 1549 dicit
595 1520 795 1558 Augustinus
810 1521 819 1535 ¹·
834 1519 865 1548 in
881 1519 962 1549 libro

193 1573 236 1604 De
256 1573 319 1612 fide
343 1573 387 1604 ad
405 1573 551 1611 Petrum,
568 1575 599 1603 et
623 1573 758 1603 habetur
778 1573 811 1603 iu
832 1573 936 1602 littera
954 1583 960 1602 :

197 1638 210 1655 (ι
228 1625 419 1657 Firmissime
438 1629 524 1665 tene,
542 1638 556 1655 »
576 1629 633 1656 etc.
656 1626 743 1665 Ergo
759 1626 865 1656 nullus
881 1625 963 1656 alius

192 1679 262 1710 sine
276 1680 444 1720 baptismo,
459 1681 755 1719 quantumcumque
777 1679 868 1709 aliter
887 1678 963 1719 bap-

193 1733 306 1764 tizatus
321 1733 375 1770 sit,
393 1733 508 1764 salvari
527 1735 638 1772 potest.

233 1789 262 1816 4.
272 1786 361 1824 Item,
369 1786 596 1826 sialiterquam
604 1786 862 1826 perbaptismum
869 1795 961 1826 aquae

193 1842 293 1879 potest
315 1839 386 1879 quis
408 1840 547 1877 salvari,
568 1849 646 1878 ergo
669 1840 847 1879 baptismus
871 1849 963 1879 aquae

192 1901 257 1922 11011
272 1894 318 1922 est
332 1894 567 1922 sacramentum
579 1893 773 1923 necessitatis
786 1903 793 1923 ε
806 1902 885 1932 ergo
899 1902 962 1923 non

193 1947 342 1984 peccant,
360 1946 414 1985 qui
435 1945 547 1976 nolunt
567 1945 720 1985 baptizari
739 1957 744 1976 ε
762 1946 816 1977 sed
837 1946 897 1976 hoc
916 1948 963 1977 est

193 1999 357 2029 manifeste
371 1999 484 2029 falsum
501 2012 507 2029 ;
526 2008 604 2038 ergo
618 1999 684 2029 sine
699 2000 856 2040 baptismo
870 2010 961 2040 aquae

191 2061 256 2083 non
271 2054 316 2082 est
332 2052 418 2083 salus
433 2061 529 2091 :ergo
545 2053 652 2083 nultus
668 2053 750 2084 alius
764 2054 879 2085 sufficit
894 2055 962 2085 sine

191 2104 260 2135 hoc.

231 2158 343 2189 Contra
358 2159 386 2189 ⁵:
402 2159 512 2190 Omnis
522 2160 579 2199 qm·
589 2160 685 2197 vivit,
695 2159 835 2192 etet-edic
850 2161 886 2192 in
900 2169 959 2199 me,

191 2219 254 2242 non
267 2212 418 2243 morietur
429 2213 464 2243 z'n
476 2216 638 2244 aecernum.
654 2213 712 2243 Sed
722 2213 801 2252 justi
815 2214 959 2252 credunt,

191 2267 222 2295 et
233 2264 339 2295 fideles
350 2267 434 2303 sunt5
452 2268 622 2306 antequam
636 2267 836 2306 baptizentur
848 2278 856 2298 ι
868 2276 959 2307 ergo,

191 2317 216 2347 si
232 2317 408 2348 moriantur
422 2318 454 2348 in
468 2318 523 2349 tali
538 2319 599 2349 fide
610 2342 619 2357 ,
635 2329 699 2350 non
724 2320 906 2351 moriuntur
927 2321 961 2351 in

191 2371 360 2402 aeternum.

231 2423 309 2455 Item
331 2424 518 2455 Ambrosius
539 2425 642 2463 dicitt⁷
659 2427 688 2456 et
711 2426 847 2457 habetur
861 2427 893 2457 in
907 2427 959 2458 lit-

190 2478 257 2508 tera
278 2487 286 2508 :
311 2488 326 2506 ιι
341 2477 395 2508 Ille
415 2486 511 2518 quem
532 2480 745 2517 regenaturus
758 2488 867 2519 eram,
884 2489 961 2520 gra-

221 2576 229 2591 ²
245 2576 286 2606 Cf.
301 2576 389 2607 Steph.
406 2576 512 2607 Brulet.5
529 2577 559 2600 tV
572 2577 651 2608 Seni„
669 2577 726 2601 dist.
743 2584 777 2607 1v,
793 2586 818 2610 q.
835 2585 880 2603 ν111
894 2587 901 2609 ;
917 2580 960 2604 Pe-

191 2612 244 2634 trus
261 2611 292 2634 de
311 2611 423 2641 Tarant„
443 2612 474 2636 lV
491 2612 570 2641 Sene„
588 2613 646 2636 dist.
662 2619 734 2644 1v‚q.
757 2619 838 2638 1111-
857 2615 864 2628 ²
877 2615 960 2644 .Ιοαη.,

191 2650 230 2675 111,
246 2647 269 2670 3.
283 2659 313 2665 -
328 2646 336 2661 ³
349 2647 414 2677 Act„
429 2652 455 2676 x,
472 2648 510 2678 44,
527 2649 563 2673 48.
582 2660 611 2668 -
624 2648 631 2662 ³
650 2648 701 2673 imo
718 2648 800 2680 Fulq„
815 2649 844 2673 de
858 2650 914 2674 Fz'd.
928 2650 962 2674 ad

1738 178 1795 207 345

1023 241 1119 277 tiam,
1144 249 1242 280 quam
1262 242 1427 280 poposcit,
1449 252 1513 273 non
1532 244 1648 274 amisit.
1677 253 1690 272 n
1709 244 1794 282 Ergo

1024 293 1077 323 ille
1110 293 1165 332 qui
1198 295 1344 324 mortuus
1375 297 1442 325 erat
1472 305 1536 326 non
1566 300 1774 336 regeneratus
1786 322 1794 336 ,

1024 348 1091 376 erat
1106 346 1212 377 salvus
1236 347 1304 377 sine
1323 347 1478 387 baptismo
1494 358 1585 388 aquae
1603 362 1608 380 :
1628 360 1706 389 ergo
1722 352 1796 391 bap-

1024 398 1137 429 tismus
1152 399 1344 438 poenitentiae
1359 400 1427 430 sine
1441 401 1500 431 isto
1518 402 1570 431 dat.
1586 402 1734 433 salutem.

1067 451 1141 481 [tem
1153 476 1162 489 ‚
1181 452 1285 490 gratia
1299 455 1426 491 gratum
1438 454 1553 484 faciens
1568 457 1614 484 est
1631 455 1794 494 dispositio

1024 505 1184 535 sufficiens
1202 505 1241 535 ad
1264 506 1397 536 salutem
1419 518 1425 537 :
1448 508 1609 547 dispositio
1632 510 1740 539 autem
1756 510 1796 539 ad

1023 557 1161 596 gratiam
1181 560 1228 588 est
1250 558 1283 588 111
1306 561 1371 589 toto
1386 560 1478 590 corde
1493 561 1532 590 ad
1550 561 1650 591 Deum
1672 561 1795 599 redire,

1023 613 1054 641 et
1067 611 1106 641 ab
1122 620 1228 641 errore
1242 611 1418 651 discedere3
1441 616 1471 644 et
1491 614 1550 644 hoc
1572 616 1674 644 totum
1694 617 1798 654 potest

1023 671 1089 692 esse
1111 672 1167 702 per
1182 663 1235 694 Dei
1252 665 1389 702 gratiam
1415 666 1484 697 sine
1505 667 1663 707 baptismo
1687 668 1794 698 flumi-

1023 715 1071 745 nis
1088 726 1094 745 :
1112 724 1192 754 ergo
1205 717 1320 756 aliquis
1334 719 1399 749 solo
1415 718 1551 759 Spiritus
1566 721 1666 750 sancti
1678 721 1796 760 baptis-

1023 770 1109 799 mate
1124 769 1239 800 salvari
1256 772 1369 809 potest.

1064 822 1184 860 Item7,
1209 826 1336 862 propter
1364 825 1448 863 quod
1475 826 1746 866 unumquodque,
1767 831 1798 858 et

1023 875 1100 905 illud
1116 876 1222 914 magis
1249 885 1256 905 :
1284 876 1337 906 sed
1352 877 1529 916 baptismus
1549 879 1707 917 fluminis,
1730 881 1797 911 sive

1023 938 1133 968 aquae,
1158 939 1223 959 non
1249 930 1419 960 sanctificat
1443 932 1502 961 11151
1532 941 1588 971 per
1615 932 1793 973 Spiritum:

1023 992 1103 1021 ergo
1119 982 1256 1022 Spiritus
1270 983 1375 1022 magis
1387 985 1560 1015 sanctificat
1571 1009 1578 1022 ,
1596 988 1626 1016 et
1642 986 1714 1017 facit
1729 987 1796 1026 dig-

1022 1046 1100 1067 num
1125 1038 1191 1067 vita
1211 1040 1340 1068 aeterna.
1367 1038 1398 1069 Si
1427 1048 1506 1078 ergo
1539 1041 1652 1081 aliquis
1682 1042 1796 1072 habeat

1022 1090 1216 1129 baptismum
1232 1091 1388 1130 flaminis,
1407 1092 1474 1122 sine
1488 1102 1571 1132 aqua
1585 1094 1681 1124 habet
1703 1104 1792 1125 sane-

1021 1146 1245 1176 tifieationeniz
1265 1149 1296 1177 et
1317 1147 1369 1186 qui
1391 1147 1450 1177 hoc
1469 1148 1583 1186 habet,
1603 1149 1698 1179 babet
1711 1150 1795 1189 quod

1022 1199 1136 1229 sufficit
1151 1200 1189 1230 ad
1205 1200 1339 1230 salutem
1356 1210 1363 1230 :
1387 1210 1465 1239 ergo
1478 1225 1485 1238 ,
1502 1203 1558 1231 etc.
1585 1202 1618 1232 Si
1638 1205 1672 1232 tu
1690 1203 1793 1241 dicas,

1021 1252 1103 1291 quod
1121 1262 1214 1283 nemo
1228 1256 1328 1293 potest
1350 1254 1467 1284 habere
1482 1254 1676 1294 baptismum
1690 1256 1793 1286 flami-

1021 1305 1087 1342 nis,
1113 1305 1171 1335 nisi
1198 1306 1285 1345 prius
1310 1307 1485 1346 baptizetur
1504 1307 1662 1347 baptismo
1682 1318 1791 1348 aqnae,

1021 1359 1195 1389 ostenditur
1220 1369 1287 1390 esse
1308 1360 1421 1390 falsum
1442 1372 1447 1391 ι
1465 1361 1568 1399 primo
1582 1385 1591 1399 ,
1615 1362 1690 1401 quia
1712 1362 1794 1394 Deus

1020 1412 1145 1443 nullum
1167 1413 1290 1452 obligat
1311 1414 1350 1444 ad
1372 1414 1564 1454 impossibile
1580 1427 1586 1452 ;
1604 1418 1633 1446 et
1655 1416 1790 1455 iterum,

1020 1466 1098 1496 nulli
1123 1475 1155 1496 se
1184 1469 1280 1505 negat
1309 1467 1483 1507 requirenti
1512 1469 1617 1507 ipsum
1637 1479 1644 1499 :
1662 1470 1686 1500 si
1715 1480 1793 1509 crgo

1019 1519 1151 1558 aliquis,
1168 1520 1223 1558 qui
1242 1529 1305 1549 non
1329 1522 1430 1559 potest
1452 1521 1623 1560 baptizari,
1638 1523 1677 1553 ad
1692 1523 1793 1554 Deum

1019 1573 1214 1603 convertitur
1230 1597 1239 1611 ,
1264 1573 1347 1604 Deus
1379 1575 1576 1605 convertitur
1601 1576 1640 1606 ad
1661 1577 1766 1616 ipsum
1784 1589 1790 1609 :

1019 1627 1071 1656 sed
1088 1627 1147 1657 hoc
1160 1636 1226 1657 non
1240 1629 1286 1657 est
1301 1627 1358 1657 nisi
1376 1637 1431 1667 per
1443 1628 1641 1659 collationem
1657 1630 1793 1670 Spiritus

1019 1679 1137 1717 sancti,
1159 1682 1189 1710 et
1204 1681 1263 1711 hoc
1285 1683 1331 1711 est
1349 1681 1501 1720 baptizari
1523 1682 1678 1722 baptismo
1695 1683 1794 1714 flami-

1018 1733 1067 1763 nis
1084 1744 1090 1763 z
1108 1742 1188 1772 ergo
1203 1733 1254 1764 ille
1270 1736 1372 1773 potest
1386 1734 1496 1765 haberi
1513 1735 1581 1766 sine
1596 1736 1669 1767 alio.

1293 1848 1516 1880 CONCLUSIO.

1018 1932 1173 1966 Baptismus
1186 1933 1303 1964 flaminis
1316 1933 1372 1959 sine
1385 1932 1516 1967 baptismo
1531 1935 1649 1967 fluminis
1668 1936 1773 1969 sufficit
1783 1956 1791 1969 ,

1054 1976 1194 2003 dnmmodo
1219 1979 1254 2003 sz't
1276 1977 1437 2011 impeditus,
1461 1980 1486 2003 et
1510 1978 1606 2005 habeat
1628 1979 1793 2007 voluntatem

1054 2021 1204 2055 recipiendi
1219 2021 1383 2055 baptismum
1396 2022 1525 2054 [luminis.

1059 2107 1150 2146 Resp.
1175 2106 1213 2136 ad
1236 2115 1306 2144 arg.
1331 2105 1503 2137 Dicendum
1518 2107 1603 2146 quod
1618 2108 1794 2148 baptismus

1019 2160 1178 2197 flaminis,
1204 2162 1234 2190 et
1261 2160 1439 2199 baptismus
1469 2160 1631 2199 fluminis,
1661 2164 1793 2202 uterque

1018 2217 1062 2245 est
1084 2214 1279 2245 necessarius
1294 2214 1332 2244 ad
1349 2213 1495 2244 salutem.
1521 2214 1580 2245 Sed
1599 2215 1722 2254 primus
1746 2219 1794 2246 est

1017 2267 1228 2304 necessarius,
1246 2276 1310 2297 11011
1333 2268 1407 2307 quia
1429 2268 1469 2298 sit
1492 2268 1524 2298 in
1543 2272 1700 2308 praecepto
1713 2294 1721 2307 ⁷
1738 2270 1791 2300 sed

1018 2320 1094 2360 quia
1108 2320 1174 2350 sine
1198 2320 1250 2350 1110
1272 2320 1380 2350 nullus
1400 2320 1554 2351 liberatur
1566 2331 1583 2351 a
1601 2324 1737 2361 peccato.
1754 2321 1792 2353 Et

1018 2373 1172 2414 quoniam
1201 2382 1312 2403 omnes
1338 2376 1514 2412 peccatores
1545 2374 1729 2413 nascimur,
1761 2377 1792 2405 et

1019 2427 1125 2457 nuilus
1145 2426 1260 2458 saivari
1282 2428 1404 2466 potest,
1422 2426 1482 2456 nisi
1507 2426 1656 2457 liberetur
1678 2436 1697 2457 a
1723 2436 1791 2467 pec-

1019 2482 1111 2511 cato:
1138 2481 1207 2511 ideo
1228 2480 1335 2511 nullus
1359 2480 1425 2510 sine
1452 2480 1608 2519 baptismo
1630 2479 1789 2519 flaminis,

1018 2580 1096 2610 Petu,
1111 2586 1134 2603 c.
1149 2584 1232 2610 xxvu,
1246 2586 1271 2602 n.
1292 2580 1329 2602 70.
1342 2590 1370 2595 —
1381 2578 1390 2593 ὅ
1401 2578 1483 2607 doun„
1497 2582 1533 2607 xi,
1548 2578 1585 2601 26.
1595 2590 1625 2595 -—
1639 2577 1649 2593 ⁸
1662 2577 1789 2609 Ambros„

1016 2615 1044 2638 (le
1055 2614 1124 2638 obilu
1139 2614 1316 2643 Valentiniani,
1327 2620 1352 2637 11.
1369 2614 1407 2641 29,
1419 2614 1454 2636 30.
1463 2625 1487 2629 —·
1506 2612 1513 2627 ⁷
1526 2613 1611 2643 Arist.‚
1625 2613 1700 2644 Post„
1714 2613 1758 2638 lib.
1770 2615 1790 2641 1,

1019 2651 1088 2675 cont.
1105 2651 1146 2681 17;
1164 2650 1282 2681 Metaph..
1300 2649 1343 2673 lib.
1359 2649 1390 2678 ΙΙ1
1405 2649 1473 2672 cont.
1488 2649 1509 2673 4.
