2017 2948
80 1056 111 1076 De
122 1055 185 1076 tertio

80 1088 184 1114 membro,

94 1127 171 1147 nempe

82 1152 108 1171 ale
128 1152 184 1178 illis,

80 1187 186 1213 quisusci-

81 1219 185 1246 piumrem

81 1252 102 1270 et
144 1257 186 1270 nou

94 1287 161 1301 sacra-

81 1315 182 1333 mentum.

199 131 257 161 338

240 199 268 225 1.
296 195 344 226 Ad
371 195 449 226 illud
469 203 548 233 ergo
572 194 657 234 quod
678 194 780 234 primo
800 193 965 232 objicitur,

198 248 283 289 quod
310 256 406 288 opera
430 249 578 286 mortua,
595 249 666 285 cte„
690 247 857 277 (licendum
883 246 968 286 quod

198 301 374 341 baptismus
398 310 462 331 non
483 303 529 331 cst
547 310 626 340 opus
646 301 801 337 hominis,
821 299 874 329 scd
891 299 965 330 Dei:

197 357 228 385 et
240 354 485 393 idvonunquam
496 356 597 393 potest
612 364 678 383 esse
694 356 868 383 mortuum.
889 352 968 383 Illud

197 409 303 437 autem
319 407 404 446 quod
420 406 535 437 dicitur
550 406 587 436 dc
602 407 751 445 operibus
766 405 912 443 mortuis,
924 405 968 435 in-

197 459 350 498 telligitur
364 459 400 490 de
415 460 563 498 operibus
575 459 702 489 nostris.

237 514 267 542 2.
283 512 330 542 Ad
346 512 421 542 illud
436 511 521 550 quod
535 511 792 551 objicitm·,‹1uo(l
808 520 903 541 causa
918 510 968 541 dc-

198 565 250 595 bet
263 574 330 595 esse
346 565 516 603 conjuncta
531 564 654 594 effectui
667 588 674 602 ,
692 564 859 594 (licendum
885 563 968 603 quod

199 617 360 648 character
375 626 499 656 semper
509 620 626 654 manet,
644 620 673 647 et
688 617 764 647 illud
775 617 870 647 efficit
884 615 967 656 quod

199 672 313 701 faceret
328 670 432 709 gratia
449 670 573 700 fictione
584 670 760 701 recedente.

238 727 267 755 3.
302 725 350 755 Ad
385 725 464 756 illud
496 725 580 764 quod
615 725 762 764 objicitur
796 725 834 755 de
863 733 967 755 sacra—

755 125 1062 158 SENTENTIARUM
1083 125 1156 157 LIB.
1181 126 1230 157 lv.

1025 195 1132 224 mento
1156 192 1378 228 Eucharistiae,
1399 193 1484 232 patet
1502 193 1678 232 responsio,
1704 194 1790 234 quod

1025 255 1088 277 non
1114 246 1220 277 valet:
1239 248 1307 277 tum
1330 245 1406 285 quia
1431 245 1558 283 transit,
1584 247 1615 276 et
1637 246 1718 277 nihil
1741 256 1793 278 re-

1024 299 1139 338 linquit
1153 299 1252 338 gratis
1270 299 1380 329 datum
1401 297 1570 337 disponens
1593 298 1631 328 ad
1656 299 1793 337 gratiam

1024 354 1154 391 gratum
1176 352 1360 388 sacientem;
1379 353 1448 381 tum
1467 350 1560 381 etiam
1581 351 1656 390 quia
1675 354 1720 382 est
1741 352 1795 383 ite-

1025 404 1135 435 rabile.

1064 461 1094 488 4.
1112 458 1159 488 Ad
1175 458 1252 488 illud
1270 456 1354 497 quod
1369 456 1518 495 objicitur
1532 456 1570 488 de
1585 466 1622 488 eo
1633 481 1640 495 ,
1657 458 1712 497 qui
1728 467 1795 490 me-

1025 513 1076 543 dio
1092 513 1235 550 tempore
1249 509 1425 547 commisit,
1440 509 1609 540 dicendum
1624 510 1709 550 quod
1724 520 1793 541 om-

1025 565 1079 595 nia
1089 565 1297 595 remittuntur
1309 564 1349 601 ei,
1361 562 1413 593 sed
1428 572 1489 593 non
1499 565 1637 602 reportat
1653 572 1793 594 commo-

1025 618 1124 648 dum:
1147 616 1300 656 quoniam
1321 618 1386 646 tam
1409 615 1448 646 de
1470 615 1610 652 fictione,
1635 625 1734 656 quam
1757 615 1796 646 de

1026 670 1158 710 peccatis
1179 671 1248 709 post
1272 668 1466 708 perpetratis,
1492 670 1538 698 est
1560 668 1589 698 ei
1612 668 1798 708 poenitentia

1025 722 1218 763 imponenda
1235 733 1241 753 ;
1262 724 1294 752 et
1308 722 1352 752 sic
1365 724 1449 761 patet
1461 723 1576 752 totum.

900 854 1018 890 PARS
1051 853 1096 889 II.

597 951 635 971 DE
656 950 704 971 ms
726 950 777 976 Qsl
798 950 955 971 RECIPIL'NT
977 949 1037 971 REM
1060 949 1246 972 SACRAMENTl
1269 948 1404 970 TANTUM.

244 1039 330 1072 Sunt
344 1043 375 1071 et
389 1038 466 1079 alii,
484 1042 520 1070 ut
535 1048 633 1081 supra
650 1037 837 1081 posuimus,
853 1037 911 1081 qui
927 1036 1112 1080 suscipiunt
1126 1047 1215 1077 rem,
1232 1039 1263 1068 et
1280 1046 1345 1068 non
1361 1038 1612 1068 sacramentum.
1629 1033 1695 1072 Qui
1709 1032 1795 1066 enim

201 1095 376 1130 effundunt
399 1094 594 1137 sanguinem
619 1105 677 1138 pro
695 1094 827 1127 nomine
841 1093 934 1133 Jesu,
958 1094 1017 1126 etsi
1038 1105 1104 1126 non
1125 1097 1382 1133 sacramentum,
1404 1103 1472 1125 rem
1496 1096 1604 1124 tamen
1620 1090 1794 1135 accipiunt.

203 1154 294 1188 Unde
309 1152 535 1195 Augustinus¹
551 1164 557 1183 :
586 1164 602 1182 t<
625 1151 832 1195 Quicumque
856 1162 921 1184 non
938 1154 1086 1195 percepto
1107 1150 1361 1194 regenerationis
1375 1149 1504 1182 lavacro
1519 1160 1578 1193 pro
1596 1147 1797 1181 confessione

201 1211 321 1245 Christi
335 1210 535 1250 moriuntur,
552 1213 642 1240 tantu
650 1220 679 1240 m
694 1208 739 1240 eis
752 1209 837 1241 valet
848 1208 887 1241 ad
902 1208 1097 1241 dimittenda
1111 1213 1250 1252 peccata,
1263 1211 1426 1251 quantum
1442 1207 1468 1239 si
1479 1206 1694 1239 abluerentur
1707 1215 1797 1238 sacro

203 1270 290 1302 fonte
305 1267 469 1312 baptismi.
486 1280 502 1297 »
524 1266 672 1299 Audistis
687 1266 773 1310 quod
790 1265 894 1310 passio
911 1277 968 1309 pro
990 1265 1110 1298 Christi
1125 1265 1258 1297 nominc
1275 1268 1440 1308 suscepta,
1456 1263 1586 1307 supplet
1600 1263 1703 1295 vicem
1721 1262 1799 1306 bap-

202 1327 301 1360 tismi.
324 1326 389 1358 Nec
412 1329 540 1357 tantum
563 1325 667 1368 passio
691 1324 793 1355 vicem
829 1323 982 1367 baptismi
1011 1323 1145 1366 implet,
1174 1322 1229 1354 scd
1261 1321 1359 1354 etiam
1387 1321 1467 1353 fides
1490 1324 1521 1353 et
1543 1319 1717 1360 contritio,
1741 1318 1799 1351 uhi

202 1384 374 1418 necessitas
396 1382 539 1415 excludit
560 1386 798 1414 sacramentum
817 1393 824 1413 ε
842 1381 926 1413 sicut
949 1385 1058 1424 aperte
1080 1380 1173 1412 docet
1196 1379 1404 1421 Augustinus
1430 1378 1582 1418 dieens‘,
1603 1390 1620 1408 «
1640 1375 1798 1421 Baptismi

204 1443 306 1476 vicem
336 1440 513 1485 aliquando
547 1440 682 1483 implere
721 1439 902 1483 passionem
919 1465 925 1477 ‚
955 1438 995 1470 dc
1021 1438 1147 1470 latrone
1184 1438 1241 1470 illo
1259 1463 1266 1477 ,
1298 1436 1351 1469 cui
1383 1447 1448 1469 non
1482 1435 1644 1479 baptizato
1676 1434 1800 1466 dictum

202 1505 249 1534 est
263 1501 292 1533 ³:
310 1499 415 1532 Hodie
430 1509 556 1531 mecum
581 1498 642 1529 eris
658 1496 875 1541 impul-adim.
894 1496 1012 1528 Beatus
1027 1495 1211 1539 Cyprianus
1234 1495 1271 1533 (a)
1301 1505 1366 1527 non
1381 1495 1452 1526 leve
1465 1494 1698 1526 documentum
1712 1502 1802 1524 assu-

204 1562 263 1594 mit
279 1560 300 1593 ⁴.
329 1558 424 1599 Quod
443 1557 540 1589 etiam
563 1560 660 1600 atque
684 1554 781 1587 etiam
807 1565 866 1595 ego
889 1552 1119 1593 considerans,
1142 1552 1273 1584 invenio
1297 1563 1362 1584 non
1388 1555 1516 1584 tantum
1538 1549 1719 1594 passionem
1743 1559 1802 1593 pro

204 1619 337 1653 nomine
357 1615 493 1655 Christi,
521 1614 553 1646 id
574 1612 662 1657 quod
691 1611 853 1655 baptismo
878 1611 987 1643 deerat
1011 1620 1102 1653 posse
1125 1609 1294 1653 supplere,
1321 1609 1373 1641 sed
1400 1608 1497 1640 ctiam
1523 1607 1644 1648 fidem,
1669 1617 1804 1639 conver-

205 1678 395 1719 sionemque
424 1672 550 1713 cordis,
583 1671 609 1702 si
639 1670 720 1702 forte
749 1669 790 1701 ad
822 1667 1053 1700 ‹clebrandum
1082 1667 1274 1710 mysterium
1307 1665 1458 1709 baptismi
1490 1665 1523 1697 in
1551 1664 1698 1707 angustis
1725 1668 1804 1696 tem-

205 1734 340 1779 poribus
363 1730 508 1764 succurri
527 1740 592 1761 non
612 1731 726 1772 potest.
753 1725 866 1769 Neque
881 1725 969 1757 enim
993 1724 1048 1757 ille
1066 1724 1150 1756 latro
1168 1735 1226 1767 pro
1251 1724 1383 1756 nominc
1398 1723 1519 1756 Christi
1547 1721 1723 1755 crucifixus
1743 1724 1803 1762 est,

205 1791 260 1825 sed
283 1801 342 1835 pro
364 1788 489 1822 meritis
510 1786 693 1819 facinorum
718 1794 875 1816 suorum:
901 1793 958 1814 ncc
977 1782 1056 1826 quia
1070 1781 1224 1822 credidit,
1248 1792 1360 1825 passus
1384 1784 1430 1813 est
1444 1806 1452 1821 ,
1479 1779 1534 1812 sed
1557 1779 1638 1812 dum
1660 1779 1804 1823 patitur,

206 1848 319 1882 credit.
347 1846 515 1886 Quantum
536 1854 613 1885 ergo
637 1842 718 1874 fides
746 1841 877 1881 valeat,
902 1840 999 1872 etiam
1026 1839 1096 1871 sine
1131 1838 1270 1870 visibilis
1293 1837 1447 1881 baptismi
1469 1840 1692 1877 sacramento,
1717 1835 1806 1880 quod

208 1905 384 1950 Apostolus
406 1903 491 1936 ait⁵:
515 1900 618 1934 Corde
633 1899 777 1932 creditur
798 1897 1052 1941 adjustitiam,
1072 1907 1126 1929 ore
1149 1901 1261 1928 autem
1282 1895 1440 1939 consessio
1460 1895 1503 1938 fit
1527 1893 1572 1927 ad
1593 1894 1754 1935 salutem,
1771 1893 1806 1926 in

209 1964 266 1996 illo
283 1963 409 1995 latrone
424 1960 624 1993 declaratum
649 1962 696 1989 est
713 1969 719 1988 :
747 1956 803 1989 sed
826 1961 903 1988 tunc
928 1954 1085 1999 impletur
1107 1953 1332 1993 invisibiliter,
1349 1964 1425 1985 cum
1446 1952 1639 1996 mysterium
1654 1951 1806 1995 baptismi

209 2032 276 2053 non
290 2022 495 2062 contemptus
516 2015 700 2058 religioniS,
722 2014 776 2045 sed
801 2013 959 2045 articulus
979 2011 1177 2044 necessitatis
1201 2010 1356 2043 excludit.
1374 2017 1384 2033 ⁶
1405 2010 1445 2042 Et
1465 2009 1648 2053 baptismus
1671 2008 1804 2052 quidem

211 2081 314 2122 potest
328 2087 395 2108 esse
411 2074 467 2107 uhi
482 2072 649 2105 conversio
664 2071 768 2103 cordis
796 2070 958 2111 defuerit3
984 2069 1153 2102 conversio
1172 2073 1282 2101 autem
1305 2067 1411 2101 cordis
1429 2070 1532 2112 potest
1553 2066 1686 2111 quidem
1701 2065 1806 2098 inesse

212 2147 278 2168 non
302 2137 451 2178 percepto
474 2131 654 2174 baptismo,
680 2128 735 2161 sed
758 2130 942 2170 contempto
963 2126 1124 2170 baptismo
1147 2137 1212 2158 non
1232 2130 1356 2170 potest,
1383 2136 1441 2157 nec
1462 2124 1532 2157 ullo
1553 2123 1651 2156 modo
1671 2122 1806 2156 dicenda

212 2197 259 2225 est
273 2190 439 2224 conversio
454 2188 559 2221 cordis
573 2187 613 2219 ad
628 2187 746 2227 Deum,
763 2196 839 2217 cum
852 2184 911 2216 Dei
926 2187 1166 2216 sacramentum
1181 2183 1413 2216 contemnitur.
1429 2195 1446 2213 »
1464 2182 1544 2214 Ecce
1557 2181 1610 2214 hic
1624 2180 1724 2213 habes
1737 2191 1804 2214 non

213 2250 320 2283 solum
336 2247 516 2292 passionem
531 2271 539 2286 ,
554 2244 609 2276 scd
623 2243 722 2276 etiam
736 2242 835 2275 fidem
859 2245 889 2273 et
910 2241 1138 2274 contritionem
1154 2240 1300 2272 conferre
1315 2239 1537 2272 remissionem
1551 2264 1560 2280 ,
1577 2238 1634 2271 ubi
1649 2249 1716 2271 non
1730 2249 1806 2271 con-

214 2305 371 2340 temnitur
385 2305 623 2336 sacramentum
634 2327 642 2342 ,
660 2305 695 2332 ut
718 2300 753 2332 in
778 2299 904 2331 latrone
927 2298 985 2331 illo
1000 2297 1182 2330 ostenditur
1194 2322 1203 2338 ,
1219 2296 1277 2341 qni
1298 2308 1365 2330 non
1386 2307 1444 2341 per
1459 2295 1640 2340 passionem
1654 2321 1663 2337 ,
1679 2295 1734 2328 sed
1749 2305 1806 2340 per

213 2364 311 2398 fidem
334 2362 478 2395 salvatus
501 2363 548 2392 est
577 2359 647 2390 siue
673 2357 844 2401 baptismo.
878 2355 943 2388 Sed
973 2355 1087 2388 dicunt
1109 2355 1244 2399 quidam
1269 2354 1329 2387 hoc
1356 2357 1542 2387 retractasse
1566 2352 1802 2396 Augustinum.

247 2477 251 2489 ¹
264 2476 339 2505 Aug„
351 2473 381 2496 ‹le
394 2473 440 2496 civ.
456 2471 508 2497 Dei,
522 2470 565 2493 lib.
581 2469 741 2497 xu1,c.v11;
758 2468 823 2490 Bern
835 2485 841 2496 5
854 2466 887 2489 ml
899 2467 1003 2497 Iluqou„
1015 2466 1086 2496 epist.
1103 2471 1201 2495 mxvii,
1211 2467 1269 2489 antc
1285 2465 1391 2490 med,-
1405 2465 1413 2479 ²
1425 2466 1500 2495 Augu,
1514 2463 1543 2487 dc
1555 2464 1627 2494 Bapt.
1639 2462 1803 2491 commonui,

213 2511 256 2537 lib.
271 2511 311 2539 lv,
327 2516 349 2532 c.
365 2513 431 2535 xxii,
446 2514 473 2530 n.
489 2506 561 2529 20.-
575 2504 585 2520 ³
600 2504 665 2532 Luc„
679 2508 753 2532 xxm,
767 2503 836 2525 43.—
852 2502 861 2517 ⁴
875 2502 1003 2532 Cypiiau„
1020 2501 1093 2531 epist.
1104 2501 1137 2523 ad
1152 2501 1280 2524 Juoamn..
1291 2500 1359 2524 circa
1370 2499 1456 2529 finem,
1468 2501 1494 2523 et
1507 2499 1623 2529 habetur,
1637 2497 1666 2521 de
1681 2497 1803 2526 consecr..

214 2545 272 2569 dist.
288 2549 324 2573 lv,
340 2550 363 2567 c.
379 2541 504 2573 Baptismz'
518 2540 642 2564 vicenz.—
656 2538 665 2553 ⁶
677 2538 755 2564 Itoni..
772 2543 797 2567 x,
815 2537 909 2561 10.—⁶
922 2539 995 2567 Aug„
1009 2536 1122 2566 sequitur
1136 2535 1165 2559 (Ie
1181 2536 1264 2567 nupt„
1276 2535 1320 2560 lib.
1335 2536 1378 2566 lv,
1392 2541 1415 2559 c.
1432 2539 1495 2564 xxv,
1506 2540 1533 2558 n.
1548 2534 1587 2557 32.

245 2603 279 2633 (a)
296 2601 356 2625 Caet.
371 2599 430 2623 edit.
445 2599 485 2621 hic
499 2603 628 2628 perperam
644 2596 794 2619 interserunt
808 2594 834 2618 in
851 2594 916 2618 libro
931 2595 972 2621 lv.
989 2594 1021 2618 de
1038 2594 1177 2624 Baptismo.
