2017 2948
170 169 228 198 236
723 163 1032 196 SENTENTIARUM
1056 164 1126 195 LIB.
1152 165 1204 196 111.

175 231 361 270 expellendo
372 229 587 269 obliquitatem
597 230 711 270 culpae,
726 234 756 261 et
768 230 870 261 claudo
881 240 945 261 rec-

175 284 342 314 titudinem
360 283 509 323 jiistitiae3
530 283 621 313 tertio
642 284 734 313 modo
754 284 867 314 (licitur
886 284 943 313 ali-

173 337 247 376 quid
261 337 439 377 justificans
451 345 515 366 11011
530 336 631 365 solum
648 337 678 365 iu
692 336 814 373 habitu,
830 345 942 366 verum

173 392 267 422 etiam
287 392 320 422 in
341 392 473 421 effectu:
498 394 527 420 ot
549 391 593 420 sic
615 391 750 420 charitas
768 391 939 429 ,10511ῐί0111,

171 444 238 474 sive
244 445 321 475 fides
327 454 398 484 quae
405 453 460 484 per
466 443 649 473 charitatem
658 446 806 483 operatur
814 455 820 481 ;
829 447 942 483 quarto

171 497 266 527 modo
278 497 390 527 dicitur
402 497 519 536 aliquid
529 496 705 535 justificans
718 497 750 526 in
765 497 941 537 ipsiusjus-

170 550 247 580 titiae
259 550 481 580 exercitatione
494 550 524 579 ct
535 559 611 586 usu,
630 552 660 579 et
672 550 731 579 hoc
744 551 837 580 modo
851 560 942 580 mau-

169 602 241 632 data
256 602 328 639 Dei,
344 603 376 632 in
391 601 508 641 quibus
519 602 643 639 justitia
657 605 831 640 exercetur,
845 604 941 642 jiisti-

169 655 262 685 ficare
277 654 436 689 dicuntur,
457 653 584 693 quando
599 654 693 684 modo
716 655 820 685 debito
835 656 942 686 obser-

168 709 295 737 vantur.
314 707 367 736 His
380 707 625 746 praesupposilis,
641 707 882 745 intelligendum
896 711 943 739 est

167 759 250 798 quod
266 759 299 788 in
314 759 386 798 lege
410 759 507 789 veleri
530 759 589 789 tria
606 761 680 789 sunt
693 760 919 791 consideranda
933 785 940 798 ‚

167 812 311 842 similiter
327 815 357 842 et
369 812 402 842 in
416 812 486 851 lege
499 821 593 849 nova,
610 813 755 843 videlicet
768 815 940 852 moventIa,

167 866 197 894 et
220 864 279 894 ista
304 867 395 894 crant
418 865 591 904 promissa;
617 865 787 903 dirigentia
799 890 807 904 ,
833 870 861 896 et
884 867 943 896 isla

167 919 255 948 erant
269 921 425 958 praecepta
437 928 444 956 3
463 919 661 958 adiuvantia,
677 922 707 949 ct
720 919 778 949 ista
790 922 878 950 crant
892 930 942 950 sa-

168 974 327 1002 cramenta
342 984 347 1003 :
365 973 452 1012 quia,
465 974 638 1004 secuudum
651 974 735 1013 quod
746 975 817 1005 dicit
832 975 939 1014 Hugo,

167 1027 362 1055 sacramenta
380 1028 453 1055 sunt
469 1026 625 1064 adjutoria
641 1050 648 1062 ,
664 1029 700 1056 ut
716 1037 771 1066 per
786 1031 942 1068 praeccpta

166 1077 314 1108 veniatur
324 1078 363 1108 ad
374 1079 539 1117 promissa.
553 1078 704 1109 Similiter
715 1080 782 1110 hacc
796 1081 855 1110 tria
868 1085 942 1112 sunt

166 1129 198 1159 in
215 1129 286 1167 lege
307 1130 492 1168 evangelica
504 1155 511 1168 ‚
536 1132 588 1161 sed
608 1132 800 1170 differenter,
819 1134 893 1172 quia
909 1135 941 1164 in

166 1181 236 1220 lege
247 1191 329 1213 nova
342 1184 517 1213 secuudum
530 1185 668 1223 primam
682 1185 792 1215 faciem
806 1186 863 1216 ista
877 1196 942 1217 om-

166 1235 220 1265 nia
231 1238 305 1265 sunt
316 1236 502 1274 spiritualia,
515 1237 589 1275 quia
600 1238 753 1277 promissa
765 1242 839 1269 sunt
849 1243 940 1270 33101-

166 1297 218 1325 na,
236 1291 392 1327 prsecepta
406 1292 480 1319 sunt
494 1290 682 1329 spiritualia,
701 1293 731 1321 et
746 1295 942 1323 sacramenta

166 1342 403 1372 sanctificantia.
420 1343 457 1373 Et
472 1344 512 1373 ita
523 1344 679 1383 promissa
692 1346 829 1375 excitant
843 1346 943 1376 homi-

167 1402 239 1424 nen]
250 1395 434 1425 adamorcm
445 1398 650 1433 aeternorum,
663 1398 866 1437 quiestamor
874 1399 943 1429 cha-

168 1447 268 1477 ritatis
282 1459 288 1484 ;
305 1451 462 1488 praecepta
477 1450 622 1487 dirigunt
637 1451 828 1481 sufficienter
843 1452 874 1481 iu
891 1453 942 1483 via

168 1509 307 1538 morum,
325 1502 465 1531 docendo
483 1503 520 1541 (a)
537 1503 635 1533 vilare
649 1513 743 1534 omne
759 1507 919 1543 peccatum
933 1517 939 1543 3

168 1558 365 1585 sacramenta
377 1558 489 1586 sanant
499 1557 639 1587 animam
651 1567 669 1587 a
680 1558 867 1588 vulneribus
876 1568 943 1598 pcc-

168 1610 323 1639 catorum.
338 1608 376 1639 Et
387 1609 430 1639 sic
442 1609 505 1648 legi
518 1610 710 1649 evangelicae
723 1612 943 1650 competitjus-

168 1660 288 1691 tificare
302 1662 477 1692 secundum
494 1663 647 1702 triplicem
664 1664 795 1693 modum
808 1688 815 1701 ‚
833 1664 941 1694 videli-

168 1716 216 1743 cet
229 1714 402 1744 formaliter
418 1715 540 1745 ratione
555 1717 668 1754 gratiae
685 1717 920 1747 sacramentalis*
932 1742 940 1755 ,

167 1768 198 1796 et
220 1766 252 1796 in
277 1767 389 1797 effectu
413 1768 535 1798 ratione
560 1769 678 1798 amoris
700 1769 890 1808 spiritualis,
912 1773 943 1800 ct

168 1819 200 1848 in
215 1820 250 1858 (b)
271 1820 422 1850 exercitio
442 1821 562 1851 ratione
578 1821 761 1861 multiplicis
776 1822 851 1852 boni
866 1832 940 1862 ope-

167 1871 212 1901 ris
232 1872 271 1902 ad
291 1873 376 1912 quod
394 1873 544 1912 dirigitur
565 1874 662 1904 honio
685 1884 740 1913 per
761 1875 943 1911 consilialet

167 1928 335 1964 praecepta.
361 1925 396 1955 In
415 1926 486 1965 lege
509 1929 615 1957 autem
640 1928 739 1957 veteri
763 1930 830 1957 erat
853 1928 942 1958 aliter

167 1977 237 2007 haec
249 1978 308 2008 tria
320 1979 536 2009 considerare:
552 1980 702 2019 quoniam
715 1980 766 2010 lex
780 1983 871 2011 vetus
883 1981 942 2011 du-

168 2029 290 2069 pliciter
307 2033 406 2069 potest
425 2032 586 2062 observari
605 2035 635 2062 et
656 2033 808 2071 intelligi,
827 2034 940 2064 videli-

169 2084 217 2112 cet
230 2083 404 2113 secundum
421 2084 614 2114 intellectum
629 2085 836 2124 spiritualem,
855 2088 885 2116 et
897 2087 941 2116 sic

168 2135 402 2174 quodammodo
422 2137 587 2166 concordat
608 2146 681 2166 cum
704 2137 777 2176 lege
798 2147 941 2177 evange-

167 2188 245 2225 lica3
265 2190 294 2218 et
308 2188 363 2227 qui
379 2188 582 2227 spiritualiter
597 2189 701 2227 legem
717 2191 939 2229 observabant,

168 2240 230 2271 viri
255 2241 431 2279 evangelici
460 2244 567 2278 erant,
595 2243 670 2281 quia
694 2243 743 2273 lex
769 2253 941 2283 praegnans

169 2295 235 2323 erat
249 2293 434 2332 Evangelio.
456 2294 527 2324 Alio
546 2295 638 2324 niodo
658 2298 758 2334 potest
780 2297 940 2327 observari

170 2346 346 2376 secundum
361 2346 557 2376 intellectum
576 2347 741 2377 litteralem
756 2372 763 2384 ‚
787 2351 817 2378 et
840 2349 883 2378 sic
904 2350 941 2380 ab

170 2398 346 2437 Evangelio
366 2399 574 2438 distinguitur
593 2400 767 2430 secundum
787 2401 845 2430 tria
859 2411 942 2441 prae-

170 2451 252 2481 dicta
263 2475 271 2489 ‚
289 2452 363 2491 quia
377 2451 411 2481 in
425 2452 496 2491 lege
511 2454 600 2482 erant
613 2453 767 2492 promissa
782 2456 939 2494 tempora-

170 2503 212 2533 lia
223 2527 231 2541 ‚
247 2506 277 2534 et
293 2507 450 2544 praecepta
465 2505 604 2535 exterius
620 2505 798 2544 regulantia
810 2531 817 2544 ⁷
841 2510 871 2537 et
891 2518 942 2538 sa-

171 2559 331 2587 cramenta
344 2557 493 2595 figuralia
508 2567 515 2588 :
531 2561 562 2588 et
575 2558 619 2588 sic
632 2559 754 2589 ratione
767 2561 942 2598 praemisso-

204 2618 211 2634 ¹
229 2618 354 2649 Rom.,v11‚
374 2621 409 2642 11.

1000 240 1072 261 rum
1089 240 1151 261 non
1167 232 1363 263 excitabatur
1379 233 1476 263 homo
1493 232 1532 262 ad
1548 240 1689 262 amorem
1704 234 1768 273 spi-

999 285 1145 314 ritualem
1159 295 1165 322 ;
1195 286 1316 316 ratione
1344 288 1574 325 praeccptorum
1602 294 1666 316 non
1693 285 1767 316 diri-

998 338 1133 375 gebatur
1164 338 1202 368 ad
1229 338 1386 377 justitiam
1416 338 1620 375 interiorem3
1649 338 1770 368 ratione

997 392 1267 420 sacramentorum
1286 400 1350 420 non
1371 391 1594 430 adJuvabatur‚
1619 393 1653 421 ut
1667 392 1770 430 posset

996 443 1126 472 faciliter
1140 443 1243 482 legem
1257 444 1357 483 ipsam
1371 444 1502 482 implere
1515 454 1521 474 z
1539 446 1569 473 et
1583 443 1651 473 ideo
1664 443 1770 474 deerat

996 496 1054 525 sibi
1066 496 1259 535 justificatio.
1280 496 1317 526 Et
1329 497 1404 536 quia
1419 498 1486 526 erat
1501 496 1543 525 ibi
1556 496 1693 526 ostensio
1705 496 1770 526 cul-

997 558 1061 588 pm,
1080 552 1109 579 ct
1125 558 1186 578 nou
1202 549 1309 579 aderat
1324 549 1519 588 adjutorium
1534 549 1657 588 gratiae,
1673 549 1771 579 daba-

999 605 1048 632 lur
1061 611 1116 641 per
1131 611 1327 641 consequens
1339 602 1459 632 occasio
1475 601 1533 640 ipsi
1548 601 1770 641 concupiscen-

996 655 1066 692 tiae,
1092 657 1127 684 ut
1151 655 1290 684 traheret
1312 655 1349 684 ad
1384 656 1539 685 mortem:
1567 656 1597 684 et
1621 653 1692 684 ideo
1717 654 1770 685 lex

997 707 1134 737 mosaica
1147 708 1320 738 secuudum
1332 707 1499 737 litteralem
1514 715 1640 737 sensum
1654 707 1769 738 dicitur

996 760 1048 790 lex
1063 760 1207 790 occidens
1229 769 1284 800 per
1300 761 1495 790 occasionem
1508 784 1516 797 ‚
1538 768 1603 790 non
1618 768 1674 799 per
1694 768 1769 790 cau-

996 823 1074 843 sam,
1095 813 1128 843 Et
1148 814 1208 843 hoc
1222 813 1327 852 ipsum
1343 813 1416 843 dicit
1430 815 1533 843 textus
1548 814 1556 829 ¹
1572 824 1579 842 2
1603 812 1770 844 Peccatum

994 874 1051 905 per
1060 866 1248 897 mandatum
1259 867 1419 897 occasione
1428 869 1555 905 accepta
1566 865 1699 897 seduxit
1709 873 1768 904 me,

997 923 1026 951 el
1041 927 1097 959 per
1111 919 1192 950 illud
1207 918 1334 950 occidit.
1358 918 1404 948 lbi
1420 918 1528 948 Glossa
1542 930 1548 949 :
1569 929 1583 946 α
1597 918 1644 948 Ex
1661 918 1771 957 prohi-

997 973 1117 1003 bitione
1138 981 1276 1012 namque
1289 996 1298 1010 ,
1316 971 1371 1002 ubi
1387 971 1523 1001 charitas
1543 971 1666 1008 deficit,
1688 970 1772 1001 desi-

997 1025 1119 1055 derium
1145 1026 1218 1055 mali
1241 1025 1369 1061 crescit,
1393 1033 1456 1064 quo
1478 1026 1570 1054 aucto
1591 1023 1715 1054 dulcius
1735 1023 1772 1053 fit

997 1079 1080 1118 quod
1094 1078 1279 1118 prohibetur
1292 1089 1298 1108 z
1314 1080 1344 1108 et
1356 1077 1426 1108 ideo
1439 1079 1602 1116 peecatum
1612 1075 1691 1106 fallit
1703 1075 1772 1106 dul-

997 1132 1104 1162 cedine
1119 1131 1195 1161 falsa
1209 1140 1216 1161 :
1231 1133 1262 1161 et
1278 1131 1322 1160 ita
1337 1132 1499 1169 peccatum
1514 1138 1570 1169 per
1585 1129 1771 1160 mandatum

997 1184 1119 1219 occidit,
1136 1184 1211 1223 quia
1222 1186 1330 1214 reatus
1344 1182 1614 1222 praevaricationis
1628 1182 1768 1212 accessit.

998 1236 1105 1266 Gladio
1129 1246 1226 1274 erge,
1252 1245 1347 1275 quem
1370 1236 1538 1274 portabas„
1566 1235 1714 1265 inimicus
1742 1237 1769 1265 te

997 1289 1232 1330 occidinarmis
1247 1288 1308 1318 tuis
1323 1290 1352 1318 te
1367 1288 1538 1317 interemit.
1556 1297 1570 1314 n
1590 1287 1677 1317 Unde
1691 1287 1774 1318 sicut

998 1352 1072 1372 cum
1092 1342 1163 1381 quis
1183 1343 1326 1372 armatus
1348 1342 1451 1380 portat
1472 1340 1655 1378 cultellum,
1680 1342 1717 1370 ut
1740 1349 1773 1370 se

998 1396 1160 1432 defendat,
1190 1404 1245 1434 pcr
1268 1403 1363 1434 quem
1389 1394 1428 1423 ab
1453 1393 1582 1423 inimico
1608 1393 1772 1430 occiditur,

998 1448 1051 1478 illa
1066 1448 1183 1478 cultelli
1198 1447 1374 1487 portatione
1397 1446 1510 1477 dicitur
1525 1446 1623 1477 occidi
1638 1455 1702 1476 non
1718 1455 1775 1486 per

998 1510 1126 1531 causam
1140 1524 1149 1538 ,
1166 1501 1218 1531 sed
1233 1509 1287 1539 per
1301 1499 1515 1544 occasionem3
1540 1499 1583 1529 sic
1597 1499 1775 1538 intelligen-

998 1555 1074 1584 dum
1089 1554 1180 1584 estin
1195 1554 1265 1591 lego
1280 1562 1287 1582 :
1305 1558 1335 1583 et
1350 1553 1393 1582 sic
1405 1554 1489 1592 patet
1504 1552 1682 1583 intellectus
1693 1560 1775 1592 prae-

998 1608 1088 1638 dictae
1104 1607 1298 1637 differentiae.

1040 1663 1067 1690 1.
1090 1660 1137 1690 Ad
1154 1659 1231 1689 illud
1246 1668 1322 1689 vcro
1342 1658 1426 1698 quod
1447 1657 1605 1697 objicitur,
1622 1658 1707 1697 quod
1721 1658 1774 1688 lex

998 1716 1116 1751 sancta,
1134 1716 1163 1743 ct
1179 1712 1364 1742 mandatum
1377 1713 1503 1750 jiistum
1518 1713 1548 1741 et
1562 1713 1726 1749 sanctum,
1740 1711 1774 1742 id

998 1770 1045 1798 est
1062 1767 1239 1807 justificans
1252 1789 1259 1803 ‚
1284 1764 1453 1796 dicendum
1474 1763 1558 1803 quod
1576 1764 1636 1794 hoc
1656 1773 1774 1794 verum

998 1823 1064 1857 est,
1089 1819 1165 1858 quia
1189 1819 1241 1849 lex
1262 1819 1371 1857 juncta
1394 1819 1441 1847 est
1470 1816 1582 1855 gratiae
1606 1816 1771 1855 adjutrici;

998 1882 1111 1903 verum
1136 1874 1182 1902 est
1201 1871 1307 1907 etiam,
1329 1871 1487 1909 quantum
1510 1871 1558 1899 est
1576 1869 1614 1899 de
1633 1878 1677 1907 se,
1692 1873 1723 1900 et
1736 1869 1774 1900 de

998 1926 1163 1966 principali
1185 1924 1357 1954 intentione
1379 1921 1568 1960 legislatoris
1594 1932 1600 1952 z
1625 1921 1707 1952 nihil
1726 1924 1774 1952 ta-

998 1989 1071 2010 men
1086 1978 1233 2018 prohibet
1243 1986 1283 2007 ex
1293 1975 1448 2006 accidenti
1464 1976 1494 2004 et
1508 1983 1564 2014 per
1577 1974 1773 2005 occasionem

998 2032 1146 2062 inducere
1164 2029 1364 2069 oppositum;
1387 2028 1466 2057 sicut
1487 2026 1631 2057 cultellus
1655 2035 1773 2058 secun-

998 2086 1075 2115 dum
1103 2082 1309 2124 principalem
1335 2079 1542 2110 intentionem
1572 2079 1702 2110 serentis
1727 2082 1774 2110 est

998 2138 1160 2167 armatura
1182 2133 1387 2169 defensionis,
1415 2134 1445 2162 et
1466 2133 1574 2161 tamen
1598 2132 1773 2163 occasiona-

996 2192 1067 2221 liter
1084 2188 1256 2226 contingit,
1272 2185 1356 2225 quod
1372 2185 1411 2214 sit
1426 2185 1676 2215 instrumentum
1691 2185 1773 2216 occi-

998 2243 1096 2274 sionis
1110 2242 1119 2271 i
1124 2241 1210 2280 psius
1223 2238 1388 2279 portantis¹

1037 2299 1066 2326 ⁶2.
1083 2295 1130 2325 Ad
1145 2293 1222 2323 illud
1237 2291 1321 2331 quod
1343 2289 1491 2329 objicitur
1502 2313 1512 2327 ,
1529 2291 1638 2320 utrum
1655 2289 1706 2320 lex
1721 2299 1774 2321 oc-

998 2349 1079 2379 cidat
1095 2348 1276 2381 observata,
1302 2343 1353 2373 vel
1376 2351 1442 2372 non
1466 2342 1649 2380 observata,
1667 2343 1772 2378 dicen-

998 2402 1075 2432 dum
1090 2399 1174 2439 quod
1194 2407 1257 2428 nou
1279 2396 1458 2426 observata.
1481 2394 1518 2425 Et
1542 2395 1568 2424 si
1591 2395 1768 2434 objiciatur,

997 2454 1081 2495 quod
1096 2452 1239 2482 similiter
1257 2448 1469 2487 Evangelium
1486 2456 1550 2477 non
1567 2447 1769 2478 observatum

998 2506 1116 2538 occidat
1129 2529 1136 2542 ‚
1152 2503 1321 2534 dicendum
1336 2501 1420 2540 quod
1432 2509 1497 2530 non
1508 2501 1554 2530 est
1565 2499 1666 2530 simile
1679 2499 1767 2538 hinc,

998 2563 1029 2591 et
1042 2559 1115 2590 inde
1131 2569 1137 2588 :
1155 2557 1230 2596 quia
1245 2555 1298 2586 lex
1314 2563 1421 2584 secum
1434 2554 1538 2592 portat
1551 2561 1644 2590 011115,
1661 2555 1692 2583 et
1703 2562 1767 2584 non

1032 2623 1062 2652 (a)
1080 2619 1147 2644 Eclzt.
1165 2619 1220 2642 Ven.
1234 2616 1352 2642 dicendo.
1364 2627 1395 2632 -
1407 2614 1438 2644 (b)
1451 2614 1512 2638 Caet.
1528 2613 1578 2637 edit
1591 2613 1656 2638 deest
1668 2613 1703 2639 in.
