2017 2948
86 2271 164 2300 Opinio
173 2277 191 2295 ¹·

200 113 260 143 258

201 179 287 208 tactu
301 176 519 208 mundissimae
534 177 638 207 carnis
652 185 718 208 suae
732 176 817 207 dedit
830 175 896 207 vim
920 184 970 206 re-

201 230 420 270 generativam
433 229 471 269 (α)
489 229 599 269 aquis:
615 239 695 269 ergo
717 229 823 269 aliqua
844 229 892 259 vis
907 228 971 259 col-

201 283 264 314 lata
278 285 324 314 est
340 282 415 323 ipsis
430 282 540 322 aquis:
559 282 612 313 sed
628 283 697 314 haec
711 291 775 313 non
788 282 890 321 potuit
904 290 972 312 esse

201 336 262 367 nisi
277 338 381 366 creata
389 360 397 374 ,
408 335 483 376 quia
495 335 606 366 collata
616 338 662 366 est
677 338 844 373 creaturae3
857 337 972 365 etcum

201 391 281 421 esset
291 389 329 420 ad
340 388 616 428 regenerandum,
633 398 696 420 non
712 389 814 429 potuit
828 397 896 418 esse
911 387 972 418 nisi

200 442 388 483 spiritualis,
404 442 480 482 quia
497 441 601 482 operis
619 441 792 482 spirltualis
809 441 911 472 virtus
926 443 973 472 est

200 495 371 535 spiritualis
389 504 396 525 :
412 503 502 533 crgo,
519 496 577 525 etc.

240 548 318 580 Item
333 548 550 588 Augustinus¹
568 547 657 585 dicit,
673 548 849 579 ethabetur
864 548 896 578 in
912 550 972 579 ter-

200 602 244 633 tia
258 602 456 633 distinctione
466 604 477 619 ²
494 609 502 631 ι
521 611 536 629 ε(
547 600 624 637 Quae
636 603 683 631 θεῖ
698 601 800 632 virtus
814 610 918 640 aquae,
935 602 973 631 ut

200 664 314 694 corpus
324 656 447 691 tangat,
459 654 489 683 et
501 662 555 683 cor
563 653 715 684 al›luat?»
731 654 817 692 Ergo
828 655 853 684 si
867 654 973 694 aliqua

199 708 302 739 virtus
316 707 409 738 estin
424 710 638 745 sacramento,
653 717 716 747 qua
728 707 881 746 abluitur,
893 716 972 746 ergo

198 763 244 792 est
259 760 442 800 spiritualis.

238 813 317 844 Item
333 814 479 846 videmus
494 814 579 855 quod
594 823 689 854 opera
703 814 820 845 divinae
837 813 972 853 justitiae

198 869 282 899 fiunt
293 869 470 900 ministerio
482 870 637 900 creaturae
651 867 821 908 corporatis
832 876 904 907 quze
918 867 973 898 ha-

198 921 251 952 bet
272 931 290 952 a
312 921 376 953 Deo
399 923 466 953 vim
491 922 648 961 aliquam,
674 930 731 961 per
754 929 852 961 quam
874 920 972 960 possit

198 983 296 1013 agere
310 974 343 1004 in
358 974 515 1013 animam,
533 974 673 1014 alioquin
688 982 753 1004 non
769 974 913 1013 possent,
932 973 972 1003 εἰ-

198 1030 252 1059 cut
266 1029 350 1067 patet
366 1027 399 1058 in
413 1028 491 1066 igne
505 1017 692 1068 purgatorio
705 1037 712 1057 ι
729 1035 808 1065 ergo
822 1027 856 1057 in
871 1025 970 1065 operi-

198 1080 258 1111 bus
272 1081 507 1119 misericordiae,
521 1089 594 1121 quae
605 1080 685 1110 fiunt
695 1089 751 1119 per
761 1080 970 1116 sacramenta,

198 1134 257 1164 erit
276 1134 361 1173 quod
380 1135 576 1164 sacramenta
595 1133 733 1164 habeant
748 1133 887 1172 aliquam
902 1132 971 1162 vir-

199 1188 299 1217 tutem
313 1195 332 1216 a
342 1186 404 1218 Deo
415 1186 474 1217 sibi
485 1186 641 1224 collatam,
653 1194 710 1225 per
719 1194 816 1225 quam
826 1187 927 1224 agant
938 1184 972 1215 in

198 1239 351 1270 animam.

239 1292 317 1323 Item
332 1293 478 1324 videmus
492 1292 577 1333 quod
594 1292 620 1322 si
630 1292 744 1332 aliquis
760 1291 912 1322 contritus
924 1298 973 1321 ae-

199 1347 286 1377 cedat
302 1347 342 1378 ad
355 1347 552 1387 baptismum
563 1370 571 1384 ‚
593 1346 650 1377 etsi
666 1355 731 1377 non
747 1345 928 1377 conferatur
943 1343 973 1374 ei

200 1399 322 1439 gratia,
338 1399 413 1439 quia
423 1400 491 1439 jam
508 1399 603 1430 habet
620 1408 708 1436 eam,
725 1401 833 1429 tamen
849 1398 973 1429 confer-

200 1455 253 1483 tur
266 1453 295 1483 ei
309 1453 454 1483 remissio
469 1452 573 1483 omnis
588 1461 705 1492 poenae,
720 1461 818 1491 quam
834 1460 898 1482 non
914 1452 971 1482 ha—

200 1506 294 1537 hebat
307 1506 397 1546 prius
414 1515 421 1536 ε
437 1514 517 1545 ergo
531 1505 707 1545 baptismus
721 1513 820 1544 supra
834 1504 974 1536 collatio-

201 1568 275 1590 nem
290 1558 404 1598 gratiae
418 1559 503 1589 addit
518 1558 736 1589 remissionem
752 1566 855 1598 poence
870 1569 877 1588 :
894 1566 974 1597 ergo

201 1612 308 1652 aliqua
322 1612 424 1643 virtus
439 1613 531 1642 estin
549 1611 707 1651 baptismo
730 1613 847 1650 praeter
867 1611 974 1642 virtu—

202 1668 266 1696 tem
282 1666 396 1704 gratiae
414 1665 549 1696 :eadem
575 1664 697 1695 ratione
719 1664 753 1694 in
775 1664 846 1694 aliis
870 1673 974 1695 sacra·-

203 1718 318 1749 mentis
330 1727 423 1749 novae
436 1717 529 1757 legis.

243 1771 339 1810 Item,
356 1772 380 1801 si
401 1772 490 1802 nulla
512 1774 592 1803 esset
607 1773 709 1804 virtus
724 1773 767 1804 ihi
780 1797 788 1810 ‚
804 1776 880 1803 tunc
896 1780 976 1811 ergo

204 1824 320 1855 rediret
331 1825 558 1856 inconveniens
569 1835 653 1865 saepe
665 1826 800 1864 dictum,
812 1825 898 1865 quod
910 1833 974 1856 non

204 1878 367 1909 differrent
380 1887 399 1909 a
414 1878 618 1909 sacramentis
632 1879 748 1910 veteris
759 1879 854 1918 legis.

476 1996 702 2028 CONCLUSIO.

205 2078 378 2106 Sacramenta
392 2086 465 2105 novae
479 2079 544 2112 leqz's
557 2081 620 2105 sunt
633 2086 714 2105 causa
728 2079 834 2112 qratioe,
848 2079 976 2112 efficiunt,

242 2125 265 2149 et
292 2122 440 2156 disponunt
471 2125 577 2149 eoetenso
605 2124 710 2149 nomine
720 2131 729 2156 3
759 2130 794 2149 an
827 2129 889 2149 vero
917 2122 978 2157 plus

243 2167 364 2198 habeant,
382 2175 427 2194 nec
441 2167 553 2201 affirma,
569 2175 614 2194 nec
628 2175 701 2201 ηεαο.

248 2249 341 2290 Resp.
357 2250 397 2281 ad
412 2259 483 2289 arg.
501 2249 607 2290 Aliqui
621 2250 735 2280 volunt
755 2250 874 2288 dicere,
892 2250 977 2289 quod

208 2305 241 2334 in
255 2303 458 2334 sacramentis
472 2312 563 2334 novae
579 2303 659 2341 legis
680 2306 726 2333 est
748 2303 855 2343 aliqua
875 2303 977 2334 virtus

207 2359 327 2395 creata,
343 2365 399 2396 per
421 2365 518 2396 quam
540 2356 680 2386 inssuunt
705 2356 739 2386 in
763 2356 921 2392 animam,
946 2357 979 2387 et

205 2410 324 2441 habent
333 2410 489 2440 rationem
497 2408 646 2439 causandi
656 2408 848 2439 differenter.
862 2409 977 2439 Dicunt

204 2463 291 2493 enim
305 2462 391 2502 quod
405 2462 439 2493 in
453 2461 659 2494 sacramentis
672 2461 766 2492 datur
780 2461 883 2500 gratia
897 2470 973 2501 gra-

203 2577 207 2580 ·
230 2542 340 2601 grAug„
361 2543 388 2566 in
410 2542 494 2572 loun„
519 2543 591 2566 tract.
615 2547 698 2571 Lxxx,
720 2547 747 2564 n.
773 2542 796 2565 3.
821 2553 851 2559 -
876 2541 885 2555 ²
911 2541 976 2567 Vide

202 2584 227 2601 lu
253 2584 277 2600 a.

769 108 1078 141 SENTENTIARUM
1099 109 1172 141 LIB.
1201 109 1250 140 IV.

1029 177 1100 207 tum
1114 176 1248 214 faciens;
1265 176 1360 207 datur
1372 176 1468 207 etiam
1480 176 1513 206 in
1525 176 1570 207 eis
1581 178 1686 216 gratia
1699 178 1801 218 gratis

1029 229 1102 260 data
1112 253 1122 268 ‚
1137 229 1218 260 sicut
1229 232 1276 260 est
1291 229 1464 267 character,
1481 231 1511 259 et
1523 232 1655 261 ornatus
1664 231 1798 263 animae:

1029 281 1122 313 datur
1134 282 1231 313 etiam
1245 283 1418 313 debilitatio
1434 282 1565 321 fomitis,
1582 284 1649 314 sive
1667 286 1798 324 expedi·

1030 335 1072 366 tio
1096 335 1309 376 potentiarum
1319 360 1327 373 ‚
1348 335 1417 366 haec
1447 337 1496 366 est
1516 337 1651 367 efficacia
1675 338 1798 376 grassae.

1029 388 1142 419 Dicunt
1156 397 1236 427 ergo
1257 389 1341 428 quod
1366 391 1509 428 respectu
1533 390 1645 427 gratiae
1669 394 1800 430 gratum

1030 441 1172 472 facientis
1188 444 1263 472 sunt
1277 441 1358 472 sicut
1373 451 1469 472 causa
1484 443 1550 473 sinc
1562 452 1625 482 qua
1638 452 1720 481 110n;
1734 453 1801 475 res-

1029 496 1122 534 pectu
1136 494 1475 533 characterificationis,
1491 495 1540 525 vel
1555 496 1757 534 characteris,
1770 499 1802 527 et

1028 550 1170 585 ornatus,
1189 550 1264 578 sunt
1283 548 1365 578 sicut
1386 557 1482 579 causa
1502 548 1640 579 efficiens
1657 552 1801 589 respectu

1028 600 1114 630 illius
1129 601 1272 638 virtutis3
1286 603 1429 640 respectu
1438 601 1659 632 debilitationis·
1670 602 1800 641 fomitis,

1028 654 1095 685 sive
1113 654 1235 684 roboris
1256 654 1486 694 potentiarum,
1502 656 1577 685 sunt
1591 663 1687 685 causa
1701 655 1802 695 dispo-

1028 716 1126 738 nens:
1143 709 1174 737 et
1188 707 1249 737 hoc
1266 707 1310 737 sic
1325 707 1530 738 manifestum
1545 710 1602 738 est.
1625 706 1707 738 Nam
1721 708 1803 739 sicut

1028 759 1174 791 videmus
1189 760 1273 800 quod
1288 760 1321 790 in
1333 762 1527 800 purgatmne
1540 769 1596 800 per
1606 761 1718 799 ignem
1728 770 1803 801 pur-

1030 813 1191 852 gatorium
1206 815 1253 844 est
1273 813 1340 853 ipsa
1360 813 1467 843 anima
1489 813 1666 853 purgabilis
1681 814 1801 845 habens

1029 869 1168 903 reatum,
1184 866 1235 897 vel
1255 866 1415 897 maculam
1435 866 1608 904 venialem3
1630 869 1677 897 est
1696 866 1801 906 gratia

1029 919 1112 950 intra
1124 919 1276 956 animam,
1290 919 1365 958 quia
1377 919 1444 949 sine
1459 919 1526 958 ipsa
1541 928 1604 949 non
1620 919 1709 949 fieret
1724 928 1801 959 pur-

1029 972 1130 1011 gati03
1148 975 1179 1003 et
1197 981 1310 1002 rursus
1331 972 1434 1003 virtus
1452 972 1558 1011 ignis:
1575 971 1620 1002 sic
1642 971 1676 1002 in
1695 980 1801 1003 sacra-

1028 1027 1134 1056 mento
1155 1027 1200 1055 est
1222 1025 1329 1055 anima
1350 1024 1470 1055 habens
1489 1024 1644 1055 desectum
1663 1027 1693 1055 et
1712 1025 1801 1056 debi-

1028 1078 1147 1108 litatem
1172 1079 1404 1117 potentiarum3
1428 1080 1475 1107 est
1498 1078 1614 1109 iterum
1639 1078 1745 1117 gratia
1766 1078 1801 1108 in

1028 1131 1134 1161 anima
1143 1131 1403 1170 virtus‹1p01·ans;
1414 1134 1459 1161 est
1471 1131 1584 1161 iterum
1593 1132 1692 1162 virtus
1701 1140 1801 1162 sacra-

1028 1184 1126 1215 menti
1141 1185 1278 1214 exterior
1292 1195 1297 1214 :
1317 1187 1347 1214 ct
1361 1184 1410 1214 his
1425 1185 1687 1216 concurrentibus
1701 1185 1799 1216 robo-

1028 1241 1140 1270 rantur
1153 1242 1182 1270 et
1193 1243 1348 1269 sanantur
1360 1240 1520 1279 potentiae,
1534 1243 1564 1270 et
1575 1241 1680 1279 grafia
1689 1240 1725 1270 fit
1737 1240 1801 1271 effi-

1028 1292 1130 1322 cacior
1139 1292 1173 1322 in
1184 1301 1241 1322 sua
1253 1292 1445 1332 operatione,
1457 1292 1614 1324 methante
1625 1293 1742 1324 virtute
1754 1302 1801 1324 sa-

1028 1345 1192 1376 cramenti.
1202 1345 1253 1375 Sic
1264 1354 1343 1383 ergo
1352 1345 1368 1375 d
1375 1345 1460 1375 lcunt
1468 1345 1552 1385 quod
1564 1347 1800 1377 sacramentum

1029 1400 1075 1429 est
1089 1407 1183 1428 causa
1201 1397 1330 1437 gratiae,
1347 1397 1414 1428 zine
1429 1407 1493 1437 qua
1504 1407 1584 1436 non,
1597 1399 1715 1430 scilicet
1730 1408 1801 1439 gra-

1029 1454 1098 1482 tum
1113 1451 1273 1489 facientis;
1289 1453 1336 1482 est
1352 1460 1446 1481 causa
1459 1451 1648 1483 characteris
1662 1455 1693 1483 et
1706 1462 1801 1485 orna-

1029 1507 1080 1536 tus
1095 1505 1249 1542 el'ficiens3
1266 1507 1313 1535 θεῖ
1328 1514 1423 1536 causa
1437 1506 1614 1538 efficientiae
1630 1507 1755 1546 gratiae,
1770 1511 1802 1539 et

1029 1558 1200 1589 sanartIonis
1216 1558 1430 1598 potentiarum
1446 1561 1481 1589 ut
1495 1559 1684 1599 disponens:
1697 1562 1728 1591 θῖ
1741 1560 1802 1592 hoc

1029 1622 1085 1653 per
1100 1613 1267 1649 virtutem,
1285 1620 1357 1651 quae
1372 1613 1418 1642 θεῖ
1439 1611 1473 1642 111
1492 1612 1560 1652 ipso
1585 1616 1800 1652 sacramento,

1029 1665 1241 1706 spiritualem,
1258 1668 1288 1695 et
1303 1674 1321 1695 a
1338 1664 1398 1695 Deo
1414 1665 1559 1695 collatam
1579 1666 1650 1697 sibi.
1676 1667 1732 1698 His
1751 1668 1802 1699 vi-

1030 1720 1071 1750 sis
1083 1743 1090 1757 ,
1106 1718 1271 1750 manifesta
1285 1720 1332 1749 θεῖ
1346 1718 1522 1749 secundum
1537 1719 1622 1759 ipsos
1637 1720 1802 1760 responsio

1029 1773 1069 1804 ad
1083 1773 1217 1812 objecta.

1071 1830 1085 1857 1
1104 1828 1134 1857 et
1148 1828 1178 1856 2.
1195 1825 1243 1856 Ad
1257 1824 1336 1856 illud
1357 1824 1444 1855 enim
1462 1825 1548 1865 quod
1566 1826 1723 1866 quaeritur
1736 1827 1802 1867 pri-

1031 1888 1084 1910 mo
1094 1903 1102 1917 ‚
1118 1881 1228 1910 utrum
1242 1877 1305 1908 sint
1320 1886 1415 1909 causa
1429 1877 1568 1909 efficiens
1589 1879 1702 1918 gratiae
1725 1888 1802 1920 gra-

1032 1936 1101 1964 tum
1115 1931 1274 1969 facientis,
1292 1931 1399 1962 dicunt
1414 1931 1499 1971 quod
1513 1940 1591 1963 non.
1615 1931 1704 1969 Quod
1722 1941 1803 1973 ergo

1031 1986 1181 2027 objicitur
1195 1985 1232 2016 de
1252 1984 1431 2015 differentia
1450 1984 1569 2016 horum
1589 1988 1804 2018 sacramento-

1031 2049 1120 2077 rum,
1137 2042 1167 2069 et
1182 2038 1326 2075 illorum,
1341 2037 1450 2068 dicunt
1464 2037 1549 2077 quod
1564 2037 1741 2069 differentia
1754 2040 1804 2070 at-

1032 2092 1172 2123 tenditur
1184 2091 1305 2121 ratione
1326 2090 1674 2129 characteristcationis,
1698 2093 1730 2122 et
1749 2101 1802 2123 or-

1032 2148 1143 2182 natus,
1159 2146 1190 2175 et
1203 2143 1351 2174 efficaciae
1368 2143 1482 2182 gratiae
1499 2154 1506 2174 t
1523 2146 1554 2174 et
1568 2144 1612 2174 sic
1628 2145 1804 2184 repondeat

1032 2200 1071 2230 ad
1085 2197 1162 2228 illud
1172 2196 1334 2236 Ilugonis,
1347 2196 1432 2236 quod
1443 2196 1480 2227 dc
1491 2196 1544 2227 illa
1557 2197 1804 2229 sanctificatione

1033 2251 1234 2290 intelligimr.

1072 2308 1101 2336 3.
1118 2304 1269 2336 Similiter
1283 2305 1391 2336 dicunt
1401 2305 1438 2335 tie
1449 2313 1486 2335 eo
1498 2303 1583 2343 quod
1593 2303 1669 2334 dicit
1682 2302 1800 2343 Magis-

1031 2360 1089 2394 ter,
1113 2358 1197 2398 quod
1217 2359 1281 2388 sint
1301 2367 1416 2389 causa:
1435 2360 1542 2388 tumen
1556 2357 1583 2387 si
1603 2356 1802 2395 intelligatur

1031 2413 1188 2450 quantum
1204 2411 1242 2442 ad
1259 2411 1396 2450 gratiam
1412 2412 1543 2450 gratum
1558 2409 1734 2447 facientem,
1749 2408 1800 2439 di-

1030 2465 1106 2495 cunt
1120 2464 1205 2504 quod
1232 2466 1279 2494 est
1299 2473 1395 2495 causa
1416 2463 1483 2494 sine
1507 2471 1571 2503 qua
1597 2471 1673 2492 non.
1701 2461 1801 2492 Aliter

1061 2543 1094 2574 (α)
1112 2543 1182 2568 Edit.
1200 2544 1343 2575 dyrippin„
1361 2544 1431 2574 1612,
1447 2544 1519 2574 Oper.
1537 2541 1563 2566 V.
1573 2540 1644 2568 Bed..
1658 2539 1711 2565 vim
1724 2546 1798 2571 rege-

1029 2578 1152 2604 nemum
1164 2580 1383 2605 sanctificationis.
