2017 2948
93 774 184 798 Quzestio

99 804 182 831 triplex.

93 947 124 967 Ad
154 947 195 973 pri-

113 984 166 997 mam

103 1012 177 1034 quaest.

104 1039 181 1065 Opinio

117 1070 168 1090 salsa

103 1193 179 1219 Opinio

115 1230 170 1244 vera.

91 1338 174 1359 l’ruiinii

177 1344 188 1358 o

91 1370 195 1396 opii-mnis

209 70 267 99 054
768 63 1076 98 SENTENTIARUM
1092 64 1165 98 LIB.
1183 65 1233 97 IV.

729 212 1094 260 DISTINCTIO
1136 213 1274 259 XVII

246 332 282 354 m:
300 329 502 354 CONFESSIONE
520 329 766 358 SACRAMENTALI,
791 328 827 350 ΕΤ
846 328 884 349 DE
904 327 953 349 IIIS
971 327 1038 353 QUAE
1056 328 1095 349 AD
1114 327 1177 349 EAM
1195 326 1357 358 SPECTANT,
1378 327 1473 350 PROUT
1492 328 1590 351 HABET
1610 329 1764 352 Emonam

501 384 640 411 BEMEDII,
663 381 806 408 QUAN'I'UM
827 382 866 403 An
886 381 1108 403 NECESSl'rATEM
1129 381 1169 403 Ex
1190 381 1284 404 PARTE
1302 382 1507 405 CONFITENTIS.

917 493 1033 529 PARS
1065 493 1089 530 1.

209 588 281 610 ‘rmA
297 586 516 609 PROPONUNTUR
531 584 698 612 QUAERENDA
714 584 722 605 t
740 583 867 612 PRIMUM,
885 584 926 604 AN
942 583 1009 604 SINE
1026 583 1225 606 CONFESSIONE
1239 584 1423 607 Dml'rTA‘rnn
1439 585 1612 614 PECCATmu
1629 586 1798 615 SECUNDUM,

248 637 288 657 AN
320 635 417 657 Alillel
445 634 598 655 srisflcm'r
624 633 782 655 CONFITERI
811 632 869 654 ΠΕΟ
896 633 962 654 SlNE
989 633 1176 663 SACERDOTEJ
1205 634 1356 663 TERTH'M,
1382 635 1422 656 AN
1450 634 1536 656 LAtco
1561 635 1657 657 FACTA
1681 635 1802 658 VALEAT

248 684 407 706 CONFESSIO
429 686 434 704 :
460 683 527 709 QUAE
549 682 643 704 OMMA
664 682 843 704 SOLVUNTUR
866 682 896 703 IN
920 682 978 703 nile
999 682 1220 704 DISTlNC'riONE,

254 765 314 797 Hic
337 765 442 797 oritur
464 764 600 808 quaestio
621 762 793 807 multiplex
813 774 819 794 :
838 762 943 806 primo
959 762 1046 795 enim
1062 763 1224 807 quaeritur
1246 767 1359 795 utrum
1375 763 1497 807 absque
1517 763 1755 806 satisfactione,
1772 768 1803 797 et

210 823 274 856 oris
289 822 488 855 confessione
504 847 512 862 ,
529 832 586 865 per
601 820 703 853 solam
720 820 825 853 cordis
846 820 1075 853 contritionem
1090 847 1097 861 ,
1118 825 1281 865 peccatum
1306 820 1403 854 alicui
1427 820 1628 863 dimittatur;
1644 821 1799 863 secundo,

210 892 250 913 an
271 880 368 913 alicui
390 879 531 912 sufficiat
555 878 700 911 confiteri
723 878 788 910 Deo
805 878 874 910 siue
896 878 1080 919 sacerdote3
1102 879 1211 918 tertio,
1229 890 1270 911 an
1285 878 1367 911 laico
1391 878 1480 911 fideli
1501 878 1585 912 facta
1605 879 1712 912 valeat
1725 890 1803 912 con-

209 939 315 971 sessio.
344 938 380 970 In
405 938 455 970 his
480 937 567 969 enim
593 937 689 969 ctiam
714 936 799 968 docti
823 935 949 969 diversa
971 937 1090 969 sentire
1115 936 1348 977 inveniuntur;
1366 936 1444 980 quia
1461 947 1558 981 super
1574 936 1624 969 his
1638 937 1728 970 varia
1742 963 1750 978 ‚
1767 948 1802 970 ac

211 1008 291 1040 pene
307 996 442 1028 adversa
461 994 629 1027 tradidisse
645 993 797 1026 videntur
812 993 968 1026 doctores.
987 993 1107 1026 Dicunt
1121 994 1208 1026 enim
1225 999 1231 1014 ¹
1249 994 1384 1038 quidam
1398 1020 1406 1035 ,
1423 994 1492 1027 sine
1507 994 1707 1028 confessione
1723 995 1800 1036 oris,

209 1058 241 1085 et
256 1053 472 1086 satisfactione
488 1052 613 1095 operis,
631 1051 795 1084 nerninem
809 1063 827 1084 a
846 1056 973 1095 peccato
989 1051 1163 1094 mundari,
1181 1051 1207 1084 si
1226 1056 1352 1096 tempus
1371 1052 1461 1085 illam
1480 1052 1620 1085 faciendi
1637 1052 1799 1086 habuerit.

209 1111 277 1144 Alii
293 1122 369 1143 vero
385 1110 498 1142 dicunt
512 1113 587 1141 ante
604 1109 668 1142 oris
682 1108 916 1141 confessionem
938 1113 969 1141 et
987 1109 1238 1142 satisfactionem
1255 1109 1288 1142 in
1308 1109 1413 1142 cordis
1427 1109 1621 1142 contritione
1635 1113 1802 1153 peccatum

209 1168 329 1201 dimitti
354 1179 371 1200 a
387 1168 453 1199 Deo
468 1193 475 1207 ,
500 1166 526 1198 si
550 1170 658 1198 tamen
683 1170 796 1198 votum
811 1165 989 1198 confitendi
1008 1166 1136 1199 habeat.
1156 1166 1249 1199 Unde
1264 1167 1427 1210 Propheta
1442 1174 1452 1189 ²
1471 1179 1477 1199 :
1495 1167 1574 1199 Dixi
1589 1179 1599 1198 :
1615 1167 1802 1210 Confitebor

210 1226 382 1259 adversum
398 1236 449 1257 mc
465 1223 670 1268 injustitiam
686 1234 795 1256 meam
816 1224 958 1256 Domino
975 1235 985 1255 .·
1002 1230 1032 1257 et
1052 1230 1087 1256 tu
1109 1224 1267 1256 remisisti
1280 1250 1287 1265 ,
1304 1228 1364 1256 etc.
1382 1224 1475 1263 Quod
1500 1235 1665 1268 exponens
1680 1224 1804 1257 Cassio-

211 1284 310 1317 dorus
325 1309 332 1325 ,
348 1283 393 1316 ait
408 1284 417 1300 ³
432 1294 437 1314 :
460 1294 476 1312 ‹<
493 1281 583 1322 Dixi,
600 1281 632 1313 id
648 1285 706 1321 est,
723 1281 901 1314 deliberavi
916 1281 1003 1325 apud
1022 1293 1072 1314 me
1088 1282 1175 1325 quod
1192 1281 1384 1322 confitebor,
1401 1285 1432 1314 et
1448 1285 1482 1314 tu
1498 1281 1664 1315 remisisti.
1681 1280 1800 1324 Magna

211 1342 311 1385 pietas
328 1341 397 1381 Dei,
416 1340 473 1384 qui
488 1339 528 1372 ad
545 1339 644 1372 solam
663 1339 911 1383 promissionem
928 1343 1093 1383 peccatum
1109 1339 1269 1372 dimiserit
1285 1352 1291 1371 :
1310 1343 1423 1372 votum
1439 1339 1526 1372 enim
1543 1350 1601 1383 pro
1617 1339 1803 1383 operatione

104 1401 174 1424 ‘stm-
207 1399 386 1443 judicatur.
404 1411 420 1428 i)
440 1398 520 1430 Item
534 1397 742 1440 Augustinus
757 1398 766 1414 ⁴
784 1409 790 1428 :
811 1410 827 1427 α
843 1396 996 1430 Nondum
1019 1397 1231 1441 pronuntiat,
1250 1397 1410 1441 promittit
1431 1408 1464 1430 se
1488 1397 1779 1442 pronuntiaturum
1792 1423 1800 1439 ,

107 2316 185 2336 Priori<

93 2347 198 2373 opinionis

93 2377 198 2404 probatio.

211 1461 242 1490 et
260 1457 347 1490 Deus
365 1456 497 1489 dimittit
516 1467 523 1487 :
540 1455 618 1499 qnia
633 1455 693 1487 hoc
716 1455 823 1499 ipsum
843 1454 950 1487 dicere
962 1481 969 1495 ,
987 1455 1153 1499 quoddam
1170 1455 1383 1499 pronuntiare
1403 1460 1449 1488 est
1461 1454 1567 1487 corde.
1585 1454 1741 1488 Nondum
1756 1458 1803 1488 est

211 1526 273 1547 vox
289 1515 322 1547 in
338 1525 392 1547 ore
408 1518 443 1546 ut
458 1514 556 1546 homo
571 1513 682 1546 audiat
700 1513 933 1545 confessionem
948 1539 955 1553 ,
973 1516 1004 1545 et
1019 1513 1105 1546 Deus
1124 1513 1227 1546 audit.
1245 1526 1261 1545 n
1280 1513 1360 1545 Item
1376 1517 1386 1534 ⁵
1404 1525 1409 1545 :
1427 1512 1639 1556 Sacrificium
1655 1513 1722 1545 Deo
1736 1512 1803 1557 spi-

212 1573 295 1605 ritus
311 1571 548 1605 contribulatas
559 1582 572 1610 ;
587 1581 641 1603 cor
656 1570 854 1611 contritum,
872 1574 929 1602 etc.
958 1570 1045 1602 Alibi
1065 1571 1162 1603 etiam
1178 1571 1299 1613 legitur
1313 1573 1323 1589 ⁶
1340 1583 1350 1602 :
1370 1572 1582 1616 Quacumque
1595 1570 1677 1604 liora
1685 1580 1803 1616 pecca-

212 1637 260 1664 tor·
284 1640 453 1663 conversus
472 1629 578 1673 fuerit
602 1634 632 1661 et
654 1628 871 1671 inqemmrit,
890 1628 959 1660 vita
981 1627 1080 1667 vivet,
1107 1634 1138 1660 et
1163 1639 1229 1660 non
1252 1628 1421 1661 morietur.
1446 1628 1518 1661 Non
1539 1628 1683 1661 dicitur:
1705 1641 1721 1659 t(
1738 1627 1802 1661 Ore

210 1687 374 1720 confessus
399 1687 513 1727 fuerit,
531 1700 546 1717 »
566 1686 619 1719 sed
637 1698 643 1718 ε
664 1686 843 1718 Conversus
863 1685 1071 1729 inqemzcerz't.
1100 1685 1194 1718 Unde
1216 1685 1312 1718 datur
1334 1685 1491 1729 intelligi,
1513 1685 1601 1730 quod
1623 1685 1720 1718 etiam
1745 1696 1800 1718 ore

210 1749 333 1778 tacente
349 1744 478 1777 veniam
495 1743 659 1776 interdum
675 1742 917 1787 consequimur.
934 1742 1018 1775 nino
1032 1743 1129 1775 etiam
1142 1743 1261 1787 leprosi
1273 1743 1321 1775 illi
1336 1743 1359 1784 ³,
1376 1743 1498 1787 quibus
1508 1743 1667 1775 Dominus
1682 1753 1802 1787 praece-

211 1803 258 1848 pit
273 1807 309 1835 ut
324 1802 529 1836 ostenderent
545 1812 578 1834 se
593 1800 831 1842 sacerdotibus,
848 1800 883 1832 in
903 1801 1019 1833 itinere
1034 1827 1041 1839 ,
1059 1807 1235 1845 antequam
1256 1801 1302 1834 ad
1322 1801 1504 1834 sacerdotes
1519 1801 1668 1834 venirent
1680 1827 1688 1843 ‚
1705 1812 1802 1834 mun-

210 1860 284 1894 dati
302 1867 389 1893 sunt.
417 1860 463 1892 Ex
485 1870 551 1904 quo
567 1859 775 1899 insinuatur,
792 1858 880 1902 quod
903 1862 1078 1903 antequam
1100 1870 1157 1892 ora
1178 1863 1287 1892 nostra
1306 1859 1527 1892 sacerdotibus
1547 1859 1750 1903 aperiamuS‚
1767 1858 1800 1892 id

210 1924 268 1959 est,
286 1923 413 1962 peccata
426 1916 653 1957 confiteamur,
669 1928 688 1948 a
702 1916 792 1960 lepra
807 1915 927 1960 peccati
943 1916 1156 1950 mundamur.
1173 1916 1316 1949 Lazarus
1331 1916 1428 1949 etiam
1442 1928 1508 1949 non
1523 1917 1614 1961 prius
1628 1916 1668 1949 de
1684 1927 1801 1950 monu-

212 1981 321 2009 mento
341 1979 387 2008 est
406 1975 561 2015 eductus,
580 1978 610 2006 et
635 1978 738 2018 posta
753 1973 892 2006 Domino
916 1974 1089 2006 suscitatus
1100 1987 1108 2015 ;
1130 1974 1185 2007 sed
1205 1973 1294 2007 intus
1309 1974 1500 2016 suscitatus,
1518 1974 1639 2019 prodiit
1654 1974 1740 2007 foras
1753 1974 1801 2007 vi-

212 2035 306 2075 vusss,
324 2037 360 2066 ut
379 2032 602 2065 ostenderetur
628 2031 793 2064 suscitatio
816 2031 932 2064 animae
959 2031 1138 2075 praecedere
1165 2032 1398 2065 confessionem
1410 2038 1432 2064 ⁹.
1455 2032 1557 2065 Nemo
1581 2031 1670 2064 enim
1698 2034 1802 2075 potest

212 2091 378 2131 confiteri,
404 2090 467 2122 nisi
493 2089 684 2130 suscitatus,
705 2089 784 2132 quia
805 2091 825 2108 ¹⁰
846 2100 867 2120 α
892 2095 1039 2130 mortuo,
1056 2089 1142 2122 velut
1157 2090 1213 2133 qui
1234 2096 1374 2128 nonest,
1390 2090 1480 2134 perit
1495 2084 1664 2133 confessio.
1682 2088 1802 2122 Nullus

213 2160 289 2191 ergo
304 2148 494 2189 confitetur,
519 2147 579 2179 nisi
604 2147 823 2179 resuscitatus.
850 2146 953 2180 Nemo
976 2151 1086 2180 autem
1107 2147 1293 2187 suscitatur,
1311 2147 1374 2179 nisi
1389 2147 1447 2191 qui
1461 2158 1480 2179 a
1496 2151 1624 2191 peccato
1638 2145 1798 2188 solvitur;

213 2206 291 2250 quia
314 2210 480 2250 peccatum
502 2215 588 2237 mors
612 2204 729 2237 animae
751 2210 817 2246 est,
836 2215 911 2248 quae
937 2209 972 2237 ut
996 2209 1044 2237 est
1066 2205 1133 2237 vita
1155 2205 1298 2248 corporis
1311 2230 1319 2246 ,
1338 2205 1382 2237 ita
1397 2204 1467 2248 ejus
1482 2204 1549 2237 vita
1564 2204 1651 2237 Deus
1665 2208 1724 2237 est.
1741 2203 1801 2236 His

213 2264 348 2308 aliisque
371 2262 524 2307 pluribus
542 2261 789 2295 auctoritatibus
813 2262 991 2306 probatur,
1017 2266 1090 2295 ante
1114 2262 1348 2295 confessionem
1373 2262 1424 2294 vel
1453 2261 1703 2295 satisfactionem
1731 2261 1801 2295 sola

212 2321 460 2366 compunctione
475 2323 641 2364 peccatum
655 2318 786 2351 dimitti.
804 2319 898 2359 Quod
913 2320 972 2364 qui
986 2324 1125 2364 negant,
1143 2331 1196 2353 eas
1208 2320 1423 2352 determinare
1438 2319 1606 2362 laborant,
1623 2330 1749 2353 necnon
1763 2319 1798 2352 in

214 2379 313 2423 hujus
327 2378 494 2412 sententiae
509 2376 798 2421 deprehensionem
812 2402 820 2418 ‚
840 2381 871 2409 et
885 2377 924 2410 ad
941 2388 1009 2411 suae
1025 2377 1188 2422 opinionis
1202 2377 1413 2410 assertionem
1432 2380 1603 2410 auctorum
1616 2377 1800 2411 testimonia

244 2474 252 2490 ¹
264 2473 300 2497 De
314 2473 413 2501 Poenit.‚
427 2471 484 2495 dist.
502 2477 557 2495 1.—
573 2470 584 2487 ¹
594 2470 633 2494 Ps.
655 2476 727 2500 xxm,
743 2471 765 2494 5.
777 2483 808 2487 —
824 2470 834 2486 ⁸
848 2470 930 2494 Closs.
947 2471 1031 2495 ordin.
1048 2472 1073 2494 in
1087 2471 1128 2495 Ps.
1144 2477 1216 2496 xxxi.
1230 2483 1259 2488 —
1275 2472 1282 2485 ⁴
1300 2472 1374 2502 Aug„
1388 2471 1480 2495 Enarr.
1497 2471 1524 2494 in
1538 2470 1577 2494 Ps.
1591 2476 1663 2501 xxxi,
1677 2477 1704 2495 n.
1721 2471 1758 2495 15.
1768 2482 1798 2489 —

212 2510 223 2526 ⁸
237 2510 277 2533 Ps.
293 2515 317 2539 L,
333 2510 370 2533 ¹9.
384 2508 434 2526 —⁶
444 2506 543 2536 Ezech.‚
558 2512 636 2536 xviii,
652 2508 689 2530 ¹2.
701 2518 730 2523 -
743 2506 750 2520 ’
761 2506 829 2536 Luc„
845 2512 909 2537 xvii,
925 2506 962 2530 ¹4.
974 2519 1005 2524 —
1018 2505 1029 2523 θ
1040 2507 1122 2536 Joan.,
1135 2512 1170 2536 xi,
1187 2507 1265 2531 43.—
1277 2507 1286 2521 ⁹
1300 2508 1373 2537 Aug..
1388 2512 1466 2531 serm.
1478 2511 1574 2536 ecel-11,
1587 2505 1620 2531 al.
1633 2505 1704 2531 hom.
1715 2510 1797 2535 xxvii,

214 2544 278 2568 inter
292 2543 364 2568 hom.
378 2549 405 2574 L,
417 2549 441 2567 e.
457 2548 496 2572 111,
512 2548 538 2565 u.
553 2541 576 2565 8.
587 2553 618 2559 —
629 2541 649 2558 ¹⁰
661 2541 750 2571 Eccli.,
766 2546 829 2570 xvii,
845 2542 883 2566 26.
