2017 2948
101 798 198 825 Exempl.

218 205 256 233 60

216 269 342 307 quando
350 268 509 298 concurrit
520 268 635 298 divium
647 268 759 307 gratiae
774 268 981 306 adJutorium,

216 324 246 352 et
257 322 348 351 bonae
363 321 601 351 consuetudinis
618 321 817 358 exercitium,
842 330 896 360 per
911 329 982 360 quic

216 374 279 404 duo
296 374 396 403 virtus
410 373 579 404 cardinalis
594 374 731 403 radicata
748 374 778 403 in
794 376 908 403 natura
923 373 982 403 du-

216 428 305 456 catur
325 426 363 456 ad
382 426 649 466 complementum
673 426 856 465 persi-ctum.
882 426 917 456 Et
940 426 983 454 sic

216 479 319 509 virtus
339 479 516 516 cardinalis,
540 479 572 509 in
597 481 752 518 quantum
776 481 822 509 est
846 479 981 517 politica,

215 534 321 562 ortum
336 532 457 562 habens
468 542 485 561 a
497 534 620 567 natura,
637 532 761 561 ducitur
776 531 815 561 ad
824 531 983 570 quoddam

216 585 481 623 complementum
526 594 566 614 cx
607 585 832 614 assnet'awtionc
871 584 984 613 subse-

216 640 347 676 quentc;
371 637 408 667 ad
432 638 538 675 majus
560 637 829 676 complementum
859 636 984 666 ducitur

217 698 256 719 ex
275 690 377 728 gratia
399 690 641 729 superveniente
649 701 655 727 3
674 690 727 719 sed
752 690 791 719 ad
810 689 984 728 perfectum

218 743 483 781 complementum
505 753 544 773 ex
571 744 703 782 utraque
731 751 826 772 causa
851 751 984 772 concur-

218 797 316 832 rente,
342 795 484 825 videlicet
508 795 611 833 gratia
631 797 661 825 vt
685 795 922 825 assuefactione.
948 795 985 825 Et

218 849 318 886 penest
338 848 524 885 hujusmodi
547 848 727 887 exemplum
752 848 888 878 inveniri
911 848 985 878 satis

217 900 430 931 manifestum.
459 900 610 931 Videmus
640 901 725 931 enim
758 902 842 941 quod
871 901 985 941 aliquis

217 962 319 992 equus
334 962 372 983 cx
387 962 444 983 sua
458 954 595 984 naturali
619 954 845 993 compositione
867 955 983 994 aptitu-

218 1005 323 1036 dinem
335 1006 429 1036 habet
453 1007 491 1037 ad
511 1007 591 1037 bene
610 1007 802 1046 portandum
821 1011 850 1037 et
872 1008 986 1037 ambu—

217 1058 349 1089 landum
358 1070 365 1096 ;
380 1060 433 1090 sed
448 1060 501 1090 illa
511 1061 653 1099 aptitudo
665 1061 704 1090 ad
715 1060 984 1099 complementum

217 1114 320 1151 potest
333 1112 439 1142 reduci
453 1113 614 1152 peripsius
625 1114 698 1152 equi
708 1114 982 1152 assuefactionem,

218 1164 268 1194 vel
284 1174 338 1204 per
357 1165 455 1205 ipsius
477 1167 606 1196 sessoris
627 1166 828 1205 industriam,
849 1167 903 1206 qui
929 1167 986 1197 scit

218 1217 317 1247 sraeno
331 1227 452 1257 equum
468 1228 563 1249 suum
583 1219 707 1257 ducere,
724 1220 773 1250 vel
790 1229 845 1259 per
861 1222 985 1250 utram-

219 1279 291 1309 que.
309 1270 359 1301 Sic
377 1273 407 1301 et
430 1271 462 1301 in
483 1272 642 1311 proposito
666 1272 911 1312 intelligendum
927 1275 983 1311 est,

218 1323 304 1362 quia,
320 1324 492 1355 secundum
513 1324 732 1363 Augus-tinum
748 1327 768 1363 ¹,
786 1325 924 1356 liberum
939 1335 986 1356 ar-

218 1377 349 1407 bitrium
367 1377 560 1408 assimilatur
574 1387 676 1417 equo,
693 1381 723 1409 et
747 1379 850 1417 gratia
864 1379 986 1409 assimi-

217 1430 301 1459 latur
316 1431 439 1468 sessori,
458 1433 489 1460 ct
502 1431 585 1461 bona
601 1432 740 1470 operatio
760 1434 852 1462 rectae
868 1433 984 1462 ambu-

218 1483 337 1514 lationi.
359 1483 410 1513 Sic
434 1493 513 1521 crgo
536 1486 630 1523 patet,
657 1485 741 1523 quod
766 1486 924 1524 loquendo
947 1486 985 1516 de

218 1536 336 1566 virtute
346 1536 497 1566 cardinali
508 1537 683 1567 secundum
693 1538 776 1577 quod
789 1540 835 1568 est
846 1538 982 1577 politica,

219 1591 249 1618 et
270 1589 444 1620 secundum
468 1591 552 1629 qnod
574 1592 620 1620 cst
644 1591 826 1621 intentionis
848 1591 986 1631 philoso-

218 1642 319 1681 phicae
339 1642 549 1673 determinare
571 1643 608 1673 de
628 1643 706 1683 ipsa,
725 1644 851 1674 concedi
871 1646 983 1683 potest,

217 1695 302 1734 quod
317 1704 335 1725 a
349 1697 463 1726 natura
481 1698 510 1726 et
531 1697 756 1727 assuefactione
778 1696 873 1727 trahit
887 1697 986 1736 origi-

218 1757 303 1784 nem,
330 1749 502 1779 secundum
527 1750 609 1788 quod
632 1750 697 1789 ipse
717 1750 927 1790 Philosophus
942 1751 985 1781 di-

216 1802 274 1839 cit,
291 1804 320 1832 et
337 1802 473 1832 rationes
495 1803 668 1833 ostendunt
691 1803 730 1833 ad
752 1803 888 1843 primam
915 1814 984 1843 par-

216 1856 278 1884 tem
294 1855 444 1885 inductae.
462 1855 494 1885 Si
517 1858 624 1885 autem
640 1856 809 1895 loquamur
830 1857 867 1887 de
886 1858 985 1888 virtu-

220 1907 303 1938 tibus
317 1908 528 1938 cardinalibus
541 1909 717 1939 secundum
728 1910 813 1949 quod
825 1912 899 1940 sunt
913 1920 985 1949 gra-

216 1961 315 1998 tuitae,
345 1963 375 1990 et
404 1961 579 1992 secundum
603 1962 687 2001 quod
711 1962 749 1992 de
779 1962 823 1992 eis
852 1963 984 1994 intendit

216 2014 400 2052 theologus,
421 2014 465 2043 sic
489 2017 562 2044 sunt
590 2024 608 2044 a
627 2015 734 2045 divino
758 2025 899 2047 munere.
925 2017 984 2048 Sed

215 2068 324 2096 contra
339 2066 398 2096 hoc
418 2075 482 2097 non
505 2069 579 2097 sunt
594 2067 740 2105 rationes,
765 2078 838 2107 quae
858 2069 897 2099 ad
914 2070 983 2108 pri-

216 2128 301 2149 mam
317 2122 438 2158 partem
463 2120 668 2158 inducuntur,
690 2121 765 2160 quia
786 2121 888 2152 solum
909 2132 982 2162 pro-

215 2173 331 2202 cedunt
365 2172 402 2202 de
432 2173 550 2203 virtute
585 2174 761 2204 secundum
799 2175 882 2213 quod
909 2176 982 2206 dicit

215 2225 385 2264 quemdam
400 2225 545 2255 habitum
570 2226 786 2257 habilitantem
811 2228 982 2266 potentiam

216 2277 341 2308 animae.
370 2277 408 2308 Et
436 2278 505 2309 ideo
528 2279 665 2309 rationes
690 2280 752 2310 illae
777 2282 850 2311 sunt
874 2290 982 2312 conce-

215 2330 335 2361 dendee.

256 2386 284 2413 1.
300 2384 348 2414 Ad
363 2383 440 2414 illud
455 2393 531 2414 vero
548 2385 630 2423 quod
646 2385 791 2424 objicitur
808 2387 840 2416 in
860 2390 982 2418 contra-

216 2437 312 2473 rium,
331 2437 416 2475 quod
431 2444 520 2468 omne
536 2437 648 2469 clatum
666 2439 832 2477 optimmn,
847 2444 876 2472 ec
893 2448 981 2473 omne

216 2489 334 2520 domim
360 2491 554 2529 perlectum,
585 2493 662 2528 etc„
688 2495 717 2521 et
747 2493 881 2523 virtutes
908 2498 981 2525 sunt

217 2542 298 2572 dona
323 2543 452 2582 optima,
470 2544 651 2583 responderi
678 2547 778 2584 potest
798 2546 979 2585 dupliciter.

251 2626 257 2639 ¹
270 2626 344 2654 Aug,
354 2625 382 2647 tle
400 2626 578 2658 1ὐ)·[ι.Αμω-ί.,
588 2634 664 2653 serm.
676 2633 754 2657 xn‚c.
768 2634 828 2659 v111;
845 2629 886 2655 al„
903 2637 981 2655 serm.

217 2664 279 2689 xxxi,
291 2666 316 2683 u.
333 2661 368 2684 10.

766 199 1073 232 SENTENTIARUM
1097 200 1170 231 LlB.
1194 201 1246 232 111.

1039 268 1158 305 Primo,
1175 268 1249 307 quia
1269 268 1377 299 Glossa
1400 269 1551 308 intelligit
1569 270 1607 300 de
1631 270 1806 302 virtutibus

1038 329 1102 350 non
1119 320 1374 361 quibuscumque
1395 324 1426 352 et
1447 332 1502 361 per
1517 332 1644 353 omnem
1660 323 1803 362 modum,

1038 372 1090 402 sed
1109 373 1306 412 inquantum
1323 377 1397 405 sunt
1417 376 1565 413 gratuitae
1580 378 1610 406 et
1622 376 1804 415 meritoriae,

1038 434 1199 465 perquem
1215 427 1346 457 modum
1361 427 1481 458 dictum
1497 431 1544 458 est
1559 429 1732 460 cardinales
1745 430 1807 460 vir-

1038 480 1120 508 tutes
1135 488 1200 509 esse
1211 488 1229 509 a
1239 480 1304 510 solo
1316 489 1446 511 munere
1461 481 1585 520 gratiae.
1599 482 1697 512 Aliter
1711 482 1807 514 etiam

1038 530 1098 560 dici
1113 534 1225 571 potest,
1242 533 1327 571 quod
1343 542 1397 572 per
1410 533 1495 564 illam
1508 535 1727 565 auctoritatem
1742 544 1807 567 non

1038 585 1201 623 probatur,
1216 586 1300 625 quod
1315 586 1394 616 tales
1410 587 1542 617 virtutes
1557 597 1620 618 non
1636 588 1700 618 sint
1716 598 1734 619 a
1748 597 1806 619 no-

1038 637 1097 674 bis,
1114 638 1188 677 quia
1207 640 1272 668 tam
1294 639 1333 678 (α)
1355 640 1522 677 naturalia,
1546 650 1644 680 quam
1667 641 1809 680 gratuita

1038 690 1187 720 dicuntur
1209 700 1276 721 esse
1302 701 1319 721 a
1348 691 1427 730 Deo,
1449 692 1529 723 sicut
1551 692 1659 724 Glossa
1679 695 1810 734 exponit

1039 742 1095 773 ibi.
1112 743 1150 773 Et
1165 746 1331 783 propterea
1354 754 1393 774 ex
1409 745 1468 775 boc
1484 746 1595 776 haberi
1618 755 1684 776 non
1708 750 1809 786 potest

1039 796 1124 835 quod
1139 805 1202 826 non
1225 796 1287 826 sint
1305 797 1344 827 ab
1366 799 1548 837 operatione
1569 801 1677 830 nostra
1697 811 1703 830 :
1730 809 1810 840 opus

1039 849 1123 879 enim
1144 852 1289 880 nostrum
1313 860 1376 881 non
1392 851 1528 882 excludit
1545 861 1625 892 opus
1645 855 1675 883 et
1689 862 1810 884 munus

1041 902 1201 940 divinu1n;
1229 904 1294 934 imo
1316 905 1547 944 praesupponit,
1578 908 1607 935 et
1634 906 1810 937 necessario

1041 956 1152 995 exigit,
1169 957 1344 988 secundum
1359 958 1443 997 quod
1460 958 1493 987 in
1508 958 1645 989 secundo
1660 959 1741 990 libro
1755 968 1811 990 os-

1041 1009 1167 1038 tensum
1187 1010 1243 1045 est,
1266 1009 1318 1038 ubi
1339 1010 1512 1048 quaesitum
1532 1010 1592 1041 fuit
1612 1011 1721 1041 utrum
1740 1019 1810 1042 om-

1040 1060 1090 1091 nis
1105 1061 1184 1091 actio
1200 1061 1238 1091 sit
1254 1071 1271 1091 a
1287 1061 1359 1092 Deo.

1080 1117 1109 1144 2.
1126 1114 1173 1144 Ad
1187 1114 1265 1145 illud
1291 1115 1374 1154 quod
1390 1116 1540 1155 objicitur
1562 1116 1600 1147 de
1623 1117 1810 1148 auctoritate

1041 1167 1230 1207 Sapientis&
1244 1171 1311 1210 Jam
1328 1170 1412 1208 patet
1424 1169 1597 1208 responsio,
1614 1170 1689 1209 quia
1698 1170 1750 1201 vel
1764 1170 1809 1201 in-

1040 1222 1194 1261 telligitur
1209 1222 1246 1252 de
1261 1220 1455 1252 continentia
1468 1221 1642 1251 secundum
1659 1221 1742 1260 quod
1761 1223 1810 1252 est

1040 1276 1102 1306 Deo
1117 1277 1243 1314 accepta
1257 1277 1288 1305 et
1306 1274 1479 1311 meritoria,
1499 1273 1551 1304 vel
1564 1274 1754 1313 intelligitur
1770 1275 1809 1306 de

1040 1329 1162 1359 actione
1178 1328 1242 1366 Dei,
1265 1337 1328 1368 qua
1351 1327 1433 1358 Deus
1455 1327 1570 1358 dicitur
1591 1327 1666 1358 dare
1688 1328 1809 1367 aliquid

1040 1381 1235 1422 cooperando
1256 1383 1286 1411 et
1306 1380 1498 1420 adjuvando,
1522 1389 1587 1410 non
1610 1381 1649 1411 de
1673 1381 1725 1411 illa
1735 1390 1808 1421 spe-

1040 1435 1121 1473 ciali,
1138 1444 1202 1474 qua
1216 1433 1330 1464 dicitur
1344 1433 1418 1463 dare
1432 1433 1524 1464 illum
1542 1433 1690 1464 habitum
1705 1434 1809 1466 infun-

1040 1488 1153 1518 dendo.
1168 1487 1351 1526 Philosophi
1362 1487 1448 1516 enim
1459 1487 1655 1517 continentes
1666 1487 1807 1527 fuerunt,

1040 1543 1069 1571 et
1080 1541 1139 1570 hoc
1155 1540 1215 1570 Deo
1232 1540 1337 1576 dante,
1353 1548 1416 1569 non
1427 1549 1483 1579 per
1493 1540 1591 1579 ipsius
1605 1540 1807 1572 continentiae

1040 1594 1240 1630 infusionem,
1255 1593 1308 1623 sed
1325 1601 1377 1630 per
1391 1592 1555 1623 liberalem
1577 1595 1608 1623 et
1623 1593 1809 1625 benevolam

1039 1647 1303 1686 cooperationem.

1080 1703 1108 1731 3.
1135 1700 1181 1730 Ad
1205 1699 1281 1729 illud
1306 1699 1392 1738 quod
1415 1699 1580 1738 objicitur,
1603 1699 1689 1739 quod
1707 1709 1809 1739 agens

1039 1753 1176 1783 nobilius
1189 1755 1234 1783 est
1250 1752 1398 1792 patiente,
1414 1754 1444 1782 et
1466 1752 1659 1792 principium
1680 1752 1806 1791 effectu,

1039 1806 1149 1837 dicend
1155 1815 1208 1836 um
1214 1806 1298 1844 quod
1309 1805 1386 1836 illud
1392 1805 1488 1835 habet
1494 1805 1670 1843 veritatem,
1678 1806 1806 1845 quando

1039 1867 1140 1897 agens
1168 1861 1198 1887 et
1222 1866 1354 1887 movens
1382 1856 1632 1887 substantialiter
1659 1857 1763 1888 differt
1791 1867 1811 1888 a

1039 1911 1192 1951 patiente3
1208 1910 1261 1940 sed
1276 1910 1403 1950 quando
1415 1910 1458 1940 sic
1469 1912 1526 1946 est,
1543 1910 1628 1949 quod
1642 1910 1726 1941 idem
1742 1919 1809 1941 mo-

1038 1966 1090 1994 vet
1105 1964 1267 2003 seipsum,
1289 1972 1352 1993 non
1381 1965 1503 2002 oportet
1530 1963 1615 2002 quod
1641 1963 1808 1994 veritatem

1038 2018 1153 2048 habeat
1168 2017 1228 2047 nisi
1248 2016 1423 2047 secundum
1443 2016 1530 2055 quid,
1547 2018 1582 2046 ut
1600 2016 1685 2046 idem
1701 2016 1808 2056 ipsum

1038 2071 1077 2101 sit
1100 2070 1204 2108 magis
1219 2069 1336 2106 nobile,
1359 2070 1390 2098 et
1411 2069 1536 2106 minus,
1565 2068 1740 2098 secundum
1758 2069 1808 2099 di-

1038 2132 1145 2153 versas
1165 2121 1424 2161 comparationes.
1449 2120 1536 2151 Unde
1557 2120 1693 2151 liberum
1721 2121 1806 2152 arbi-

1038 2176 1137 2206 trium
1160 2175 1302 2214 seipsum
1320 2173 1529 2204 assuefaciens
1553 2174 1593 2204 ad
1616 2174 1735 2205 bonum
1751 2184 1807 2214 per

1038 2231 1143 2259 actum
1161 2236 1267 2265 suum,
1288 2227 1392 2266 magis
1407 2226 1513 2257 nobile
1528 2228 1574 2257 est
1593 2227 1626 2256 'm
1649 2229 1806 2266 quantum

1038 2292 1070 2313 se
1088 2283 1204 2318 movet,
1221 2283 1250 2311 et
1267 2279 1452 2317 assuefacit;
1470 2279 1578 2310 minus
1596 2280 1701 2311 nobile
1715 2283 1761 2311 est
1772 2281 1806 2312 in

1037 2337 1194 2375 quantum
1210 2333 1317 2363 minus
1332 2332 1491 2362 assuescit.
1508 2331 1546 2362 Et
1560 2332 1618 2363 boc
1635 2328 1806 2364 modo‘res-

1038 2388 1239 2430 pondendum
1255 2388 1301 2416 est
1322 2385 1354 2415 in
1371 2385 1519 2415 omnibus
1533 2386 1694 2425 acquisitis
1711 2387 1805 2417 habi-

1040 2442 1133 2472 tibus.
1152 2440 1188 2471 Et
1210 2440 1234 2468 si
1257 2439 1389 2469 ulterius
1411 2438 1585 2476 insistatur,
1611 2439 1697 2478 quod
1718 2442 1807 2471 actus

1039 2495 1174 2526 exterior
1187 2502 1250 2523 non
1265 2494 1311 2521 est
1321 2491 1457 2521 nobilior
1467 2491 1579 2522 habitu
1594 2491 1727 2522 interius
1744 2502 1806 2531 ge-

1039 2551 1158 2585 nerem,
1174 2546 1342 2577 dicendum
1365 2544 1449 2584 quod
1472 2544 1573 2575 virtus
1599 2544 1725 2584 politica
1739 2554 1804 2576 non

1037 2600 1219 2642 perducitur
1233 2599 1272 2629 ad
1286 2598 1550 2638 complementum
1566 2606 1622 2637 per
1635 2599 1741 2629 actum
1751 2607 1804 2630 ex-

1069 2665 1102 2695 (α)
1117 2663 1183 2687 Edit.
1200 2662 1254 2685 l'cn.
1266 2664 1329 2685 tum.
