2017 2948
237 139 251 166 1
257 137 295 165 44

234 204 287 232 tur
301 200 377 240 spei,
394 200 483 239 pejor
498 200 543 229 est
558 206 655 238 quam
670 196 790 234 odium,
806 195 891 236 quod
906 203 1003 234 oppo-

233 254 321 284 nitur
344 252 499 283 charitati.
535 250 707 287 Praeterea,
740 248 867 279 aliunde
888 247 1005 277 hahent

234 308 368 338 virtutes
380 305 605 346 aequalitatem,
633 303 759 333 aliunde
774 301 892 332 habent
907 309 1004 339 oppo-

234 360 368 390 sitorum
383 358 608 389 diversitatem.
625 356 845 395 AEqualitatem
857 353 1006 383 0111111113-

234 414 310 444 bent
331 422 371 443 ex
394 415 481 452 parte
507 412 638 450 gratim,
663 409 785 440 ratione
808 408 900 446 cujus
921 406 1005 446 quod

234 467 404 506 opponitur
418 466 473 496 uni
489 464 612 501 virtuti,
631 472 687 503 per
700 470 898 500 consequens
912 468 1006 499 oppo-

234 520 321 550 nitur
335 519 486 550 omnibus
503 527 510 548 :
527 516 746 557 oppositorum
767 517 874 545 autem
899 514 1006 544 diver-

234 573 359 603 sitatem
384 572 502 602 habent
523 570 644 601 ratione
666 568 849 608 specialium
875 569 1005 597 actuum

233 628 263 656 et
277 626 472 664 olJJectorum
491 634 496 654 :
522 626 605 653 etex
621 622 674 652 illa
689 623 776 661 parte
797 629 861 651 non
883 622 929 650 est
949 628 1004 650 ne-

234 687 318 708 cesse
335 678 462 708 habitus
477 677 634 707 virtutum
656 676 773 706 hahere
788 672 1005 704 omnimodam

234 731 456 770 aequalitatem,
474 729 556 759 sicut
569 729 657 768 prius
670 730 789 758 tactum
807 729 864 757 est.

273 786 302 814 4.
324 784 371 814 Ad
396 783 471 813 illud
494 782 577 822 quod
592 782 750 821 oinestur,
772 780 857 820 quod
878 779 1006 810 habitus

234 838 378 867 crescunt
394 839 423 866 et
439 837 691 874 augmentantur
713 835 747 865 in
770 834 872 871 nobis,
891 842 1006 863 secun-

234 890 311 920 dum
327 889 409 929 quod
435 889 506 929 plus
526 889 723 928 disponimus
746 897 803 917 nos
827 896 883 926 per
905 888 1004 923 actus,

234 944 403 974 dicendum
425 943 509 982 quod
536 944 733 974 crementum
755 941 882 971 habitus
905 948 1007 979 quan-

236 999 305 1027 tum
334 997 373 1027 ad
403 997 575 1026 bonitatem
607 995 804 1025 essentialem
829 995 861 1023 in
889 1002 1006 1032 genere

235 1050 367 1089 gratuiti
383 1050 554 1080 attenditur
568 1059 607 1080 ex
628 1051 805 1087 augmento
819 1047 918 1087 ipsius
933 1056 1008 1086 gra-

235 1104 306 1141 tiae,
330 1113 394 1143 qua
415 1105 640 1142 augmentata,
665 1103 810 1132 crescunt
831 1103 862 1131 et
886 1102 1008 1130 caeterae

236 1157 379 1187 virtutes.
398 1157 474 1187 Cum
490 1165 568 1195 ergo
583 1156 708 1193 dicitur,
731 1155 816 1194 quod
830 1154 935 1192 magis
951 1162 1008 1183 nos

236 1219 420 1240 exercemus
442 1209 475 1239 ’111
498 1211 571 1238 actu
593 1209 687 1238 unius
702 1208 839 1245 virtutis,
863 1216 960 1246 quam
975 1207 1008 1236 in

236 1266 307 1293 actu
323 1263 462 1300 alterius,
488 1271 566 1301 ergo
583 1262 687 1300 magis
704 1262 735 1291 in
751 1262 804 1291 illa
820 1261 1006 1297 crescimu53

236 1316 405 1346 dicendum
422 1315 508 1355 quod
530 1324 595 1345 non
616 1315 772 1354 sequitur,
799 1323 857 1354 pro
870 1323 907 1344 eo
923 1314 1008 1352 quod

237 1369 360 1399 debitus
386 1378 463 1399 usus
489 1370 520 1399 et
551 1367 731 1398 exercitatio
760 1368 793 1397 in
817 1369 888 1397 actu
915 1367 1010 1397 unius

238 1422 364 1453 virtutis
386 1422 524 1461 disponit
537 1421 575 1451 ad
600 1421 833 1450 incrementum
851 1419 1007 1450 omnium.

239 1476 325 1506 Unde
342 1476 423 1505 sicut
446 1475 479 1505 in
494 1474 721 1505 communitate
736 1473 949 1508 fraternitatis,
972 1472 1008 1501 li-

238 1531 286 1558 cet
309 1538 392 1558 unus
417 1528 521 1566 magis
545 1527 726 1565 negotietur
749 1527 782 1556 in
803 1525 1008 1565 acquirendo,

238 1591 334 1620 quam
349 1582 437 1619 alter⁷
454 1583 560 1610 tamen
585 1580 668 1609 bona
687 1579 839 1619 acquisita
862 1578 1010 1609 omnibus

239 1634 472 1664 distribuuntur
487 1632 665 1672 aetlualite1‘3
688 1633 732 1663 sie
747 1635 777 1663 et
791 1642 848 1663 suo
867 1632 960 1662 modo
977 1632 1007 1661 in

240 1688 400 1727 proposito
415 1686 658 1725 intelligendum
674 1688 730 1716 est.

281 1743 310 1771 5.
327 1741 374 1771 Ad
389 1740 466 1771 illud
492 1740 576 1779 quod
592 1739 752 1778 objicitur,
770 1738 855 1777 quod
868 1747 933 1768 una
949 1737 1010 1767 vir-

240 1797 291 1824 tus
314 1803 333 1824 a
354 1794 486 1824 diversis
513 1793 653 1832 personis
678 1794 779 1832 potest
801 1791 1012 1822 diversimode

239 1847 433 1887 participari,
456 1856 536 1885 ergo
550 1849 581 1876 et
603 1847 737 1877 diversae
751 1846 883 1876 virtutes
899 1844 938 1874 ab
958 1853 1011 1874 eo-

240 1901 323 1938 dem,
340 1900 509 1931 dicendum
524 1899 608 1939 quod
617 1896 685 1929 'non
700 1900 747 1929 est
761 1897 876 1936 simile,
890 1906 948 1937 pro
962 1906 1010 1933 eo,

240 1954 324 1993 quod
341 1954 436 1984 unius
451 1953 579 1984 virtutis
595 1953 628 1982 in
643 1951 776 1982 diversis
791 1951 926 1982 diversae
938 1952 1012 1980 sunt

240 2006 377 2044 radices,
403 2006 601 2037 diversarum
626 2014 703 2035 vero
726 2004 883 2035 virtutum
906 2004 939 2033 in
957 2011 1012 2033 eo—

241 2061 312 2091 dem
328 2069 392 2090 non
407 2061 481 2089 sunt
493 2059 625 2089 diversae
640 2057 771 2094 radices,
789 2056 842 2086 sed
858 2065 923 2086 una
937 2065 1013 2094 gra-

242 2115 296 2152 tia,
308 2123 363 2154 per
378 2122 476 2153 quam
491 2114 536 2143 est
551 2111 732 2150 acceptatio,
744 2112 775 2141 et
787 2119 851 2140 una
862 2109 1010 2146 charitas,

242 2177 298 2208 per
313 2177 408 2208 quam
423 2168 470 2197 est
485 2165 590 2196 meriti
603 2164 763 2204 perfectio.

283 2224 312 2250 6.
328 2220 374 2250 Ad
391 2219 467 2249 illud
481 2219 565 2258 quod
587 2217 751 2256 objicitur,
775 2215 860 2256 quod
885 2214 1013 2245 habitus

244 2273 371 2306 virtutis
392 2275 438 2303 est
458 2271 588 2302 reddere
611 2269 782 2310 potentiam
800 2268 936 2305 facilem,
962 2268 1013 2298 di-

245 2327 381 2358 cendum
397 2325 480 2365 quod
495 2323 654 2354 facil'itatio
665 2323 815 2362 potentiae
825 2322 863 2352 ad
873 2321 1012 2360 aliquem

246 2384 364 2418 aetum,
377 2380 480 2418 maj0r
492 2381 523 2408 et
533 2378 649 2414 minor,
659 2386 723 2406 non
735 2378 860 2406 tantum
873 2375 960 2405 veuit
974 2384 1014 2404 ex

246 2437 333 2474 parte
347 2431 544 2472 perfectionis
556 2432 586 2460 et
600 2429 746 2460 bonitatis
762 2429 859 2467 ipsius
874 2428 1012 2464 habitus,

280 2533 288 2548 ¹
304 2532 344 2562 Cf.
363 2532 389 2555 S.
407 2528 591 2559 Thom.,11-1l,
611 2534 635 2557 q.
651 2532 727 2556 xxm,
743 2528 789 2549 art.
803 2527 832 2554 8;
846 2527 872 2548 et.
886 2526 916 2548 111
936 2526 1014 2554 Sent.,

249 2567 306 2591 dist.
322 2571 397 2595 xxiii,
412 2573 436 2596 q.
453 2571 493 2595 111,
507 2566 574 2588 arni
590 2570 597 2593 ;
620 2564 645 2586 et
663 2562 692 2585 de
711 2562 796 2588 Vct-it,
813 2568 837 2590 q.
852 2566 904 2587 xiv,
917 2563 962 2583 art.
983 2562 1012 2589 4;

249 2602 402 2630 Menenius,
417 2602 447 2624 111
470 2600 548 2629 Senta,
570 2599 627 2622 dist.
650 2603 723 2627 xxiii,
737 2599 783 2621 art.
802 2599 823 2626 5,
840 2605 863 2626 q.
885 2602 908 2625 ι,-
924 2598 1011 2626 stupu.

788 126 1102 161 SENTENTIARUM
1123 126 1196 158 LIB.
1221 126 1274 158 111.

1060 203 1172 224 verum
1190 194 1284 224 etiam
1304 202 1344 223 ex
1355 194 1442 232 parte
1455 190 1669 230 dispositionis
1680 187 1824 228 subjecti.

1063 246 1161 284 Unde,
1177 246 1350 276 secundum
1363 245 1448 284 quod
1459 244 1540 274 actui
1552 243 1748 274 diversarum
1763 241 1828 271 vir-

1062 302 1166 330 tutum
1183 299 1318 329 liberum
1338 298 1504 328 arbitrium
1523 295 1698 326 secundum
1715 295 1786 334 plus
1799 296 1831 324 et

1062 353 1168 382 minus
1183 354 1379 391 cooperatur,
1397 350 1572 381 seeundum
1584 349 1641 379 hoc
1653 348 1722 388 plus
1732 350 1762 378 et
1776 347 1831 377 mi-

1061 416 1121 437 nus
1137 406 1313 443 t’aeilitatur,
1331 406 1399 435 licet
1413 405 1509 434 etiam
1520 403 1648 434 habitus
1659 402 1828 438 virtutum,

1061 462 1215 499 quantum
1236 462 1281 489 cst
1301 459 1339 489 de
1355 468 1398 496 se,
1421 458 1639 497 adaequentur.
1662 455 1752 485 Unde
1773 463 1831 485 nec

1062 514 1121 543 ista
1137 514 1226 550 ratio,
1253 522 1310 543 nec
1332 512 1402 542 aliae
1428 512 1562 551 probant
1583 508 1831 548 inaequalitatem

1061 566 1092 596 in
1113 566 1275 596 habitibus
1296 564 1444 603 gratuitis
1467 565 1625 603 quantum
1651 561 1689 592 ad
1713 559 1828 590 bonita-

1061 622 1124 649 tem
1141 618 1350 655 essentialem,
1367 620 1396 648 et
1412 617 1644 656 completivam,
1659 614 1713 645 sed
1728 613 1832 644 solum

1061 675 1215 712 quantum
1231 672 1268 702 ad
1283 670 1402 710 aliquid
1411 669 1601 700 accidentale
1612 671 1642 698 et
1657 675 1831 704 annexum,

1062 726 1141 756 sicut
1157 735 1196 755 ex
1221 725 1282 762 his,
1308 733 1381 764 quae
1405 723 1554 763 praedicta
1579 723 1669 758 sunt,
1692 719 1766 750 satis
1787 720 1834 749 est

1062 779 1278 809 manifestum.

1321 843 1498 881 QUAESTIO
1521 842 1572 873 Vl.

1203 918 1249 944 Aa
1264 917 1383 943 charnas
1398 917 1435 942 sit
1446 916 1535 948 forma
1550 915 1707 940 virtutum.

1103 997 1215 1027 Utrum
1245 996 1381 1026 charitas
1404 995 1445 1025 sit
1469 994 1570 1025 forma
1598 993 1770 1030 virtutum;
1804 995 1832 1023 et
1849 988 1954 1009 ¹⁷⁰¹²d⁸¹¹¹·

1063 1051 1147 1091 quod
1164 1051 1218 1087 sic,
1236 1050 1362 1079 videtur
1382 1048 1485 1088 primo
1501 1056 1557 1087 per
1571 1046 1648 1077 illud
1662 1045 1834 1086 quod'dici-

1063 1106 1154 1133 tui-²:
1179 1104 1315 1134 Justz'tta
1334 1102 1496 1133 -revelalur
1521 1108 1563 1132 ετ
1585 1099 1648 1138 fide
1669 1099 1706 1130 in
1729 1098 1834 1137 fidem.

1066 1157 1109 1187 1111
1125 1157 1212 1186 enim
1226 1156 1301 1186 dicit
1315 1156 1442 1185 Glossa:
1457 1153 1573 1184 «Fides
1585 1156 1631 1184 est
1641 1153 1835 1190 daemonum,

1064 1212 1093 1239 et
1110 1209 1239 1239 nomine
1255 1211 1347 1238 tenus
1371 1207 1618 1238 christianorum
1636 1217 1642 1236 :
1663 1208 1693 1236 et
1708 1205 1777 1236 haee
1792 1207 1839 1236 est

1065 1262 1210 1292 informis
1234 1261 1369 1300 qualitas
1391 1259 1516 1297 mentis,
1540 1268 1612 1298 quae
1634 1258 1704 1289 ideo
1722 1249 1839 1288 dicitur

1066 1315 1219 1351 informis,
1235 1314 1310 1353 quia
1325 1314 1442 1344 sociam
1455 1321 1520 1342 non
1534 1312 1628 1341 habet
1641 1311 1836 1349 charitatem,

1066 1378 1138 1407 quie
1154 1369 1200 1397 est
1214 1368 1315 1397 forma
1331 1366 1477 1397 omnium
1493 1365 1662 1395 virtutum.
1680 1375 1694 1392 n

1107 1422 1185 1452 Item
1200 1422 1259 1452 hoc
1272 1421 1446 1451 ostenditur
1470 1428 1527 1459 per
1541 1419 1630 1456 illud,
1655 1417 1740 1458 quod
1759 1417 1836 1448 dici-

1066 1476 1163 1505 turin
1179 1474 1302 1505 Glossa³
1318 1484 1325 1505 :
1343 1475 1478 1505 Fructus
1493 1476 1597 1504 autem
1610 1473 1748 1512 spiritus
1762 1471 1838 1502 clea-

1066 1529 1159 1566 rltas,
1186 1530 1258 1565 etc„
1285 1528 1328 1558 ihi
1352 1527 1483 1557 Glossa:
1511 1538 1525 1555 c
1540 1525 1672 1556 Attende
1695 1524 1779 1564 quod
1803 1524 1837 1554 in

1067 1581 1304 1611 enumeratione
1313 1581 1475 1610 fructuum
1486 1581 1581 1618 caput
1591 1578 1748 1608 virtutum
1760 1585 1840 1617 prae-

1068 1635 1164 1671 misit,
1180 1634 1211 1664 id
1224 1636 1280 1670 est,
1297 1634 1494 1663 charitatem.
1520 1632 1597 1669 Quae
1613 1632 1699 1662 enim
1715 1631 1776 1661 alia
1790 1630 1840 1660 in-

1068 1690 1113 1717 ter
1127 1688 1249 1717 fructus
1263 1686 1392 1725 spiritus
1406 1686 1514 1716 debuit
1528 1688 1635 1716 tenere
1654 1685 1838 1724 primatum,

1068 1740 1129 1770 nisi
1146 1740 1293 1775 charitas,
1319 1739 1387 1769 sine
1401 1747 1464 1778 qua
1484 1738 1618 1768 virtutes
1638 1739 1760 1767 caeterae
1776 1745 1840 1767 non

1068 1795 1258 1832 reputantur
1279 1801 1345 1822 esse
1371 1791 1523 1822 virtutes?
1549 1800 1564 1818 n
1596 1789 1683 1829 Ergo
1708 1790 1842 1821 virtutes

1069 1846 1139 1876 aliae
1157 1846 1223 1876 sine
1237 1845 1389 1875 charitate
1403 1854 1467 1874 non
1491 1845 1679 1883 reputantur
1693 1851 1759 1873 esse
1775 1842 1840 1873 vir-

1070 1901 1152 1929 tutes
1165 1910 1172 1928 :
1187 1907 1266 1937 ergo
1281 1897 1365 1937 quod
1382 1897 1443 1927 sint
1458 1905 1542 1927 verae
1555 1896 1700 1934 virtutes,
1714 1896 1775 1926 hoc
1788 1895 1843 1926 ha-

1071 1952 1146 1982 bent
1166 1961 1185 1982 a
1204 1951 1355 1982 charitate
1379 1961 1385 1980 :
1412 1950 1513 1989 igitur
1540 1950 1580 1979 ab
1603 1949 1671 1988 ipsa
1692 1948 1842 1979 charitate

1070 2005 1188 2035 hahent
1203 2005 1472 2044 complementum
1487 2005 1517 2033 et
1531 2001 1799 2033 informationem.

1110 2057 1187 2088 Item
1206 2057 1266 2088 hoc
1280 2057 1385 2096 ipsum
1401 2055 1528 2086 videtur
1549 2054 1670 2085 ratione
1687 2065 1694 2084 :
1711 2054 1842 2086 affectus

1070 2110 1155 2140 enim
1177 2109 1311 2148 imponit
1335 2117 1450 2138 nomen
1476 2109 1562 2146 operi
1580 2116 1586 2135 :
1614 2116 1693 2146 ergo
1714 2107 1842 2138 nullum

1070 2172 1150 2202 opus
1165 2164 1343 2202 potestesse
1357 2163 1491 2196 rectum,
1509 2159 1571 2189 nisi
1592 2160 1725 2190 affectus
1737 2159 1843 2199 primo

1070 2216 1259 2246 rectificetur
1277 2226 1284 2245 ε
1304 2214 1435 2244 affectus
1461 2216 1567 2243 autem
1582 2222 1648 2244 non
1663 2215 1764 2253 potest
1776 2221 1843 2244 esse

1071 2271 1186 2305 rectus,
1213 2268 1274 2298 nisi
1294 2268 1404 2306 diligat
1418 2267 1517 2297 Deum
1533 2270 1660 2306 propter
1674 2275 1718 2305 se,
1741 2268 1771 2297 et
1787 2275 1843 2297 su-

1070 2331 1126 2361 per
1140 2321 1263 2358 omnia3
1289 2323 1319 2350 et
1340 2320 1400 2350 hoc
1416 2323 1461 2350 est
1474 2329 1529 2359 per
1551 2319 1757 2350 charitatem:
1775 2319 1842 2358 igi-

1071 2378 1123 2405 tur
1136 2384 1230 2404 omne
1245 2383 1325 2414 opus
1347 2375 1578 2414 cuiuscumque
1594 2374 1720 2404 virtutis
1738 2373 1790 2411 sit,
1814 2373 1840 2403 si

1071 2430 1193 2458 rectum
1208 2429 1255 2458 est
1269 2429 1299 2458 et
1315 2427 1447 2465 bonum,
1462 2427 1522 2458 hoc
1534 2427 1630 2458 habet
1642 2436 1661 2457 a
1676 2426 1839 2457 charitate.

1074 2526 1176 2556 erulos„
1192 2527 1223 2549 111
1243 2526 1320 2555 Sem„
1334 2526 1393 2549 dist.
1406 2531 1495 2553 xxxvi,
1510 2532 1535 2556 q.
1551 2527 1578 2555 65
1590 2525 1737 2549 uuinelmus
1750 2525 1841 2556 Voril„

1073 2563 1101 2585 111
1116 2562 1193 2592 Sene„
1209 2562 1267 2586 dist,
1279 2567 1366 2590 xxxin,
1382 2568 1407 2591 q.
1423 2567 1473 2584 1.—
1483 2561 1493 2577 ¹
1505 2561 1581 2590 Rom„
1597 2561 1699 2590 1‚1·1.-—
1712 2560 1722 2576 ³
1736 2559 1805 2591 Gal„
1815 2567 1840 2592 v,
