2017 2948
110 508 144 529 Ad
161 515 211 536 opp.

108 1682 213 1705 Fundam.

225 169 284 198 378

484 284 663 324 QUAESTIO
686 284 735 316 IV.

243 372 290 400 An
305 371 442 399 character
457 370 631 405 imprimatur
643 376 692 403 per
706 369 833 401 virtutes,
848 368 918 394 sicut
933 374 980 401 per

509 415 677 440 sacramenta
694 412 711 437 ¹.

267 499 328 531 Per
349 499 426 540 quid
450 498 611 529 character
638 497 856 537 imprimatur,
884 497 997 526 utrum

226 553 428 593 imprimatur
455 560 512 591 per
540 551 674 581 virtutes
701 550 782 580 sicut
810 557 864 588 per
893 557 996 578 sacra-

227 609 350 644 menta;
367 608 397 636 et
411 604 495 645 quod
513 604 568 642 sic,
585 603 727 635 videtur:
746 603 822 643 quia
838 601 999 633 character

226 662 272 691 est
286 660 418 699 signum
432 657 695 689 conformativum
705 681 712 695 ,
730 656 797 687 sive
812 656 996 694 configura-

226 714 348 745 tivumz
366 712 420 743 sed
434 720 491 752 per
505 711 638 742 virtutes
653 710 877 749 configuratur
892 708 999 739 anima

227 766 288 798 Deo
305 776 312 797 :
343 774 423 805 ergo
451 773 509 805 per
537 764 672 796 virtutes
698 762 896 803 imprimitur
923 761 996 792 cha-

226 821 338 851 racter.

265 876 295 905 2.
313 873 391 903 item
405 880 528 912 quaero,
542 873 652 902 utrum
666 869 871 909 imprimatur
884 877 941 909 per
954 877 1000 899 sa-

226 928 386 957 cramenta
395 925 512 956 veteris
524 923 715 955 testamenti.
727 922 767 954 Et
778 923 905 954 videtur
916 921 1000 962 quod

226 979 286 1018 sic,
303 979 378 1019 quia
391 979 554 1009 character
572 980 618 1008 est
635 977 765 1016 signum
783 976 999 1006 distinctivum

226 1033 426 1072 distinguens
441 1031 595 1072 populum
609 1040 628 1061 a
643 1039 707 1060 non
724 1029 859 1070 populo:
877 1028 931 1059 scd
945 1028 1000 1058 Do-

226 1087 332 1118 minus
349 1088 490 1125 tcmpore
510 1084 592 1123 legis
602 1084 723 1116 ‚habuit
745 1082 917 1122 populum,
942 1081 999 1120 qui

227 1139 336 1171 debuit
350 1137 516 1177 distingui,
533 1137 613 1167 sicut
627 1139 658 1167 et
674 1136 786 1167 modo:
802 1144 882 1174 ergo
898 1134 924 1164 si
939 1134 999 1165 dis-

226 1192 459 1232 tinguebantur
473 1200 528 1230 per
542 1191 750 1227 sacramenta⁷
767 1190 851 1228 patet
866 1188 950 1227 quod
966 1187 1000 1217 in

226 1246 287 1277 illis
298 1245 539 1285 imprimebatur
548 1243 751 1282 signaculum
764 1241 997 1272 distinctivum:

226 1299 410 1339 hujusmodi
430 1300 537 1329 autem
553 1298 599 1327 est
613 1296 793 1327 character:
812 1303 902 1333 ergo⁷
919 1296 978 1324 ctc.

267 1355 297 1383 3.
318 1352 397 1384 Item
419 1351 586 1392 quaeritur,
610 1352 719 1381 utrum
744 1357 800 1388 per
819 1347 929 1378 omnia
949 1355 1000 1377 sa-

226 1408 387 1437 cramenta
406 1405 481 1435 novi
501 1402 692 1434 Testamenti
713 1400 915 1441 imprimatur
930 1399 1002 1429 cha-

227 1462 338 1491 racter.
354 1458 393 1490 Et
403 1458 530 1490 videtur
542 1456 627 1496 quod
639 1455 694 1493 sic,
712 1454 788 1494 quia
802 1453 886 1493 quod
901 1454 1002 1492 potest

226 1513 260 1543 in
276 1513 396 1551 majus,
417 1513 517 1551 potest
533 1510 567 1540 in
582 1509 707 1539 minus:
730 1507 784 1538 sed
805 1506 913 1537 omnia
925 1505 1001 1536 daut

229 1565 383 1605 gratiam,
403 1572 476 1603 quae
497 1563 600 1603 maior
625 1563 670 1592 est
693 1568 791 1599 quan]
815 1559 997 1589 character:

228 1627 322 1658 ergo,
336 1620 394 1648 etc.

269 1674 298 1701 4.
323 1669 403 1700 item
425 1669 588 1699 character
609 1666 648 1697 ad
673 1666 811 1705 gratiam
839 1663 998 1704 disponit:

228 1733 306 1764 ergo
320 1732 394 1754 cum
419 1722 525 1753 omnia
549 1721 745 1751 sacramenta
762 1719 835 1749 dent
851 1716 999 1756 gratiam,

228 1779 260 1809 et
284 1777 452 1816 disponant
474 1775 512 1805 ad
531 1774 633 1811 illam,
654 1772 762 1804 omnia
777 1771 853 1802 dant
873 1770 1001 1801 charac-

228 1832 340 1862 terem.

269 1883 400 1916 Contra:
422 1882 590 1913 Character
605 1882 651 1910 est
667 1879 797 1918 signum
812 1875 999 1907 indelebile:

229 1947 308 1977 ergo
328 1945 422 1967 omne
438 1935 515 1965 illud
539 1936 569 1965 et
588 1933 692 1963 solum
714 1930 941 1971 impressivum
957 1930 1003 1959 cst

229 1990 433 2027 characteris,
449 1988 535 2028 quod
550 1996 614 2017 non
630 1987 764 2016 iteratur
778 1985 862 2014 circa
877 1982 1000 2021 subjec-

230 2046 319 2075 tum:
339 2043 392 2073 sed
412 2044 537 2072 tantum
557 2040 618 2070 tria
633 2040 707 2069 sunt
722 2038 921 2068 sacramenta
938 2044 1002 2066 non

229 2095 401 2132 iterabilia,
430 2096 465 2124 ut
500 2092 691 2132 baptismus,
721 2088 935 2126 confirmatio,
971 2090 1002 2119 et

228 2149 323 2181 ordo:
341 2156 420 2187 ergo
435 2148 559 2177 tantum
572 2145 627 2175 illa
646 2144 708 2174 tria
721 2142 912 2183 imprimunt
927 2140 1002 2171 cha-

230 2204 394 2234 racterem.

270 2254 430 2292 Quaeritur
445 2261 523 2291 ergo
544 2250 678 2282 ulterius
697 2249 778 2279 ratio
798 2247 912 2286 hujus,
928 2255 1002 2277 cum

230 2308 335 2340 omnis
351 2307 469 2348 passio,
486 2313 559 2345 quae
575 2304 655 2334 inest
670 2301 842 2341 aliquibus,
858 2300 932 2330 insit
948 2307 1003 2338 per

230 2361 369 2401 aliquam
384 2362 533 2390 naturam
554 2364 774 2392 communem,
795 2362 869 2393 quae
890 2353 930 2383 sit
950 2351 1004 2382 illa

230 2416 345 2445 natura
365 2410 544 2444 communis
565 2411 688 2449 reperta
710 2408 742 2437 in
764 2407 814 2437 his
836 2406 952 2443 trihus,
973 2407 1004 2435 et

231 2475 294 2497 non
316 2467 349 2496 in
364 2466 443 2496 aliis.
462 2464 500 2495 Et
514 2464 635 2494 constat
655 2460 739 2501 quod
758 2468 822 2490 non
842 2461 889 2489 est
902 2459 1002 2488 mate-

269 2569 273 2581 ¹
289 2566 329 2596 Cs.
350 2566 420 2589 Alex.
440 2565 535 2595 Alens,
550 2571 576 2594 p.
594 2563 634 2592 iV,
653 2568 677 2593 q.
694 2566 748 2589 vui,
765 2559 858 2582 memb.
875 2560 899 2587 3,
917 2559 963 2581 art.
983 2560 1002 2586 ι,

231 2603 246 2634 ἓ
261 2603 286 2633 45
304 2603 329 2625 S.
347 2601 450 2632 Thom.‚
468 2608 492 2631 p.
514 2600 554 2628 ΙΙΙ,
577 2606 602 2630 q.
618 2602 692 2626 ani,
713 2596 761 2620 art.
779 2595 812 2624 ὃς
829 2597 853 2618 et
874 2593 905 2617 lV
924 2594 1004 2622 Sent„

233 2637 290 2662 dist.
306 2642 325 2669 1,
340 2643 365 2668 q.
383 2642 401 2667 1,
416 2638 462 2660 nrt.
480 2639 506 2666 6;
519 2633 646 2663 Richard„
663 2632 694 2656 iv
710 2631 789 2661 Seni„
802 2629 859 2653 dist.
875 2636 900 2658 v,
915 2629 964 2652 art.
980 2629 1004 2658 2,

782 158 1091 196 SENTENTIARUM
1113 158 1186 190 LIB.
1210 159 1259 190 IV.

1050 226 1115 264 ria,
1139 226 1214 266 quia
1236 235 1300 258 non
1324 229 1370 258 est
1393 231 1591 272 communis;
1617 242 1676 266 nec
1699 236 1818 278 forma,

1051 279 1127 318 quia
1143 288 1200 310 nec
1214 279 1267 310 illa
1279 283 1326 311 est
1341 283 1531 315 communis.

1092 332 1130 363 Et
1141 333 1165 363 si
1176 333 1259 364 dicas
1270 335 1354 374 quoi]
1365 337 1557 368 conveniunt
1573 339 1605 370 in
1619 340 1822 378 invocatione

1053 385 1214 417 Trinitatis
1227 390 1262 418 ut
1276 389 1455 427 efficientis,
1473 391 1622 430 objicitur
1635 396 1721 434 quod
1737 397 1823 429 simi-

1053 439 1123 469 liler
1140 443 1170 470 ct
1185 440 1218 470 in
1232 441 1302 471 aliis
1317 445 1363 472 est
1378 443 1535 475 invocatio
1547 445 1710 480 Trinitatis
1727 452 1763 481 ut
1776 451 1820 482 ef-

1053 492 1208 524 ficientis:
1227 499 1258 525 et
1279 496 1331 526 illa
1345 499 1392 527 est
1411 506 1476 528 una
1496 498 1529 529 in
1550 501 1699 533 omuibus
1716 512 1821 536 sacra-

1055 548 1180 578 mentis.
1206 547 1336 580 Ne··esse
1359 552 1405 580 est
1428 560 1508 591 crgo
1531 555 1615 593 quod
1635 556 1688 587 illa
1709 559 1824 590 natura

1054 603 1199 631 sumatur
1208 610 1249 632 ex
1259 605 1347 642 parte
1357 604 1440 635 finis.
1459 606 1518 636 Sed
1533 606 1593 638 hoc
1605 617 1671 640 non
1685 610 1823 650 videtur,

1054 654 1129 693 quia
1144 654 1177 684 in
1197 655 1260 686 fine
1279 658 1440 688 communi
1460 659 1611 691 videntur
1624 663 1734 694 omnia
1747 673 1823 696 con-

1056 702 1178 740 venirc;
1208 704 1242 734 in
1265 705 1384 736 finibus
1405 709 1513 738 autem
1537 710 1692 748 proximis
1714 713 1824 745 omnia

1054 754 1218 787 differunt.

1095 809 1133 840 Et
1148 809 1175 840 si
1190 810 1274 841 dicas
1288 811 1373 851 quod
1386 812 1446 843 hoc
1460 816 1517 853 est,
1534 816 1609 855 quia
1622 816 1682 848 ista
1695 817 1756 849 tria
1771 827 1825 851 sa-

1055 866 1215 894 cramenta
1232 867 1306 895 sunt
1325 867 1522 906 respicientia
1543 871 1661 901 statum
1681 871 1754 902 fidei
1767 872 1822 904 de-

1056 917 1276 955 terminatum3
1299 927 1379 957 crgo
1397 928 1471 950 cum
1494 920 1570 952 tides
1589 922 1629 953 sit
1649 923 1760 954 eadem
1780 933 1826 955 se—

1055 969 1197 1000 cundum
1224 970 1365 1001 diversos
1389 974 1501 1011 status,
1531 974 1658 1006 videtur
1685 976 1769 1016 quod
1792 977 1826 1008 in

1055 1023 1206 1053 omnibus
1221 1023 1286 1054 istis
1304 1026 1508 1057 sacramentis
1525 1036 1609 1058 unus
1624 1028 1827 1069 imprimatur

1055 1076 1236 1107 character:
1255 1078 1307 1108 scd
1325 1082 1444 1109 constat
1459 1080 1543 1120 quod
1560 1082 1651 1112 multi
1667 1076 1826 1115 sunt'cha-

1055 1132 1204 1168 meteres,
1226 1131 1366 1171 alioquin
1382 1142 1447 1163 non
1468 1136 1572 1173 posset
1586 1135 1657 1175 quis
1672 1136 1823 1175 ordinari,

1056 1184 1081 1213 si
1097 1193 1162 1214 non
1176 1187 1257 1215 esset
1271 1188 1489 1218 confirmatus.

1097 1237 1256 1273 Quaeritur
1269 1247 1348 1275 ergo
1366 1249 1440 1279 quae
1454 1241 1492 1271 sit
1507 1241 1587 1272 ratio
1602 1242 1824 1283 multitudinis,

1057 1288 1087 1315 et
1102 1286 1228 1316 videtur
1241 1287 1326 1327 quod
1345 1290 1553 1327 superfluant,
1572 1300 1646 1321 cum
1666 1292 1826 1323 sufficien-

1057 1341 1104 1369 ter
1114 1348 1170 1379 per
1185 1349 1287 1370 unum
1300 1342 1420 1380 possint
1434 1342 1601 1382 distingui.
1616 1343 1704 1381 Quod
1720 1347 1827 1376 autem

1057 1392 1122 1423 sint
1142 1393 1247 1431 multi,
1269 1394 1396 1425 videtur
1417 1396 1493 1435 quia
1517 1396 1678 1428 character
1698 1397 1828 1428 interior

1058 1446 1297 1478 similitudinem
1322 1448 1418 1479 hahet
1438 1459 1512 1480 cum
1537 1451 1632 1489 signo
1655 1450 1826 1482 exteriori:

1057 1500 1111 1530 scd
1125 1500 1220 1538 signa
1234 1503 1311 1531 sunt
1322 1501 1487 1533 dissimilia
1501 1505 1533 1534 et
1547 1503 1688 1535 diversa:
1705 1512 1783 1544 ergo
1797 1506 1829 1536 et

1057 1552 1264 1584 characteres.

1331 1642 1557 1675 CONCLUSIO.

1059 1722 1204 1750 character
1223 1724 1390 1758 imprimitur
1413 1731 1465 1749 non
1491 1724 1520 1750 in
1542 1724 1702 1758 virtutibus,
1728 1726 1776 1752 sed
1800 1727 1830 1753 in

1093 1769 1281 1801 sacramentis,
1298 1769 1383 1801 iisque
1396 1775 1469 1794 ηουσέ
1483 1769 1563 1802 Iegis,
1580 1776 1631 1795 non
1646 1771 1733 1796 tamen
1749 1769 1785 1804 (a)
1800 1771 1830 1798 in

1094 1812 1222 1843 ommibus,
1238 1811 1283 1839 sed
1297 1813 1325 1838 in
1341 1812 1381 1838 liis
1393 1813 1487 1845 solum,
1501 1821 1559 1847 quoe
1570 1814 1715 1847 respiciunt
1729 1816 1830 1841 statum

1093 1856 1155 1890 fidei
1170 1856 1384 1889 determinatim,
1401 1864 1458 1891 quae
1472 1859 1534 1884 sunt
1548 1858 1713 1892 Baptismus,
1730 1857 1831 1892 Confir-

1093 1902 1187 1931 τηαῐίο,
1203 1903 1229 1927 ec
1244 1900 1324 1927 Ordo.

1099 1980 1192 2020 Resp.
1210 1980 1249 2011 ad
1263 1989 1336 2020 arg.
1352 1980 1399 2011 Ad
1412 1980 1637 2021 praedictorum
1652 1981 1831 2021 intelligen-

1059 2034 1135 2064 tiam
1160 2035 1206 2063 est
1228 2034 1419 2072 notandum,
1436 2034 1520 2073 quod
1542 2025 1702 2065 character
1721 2037 1769 2066 est
1790 2035 1830 2066 si-

1061 2095 1164 2126 gnum
1186 2087 1319 2118 interius
1338 2087 1557 2118 distinctivum
1573 2097 1580 2117 :
1599 2087 1675 2127 quia
1692 2096 1771 2127 ergo
1784 2088 1829 2119 si-

1060 2149 1160 2179 gnare
1176 2149 1241 2170 non
1260 2140 1408 2171 convenit
1424 2141 1452 2171 ei
1467 2140 1527 2170 nisi
1542 2141 1664 2171 ratione
1684 2140 1768 2181 signi
1781 2142 1829 2173 vi-

1059 2194 1173 2232 sibilis,
1196 2193 1266 2224 ideo
1289 2193 1392 2224 solum
1413 2193 1446 2223 in
1463 2193 1681 2232 sacramentis,
1705 2203 1771 2226 non
1795 2194 1829 2225 in

1060 2248 1231 2278 virtutibus
1255 2246 1461 2286 imprimitur.
1487 2246 1567 2284 Quia
1591 2256 1669 2278 vero
1696 2247 1830 2279 interius

1060 2300 1264 2340 spiritualiter
1285 2303 1330 2331 est
1348 2300 1564 2340 distinguens,
1588 2299 1658 2331 ideo
1676 2300 1710 2331 in
1730 2309 1830 2332 sacra-

1062 2354 1186 2391 mentis,
1208 2362 1280 2393 quae
1300 2356 1375 2384 sunt
1395 2362 1459 2384 non
1480 2353 1614 2384 carnalis
1630 2353 1750 2394 populi,
1775 2353 1828 2384 sed

1060 2406 1250 2446 spiritualis,
1280 2406 1487 2446 impr-lmitur,
1519 2406 1638 2437 scilicet
1662 2406 1695 2437 in
1730 2414 1829 2436 sacra-

1060 2460 1175 2490 mentis
1187 2469 1280 2491 novae
1295 2460 1386 2499 legis,
1402 2469 1467 2490 non
1477 2460 1602 2491 veteris.
1616 2459 1695 2497 Quia
1705 2458 1830 2490 distinc-
1845 2454 1944 2507 ξζξϋω

1061 2551 1085 2574 q.
1102 2549 1141 2573 1v3
1161 2544 1249 2574 steph.
1264 2543 1368 2573 Biuler„
1389 2545 1420 2568 {V
1444 2545 1524 2574 Sent.‚
1549 2544 1606 2568 dist.
1623 2549 1660 2573 νι,
1681 2550 1706 2574 q.
1721 2548 1744 2573 ῖς
1762 2543 1828 2568 Petr.

1061 2579 1091 2603 de
1105 2580 1216 2608 Taram„
1234 2580 1262 2602 iV
1280 2580 1358 2608 Seni..
1374 2580 1430 2604 dist.
1446 2587 1471 2610 v,
1486 2586 1511 2611 q.
1524 2585 1558 2604 xx,

1094 2628 1127 2658 ta)
1138 2628 1198 2653 Caet.
1214 2628 1274 2652 edit.
1289 2631 1395 2653 tantum.
