2017 2948
182 180 379 194 wmmwwmwu
383 175 837 191 wmmwwwwwwwwwwwwuwm
841 174 911 186 wwn
917 175 939 185 ιι
943 173 1040 185 vnvm-mn
1044 173 1166 185 muna-mn
1170 173 1751 186 wwmwwwvwwwwwmmuwuumwwwwvvnw

788 331 1166 383 PROOEMIUM

397 481 454 522 IN
491 478 720 521 LIBRUM
756 475 1053 525 QUARTUM
1089 475 1562 518 SENTENTIARUM

228 741 463 781 Unqzientarz‘us
477 740 572 778 saciet
584 738 748 777 piamenta
763 734 948 771 suavitati&

182 799 210 827 et
234 796 398 826 unctiones
421 793 563 831 conficiet
587 792 739 822 sanitatis
763 791 782 819 ¹.
807 788 948 819 Verbum

181 849 264 878 istud
290 847 437 878 scribitur
460 846 493 875 in
510 845 731 876 Ecclesiastico
747 853 758 872 :
774 843 806 872 in
824 851 886 881 quo
909 841 950 871 di-

181 901 332 940 ligentius
343 899 549 935 considerato,
561 897 737 937 explicatur
748 898 779 926 et
790 903 950 925 commen-

182 954 275 984 datur
290 953 423 984 materia
443 952 546 991 quarti
561 951 634 981 libri
654 949 889 980 Sententiarum
910 947 949 977 ad

181 1008 322 1037 nostram
339 1006 550 1036 eruditionem
563 1006 592 1034 et
607 1002 875 1034 exercitationem,
889 1001 949 1031 Ex-

182 1060 277 1099 plicat
294 1060 331 1098 (α)
349 1061 456 1088 autem
472 1058 531 1087 sub
548 1056 664 1096 duplici
678 1059 785 1094 tropo,
804 1055 870 1085 sive
887 1063 950 1083 me-

181 1112 329 1151 taphora,
346 1112 461 1141 scilicet
478 1111 714 1150 pigmentorum
726 1109 901 1144 suavitatis,
921 1110 951 1137 et

182 1165 370 1195 unctionum
387 1165 536 1194 sanitatis.
555 1164 600 1194 Ex
621 1163 737 1202 quibus
752 1162 844 1192 datur
860 1161 951 1191 nobis

182 1218 335 1257 intelligi,
354 1218 439 1258 quod
460 1218 691 1248 medicamenta
713 1214 951 1246 sacramentalia

182 1274 211 1300 et
226 1274 300 1301 sunt
321 1271 431 1301 suavia
444 1295 451 1307 ‚
476 1273 505 1300 et
525 1273 599 1301 sunt
614 1270 751 1300 salubria
768 1280 774 1299 :
798 1272 828 1299 et
844 1269 877 1298 in
891 1268 951 1298 1100

182 1326 227 1354 est
241 1327 301 1353 lain
317 1324 550 1359 medicamenti,
563 1332 659 1362 quam
675 1322 785 1352 medici
800 1322 869 1351 laus
884 1329 951 1359 per—

183 1377 271 1406 fecta.
298 1375 382 1406 Nihil
406 1376 490 1406 enin]
518 1376 600 1406 ultra
623 1375 737 1414 quaerit
763 1376 904 1413 aegrotus
919 1373 951 1403 in

182 1422 353 1466 medicina,
371 1439 468 1468 quam
486 1429 570 1468 quod
588 1429 701 1458 habeat
715 1428 903 1458 suavitatem
918 1426 951 1456 in

182 1492 261 1519 usu,
279 1485 309 1512 et
323 1482 495 1511 efficaciam
518 1482 551 1511 in
568 1481 697 1518 effectu3
716 1483 746 1511 et
769 1481 823 1519 qui
837 1480 949 1519 hujus-

182 1535 267 1565 modi
292 1535 402 1565 tribuit
424 1535 630 1572 medicinam,
655 1534 794 1564 medicus
811 1536 856 1563 est
878 1542 949 1572 per-

182 1588 297 1626 fectus,
321 1588 495 1618 secundum
511 1588 587 1618 illud
604 1587 763 1627 poeticum
775 1588 785 1603 ²
803 1597 810 1617 :

245 1673 325 1697 Omne
340 1672 395 1697 tulit
410 1673 547 1703 punctum,
563 1673 606 1703 qui
620 1672 720 1696 miscuit
733 1672 792 1696 utile
808 1671 882 1695 dulci.

223 1749 304 1780 Sunt
337 1759 414 1789 ergo
451 1751 679 1781 medicamenta
715 1749 953 1780 sacramentalia

182 1802 347 1842 pigmenta
359 1803 527 1840 odorifera,
550 1807 580 1833 et
602 1805 768 1842 unguenta
780 1803 950 1833 salutifera.

184 1855 243 1885 Sed
259 1858 425 1894 unguenta
433 1856 595 1886 salutifera
603 1858 678 1885 sunt
687 1858 829 1895 respectu
839 1856 951 1894 aegroti

183 1909 326 1945 curandi,
355 1909 518 1948 pigmenta
546 1909 699 1939 odorifera
731 1911 873 1948 respectu
901 1908 952 1939 Dei

183 1962 326 2001 placandi
356 1972 363 1992 :
394 1965 425 1993 et
456 1962 524 1993 haec
552 1966 661 1993 contra
690 1963 752 1993 duo
784 1972 856 2002 quae
882 1963 954 1992 facit

183 2015 284 2054 culpa.
321 2015 420 2045 Deum
453 2016 537 2045 enim
566 2016 712 2052 offendit,
749 2018 778 2045 et
806 2018 965 2054 naturanr

182 2067 267 2097 laedit
283 2077 290 2097 ε
307 2070 337 2097 et
356 2065 542 2098 offendendo
560 2068 673 2105 Deum,
696 2069 857 2099 hominem
874 2079 951 2108 gra-

183 2119 226 2148 tia
241 2120 394 2159 expoliat3
416 2123 446 2150 et
464 2121 606 2151 laedeudo
625 2122 789 2160 naturam,
806 2122 953 2153 vulnerat

186 2173 351 2203 naturalia.
382 2173 584 2203 Sacramenta
607 2183 684 2212 crgo
712 2177 785 2204 sunt
816 2175 951 2206 medica-

186 2228 291 2255 menta
306 2226 454 2265 perfecta,
471 2227 624 2266 quoniam
646 2227 745 2258 Deum
769 2237 827 2258 sua
845 2229 953 2260 suavi-

186 2280 247 2308 tate
262 2278 401 2317 placant,
420 2282 450 2310 et
465 2280 615 2319 placando
630 2281 751 2311 faciunt
765 2282 951 2322 propitium,

185 2334 214 2361 et
230 2333 398 2371 impetrant
413 2333 547 2371 gratiam
560 2358 567 2371 ,
589 2337 619 2364 et
641 2335 781 2365 vestiunt
797 2335 832 2375 (b)
851 2345 952 2376 expo-

183 2384 314 2423 liatum,
335 2387 365 2415 et
390 2385 551 2416 hominem
575 2387 740 2418 infirmum
761 2398 819 2419 sua
841 2392 954 2420 curant

185 2439 321 2477 virtute,
338 2438 425 2469 etsie
437 2442 585 2478 reparant
599 2442 752 2472 naturalia
766 2453 772 2472 z
790 2445 820 2473 et
834 2443 877 2474 sie
892 2444 952 2474 ho-

220 2521 225 2535 ¹
248 2519 339 2547 Ecca,
359 2525 476 2548 ᾸΧΧΠΗ,
504 2521 525 2542 7.
540 2533 570 2538 ·-
590 2521 601 2537 ³
621 2522 719 2552 Horat.,
740 2523 769 2546 dt:
790 2525 849 2548 Arte
863 2528 950 2555 poelw.

185 2568 214 2571 —
226 2554 236 2570 ³
248 2555 312 2578 Luc..
327 2561 352 2584 x,
364 2556 392 2578 33
400 2557 424 2578 et
439 2561 533 2586 se‹1.—-
544 2555 553 2570 ⁴
563 2556 654 2583 1:⁹on„
671 2563 733 2587 xxx,
749 2560 786 2583 35.
801 2573 829 2577 -
841 2561 851 2576 ⁸
864 2561 952 2591 Lem„

185 2594 220 2619 vi,
231 2591 269 2620 21,
278 2593 326 2614 etc.
335 2603 364 2607 —
373 2590 382 2606 ⁸
393 2590 478 2621 Helm,
489 2593 575 2620 x,1.-—
585 2592 595 2607 ⁷
606 2592 615 2613 Ι
638 2601 664 2622 1.,
676 2598 690 2619 ι,
707 2594 788 2618 13-15.

282 2643 356 2666 ΤΟΜ.
379 2642 414 2666 V·

1007 741 1059 763 mo
1083 733 1274 764 descendens
1301 735 1340 764 ab
1371 734 1567 765 Hierusalem
1590 736 1623 766 in
1649 735 1772 767 Hierico

1005 786 1200 825 expoliatus,
1217 789 1247 817 et
1263 788 1448 818 vulneratus
1463 789 1653 827 reinduitur,
1671 792 1702 820 et
1716 799 1770 820 cu-

1005 843 1094 870 ratur
1110 850 1127 871 a
1143 841 1342 872 Samaritano
1359 845 1379 880 ³,
1396 843 1512 873 scilicet
1529 843 1649 873 Christo
1665 843 1773 874 Domi-

1006 902 1048 923 no
1059 917 1066 930 ,
1082 894 1115 923 in
1128 895 1221 933 cujus
1231 904 1364 933 persona
1374 904 1460 925 nune
1473 896 1586 925 dicitur
1599 905 1605 925 :
1627 896 1774 936 Unqwm-

1007 947 1109 977 iarius
1133 947 1229 984 saciet
1255 948 1417 987 piqrrzeizta
1441 949 1632 986 suavitatis,
1654 950 1683 979 id
1708 952 1753 980 est
1765 973 1773 986 ‚

1006 999 1150 1029 instituet
1172 1003 1368 1030 sacramenta
1383 1001 1556 1031 redolentia
1582 1002 1622 1032 ad
1647 1001 1773 1041 placan-

1007 1052 1078 1082 dam
1095 1054 1289 1091 majestatem
1309 1054 1460 1084 divinam.
1484 1055 1609 1091 Faciet,
1628 1056 1774 1086 futurum

1006 1105 1080 1134 dicit
1091 1129 1098 1141 ,
1116 1105 1248 1144 loquens
1265 1106 1296 1135 in
1312 1109 1452 1146 tempore
1464 1107 1543 1146 legis
1557 1108 1703 1138 mosaicae
1719 1117 1775 1148 pro

1006 1160 1147 1197 tempore
1160 1159 1239 1198 legis
1254 1161 1378 1198 gratim.
1396 1160 1459 1190 Etsi
1473 1161 1556 1190 enim
1572 1161 1602 1190 in
1616 1161 1668 1191 illo
1681 1162 1775 1192 fuisse

1006 1211 1151 1242 dicantur
1174 1213 1354 1251 pigmenta,
1380 1216 1410 1243 et
1426 1214 1578 1244 sacrificia
1595 1214 1658 1244 Deo
1681 1215 1774 1245 redo-

1005 1264 1118 1301 lentia,
1147 1274 1211 1295 non
1237 1268 1343 1295 tamen
1369 1268 1458 1296 erant
1481 1266 1579 1297 Deum
1608 1267 1774 1307 placantia.

1007 1320 1159 1359 Praecepit
1170 1330 1307 1360 namque
1317 1321 1469 1351 Dominus
1479 1322 1575 1361 Moysi
1585 1322 1618 1352 in
1632 1323 1742 1355 Exodo
1753 1327 1775 1362 ‘‚

1007 1376 1040 1404 ut
1054 1374 1167 1404 faceret
1177 1375 1355 1414 thymiama
1369 1376 1580 1415 compositum
1595 1385 1690 1416 opere
1707 1377 1776 1416 pig-

1006 1428 1163 1458 mentarii.
1195 1428 1306 1459 Facies
1336 1428 1531 1468 thymiama,
1561 1429 1684 1468 inquit,
1716 1433 1773 1461 etc.

1008 1480 1203 1520 Praeceperat
1226 1481 1349 1519 Aaron,
1370 1483 1405 1512 ut
1420 1482 1547 1512 offerret
1561 1482 1640 1513 illud
1654 1491 1775 1522 ponens

1007 1543 1102 1573 super
1117 1534 1214 1564 altare
1235 1537 1343 1565 contra
1359 1535 1478 1566 velum.
1502 1535 1540 1565 Et
1555 1538 1625 1575 post
1645 1537 1751 1567 subdit
1767 1547 1774 1567 :

1007 1588 1047 1618 Et
1063 1590 1132 1619 urei
1146 1596 1241 1627 super
1266 1588 1347 1619 illua
1368 1589 1476 1620 Aaron
1498 1590 1664 1620 incensum
1683 1598 1776 1622 mane

1006 1649 1102 1672 suave
1123 1642 1292 1680 f'rayraris,
1308 1646 1337 1672 el
1362 1641 1406 1672 act
1427 1650 1591 1681 vesperam
1612 1645 1680 1674 uret
1701 1643 1777 1683 thy-

1006 1697 1137 1727 miama.
1154 1696 1192 1726 Et
1212 1697 1245 1726 in
1265 1697 1352 1727 omni
1367 1697 1524 1727 oblatione
1540 1698 1603 1727 fere
1618 1698 1731 1728 dicitur
1744 1699 1777 1728 in

1007 1750 1147 1781 Levitico
1162 1750 1171 1766 ⁵
1185 1761 1192 1778 :
1208 1750 1246 1780 1η
1257 1750 1379 1781 odorem
1390 1751 1620 1782 suavissimum
1631 1751 1775 1783 Domino.

1008 1805 1066 1835 Sed
1083 1805 1160 1835 odor
1175 1805 1226 1835 ille
1237 1814 1301 1835 non
1313 1806 1454 1844 placabat
1467 1805 1637 1836 Dominum
1650 1809 1778 1846 propter

1008 1858 1198 1887 vacuitatem
1213 1858 1392 1888 oblatorum
1403 1882 1410 1894 ‚
1425 1858 1508 1888 sicut
1520 1859 1594 1888 dicit
1609 1860 1778 1898 Apostolus

1009 1910 1052 1941 aa
1067 1910 1209 1941 Hebroeos
1224 1914 1234 1930 ⁶
1250 1922 1261 1941 :
1282 1910 1426 1942 Umbram
1445 1910 1562 1942 habens
1580 1911 1630 1942 lea:
1648 1912 1777 1950 futuro—

1008 1972 1079 1994 rum
1095 1963 1254 2000 bonoram,
1278 1965 1336 1993 etc.
1363 1962 1432 1994 Non
1447 1964 1612 2003 placabant
1632 1965 1665 2004 (0)
1683 1966 1778 1996 etiam

1009 2020 1136 2057 propter
1152 2017 1390 2047 immunditiam
1406 2017 1627 2055 offerentium,
1646 2018 1728 2048 sieut
1746 2018 1780 2049 in

1011 2070 1090 2100 Isaia
1105 2069 1219 2099 dicitur
1230 2069 1238 2085 ⁷
1253 2081 1258 2099 :
1272 2069 1316 2100 Ne
1330 2069 1475 2109 offeratis
1486 2070 1573 2101 ultra
1582 2071 1778 2109 sacrificium

1011 2123 1134 2161 frustra
1149 2134 1159 2154 .·
1174 2124 1336 2154 incensum
1356 2123 1554 2155 abominatio
1574 2126 1618 2155 esi
1632 2124 1724 2156 milii.
1742 2124 1780 2155 Et

1009 2176 1089 2206 ratio
1103 2176 1309 2214 subjungitur
1322 2177 1391 2215 post
1408 2187 1414 2206 :
1431 2176 1549 2207 Manus
1559 2177 1643 2208 enim
1657 2177 1697 2217 (d)
1712 2185 1780 2210 ves-

1010 2232 1067 2260 tra>
1081 2229 1239 2267 sanquine
1248 2229 1350 2268 plenoe
1363 2232 1448 2260 suni.
1466 2229 1512 2260 Ad
1526 2229 1586 2260 hoe
1600 2239 1677 2270 ergo
1695 2231 1780 2270 quod

1010 2282 1123 2321 aliquis
1141 2282 1256 2312 faceret
1270 2282 1435 2321 pigmenta
1448 2282 1620 2313 redolentia
1631 2306 1638 2320 ,
1655 2292 1779 2314 necesse

1011 2337 1077 2365 erat
1100 2335 1184 2374 quod
1200 2334 1288 2365 nulla
1304 2335 1337 2364 in
1351 2344 1388 2365 eo
1409 2337 1489 2365 esset
1511 2335 1732 2374 immunditia,
1750 2338 1780 2366 et

1010 2388 1094 2427 quod
1106 2388 1216 2426 plenus
1226 2389 1306 2417 esset
1320 2387 1386 2418 veri
1400 2388 1505 2418 odoris
1520 2388 1704 2426 fragrantia.
1720 2387 1779 2419 Sed

1011 2441 1118 2471 nullus
1134 2440 1204 2470 talis
1219 2442 1340 2479 poterat
1355 2440 1491 2470 inveniri
1502 2464 1509 2474 ,
1523 2450 1580 2471 1100
1595 2441 1634 2471 al)
1650 2441 1780 2472 homine

1042 2522 1075 2551 (u)
1090 2523 1147 2545 MSS.
1164 2521 1228 2544 Rem.
1247 2520 1414 2549 [ixei-vitatur,
1429 2520 1467 2542 w!
1481 2520 1634 2550 Explicatur.
1645 2533 1676 2538 -—
1691 2521 1723 2552 (ὑ)
1743 2522 1778 2546 lta

1010 2559 1069 2581 ΜΝ.
1084 2557 1168 2587 Rem.;
1187 2557 1240 2579 eoel.
1255 2555 1306 2579 edil
1321 2555 1379 2577 (ια’[Ι.
1395 2555 1536 2578 hominem.
1553 2567 1583 2574 —
1602 2556 1631 2585 (c)
1654 2557 1692 2580 lta
1717 2558 1778 2581 Mss,

1009 2594 1086 2621 flam„
1097 2591 1296 2620 al.pl21‹·s=l».¹it.—
1311 2590 1341 2619 (tl)
1354 2590 1391 2613 Ita
1403 2590 1462 2612 Mss.
1473 2590 1549 2618 Rem„
1561 2589 1596 2613 al.
1607 2591 1689 2614 omitt.
1700 2591 1778 2615 enim.

1646 2636 1684 2666 16
