<?xml version="1.0" encoding="UTF-8"?>
<!DOCTYPE html PUBLIC "-//W3C//DTD XHTML 1.0 Transitional//EN"
    "http://www.w3.org/TR/xhtml1/DTD/xhtml1-transitional.dtd">
<html xmlns="http://www.w3.org/1999/xhtml" xml:lang="en" lang="en">
 <head>
  <title>
</title>
<meta http-equiv="Content-Type" content="text/html;charset=utf-8" />
  <meta name='ocr-system' content='tesseract 3.04.00' />
  <meta name='ocr-capabilities' content='ocr_page ocr_carea ocr_par ocr_line ocrx_word'/>
</head>
<body>
  <div class='ocr_page' id='page_1' title='image "./operaomniasixtiv05bonauoft/operaomniasixtiv05bonauoft_0310.png"; bbox 0 0 2017 2948; ppageno 0'>
   <div class='ocr_carea' id='block_1_1' title="bbox 116 194 220 215">
    <p class='ocr_par' dir='ltr' id='par_1_1' title="bbox 116 194 220 215">
     <span class='ocr_line' id='line_1_1' title="bbox 116 194 220 215; baseline 0 0"><span class='ocrx_word' id='word_1_1' title='bbox 116 194 220 215; x_wconf 77' lang='lat' dir='ltr'>Fundam.</span> 
     </span>
    </p>
   </div>
   <div class='ocr_carea' id='block_1_2' title="bbox 99 2540 206 2567">
    <p class='ocr_par' dir='ltr' id='par_1_2' title="bbox 99 2540 206 2567">
     <span class='ocr_line' id='line_1_2' title="bbox 99 2540 206 2567; baseline 0.019 -5"><span class='ocrx_word' id='word_1_2' title='bbox 99 2540 176 2567; x_wconf 84' lang='lat' dir='ltr'>Opinio</span> <span class='ocrx_word' id='word_1_3' title='bbox 190 2546 206 2564; x_wconf 85' lang='lat' dir='ltr'>t.</span> 
     </span>
    </p>
   </div>
   <div class='ocr_carea' id='block_1_3' title="bbox 236 121 294 151">
    <p class='ocr_par' dir='ltr' id='par_1_3' title="bbox 236 121 294 151">
     <span class='ocr_line' id='line_1_3' title="bbox 236 121 294 151; baseline -0.017 0"><span class='ocrx_word' id='word_1_4' title='bbox 236 121 294 151; x_wconf 78' lang='lat'>294</span> 
     </span>
    </p>
   </div>
   <div class='ocr_carea' id='block_1_4' title="bbox 232 187 1005 1454">
    <p class='ocr_par' dir='ltr' id='par_1_4' title="bbox 233 187 1003 600">
     <span class='ocr_line' id='line_1_4' title="bbox 275 187 1000 229; baseline 0.004 -12"><span class='ocrx_word' id='word_1_5' title='bbox 275 187 408 218; x_wconf 83' lang='lat' dir='ltr'>Contra:</span> <span class='ocrx_word' id='word_1_6' title='bbox 434 187 587 227; x_wconf 83' lang='lat' dir='ltr'>Legitur¹</span> <span class='ocrx_word' id='word_1_7' title='bbox 612 189 699 229; x_wconf 91' lang='lat' dir='ltr'>quod</span> <span class='ocrx_word' id='word_1_8' title='bbox 722 189 840 220; x_wconf 86' lang='lat' dir='ltr'>Paulus</span> <span class='ocrx_word' id='word_1_9' title='bbox 865 190 1000 229; x_wconf 87' lang='lat' dir='ltr'>rebapti-</span> 
     </span>
     <span class='ocr_line' id='line_1_5' title="bbox 234 239 1003 282; baseline 0.005 -13"><span class='ocrx_word' id='word_1_10' title='bbox 234 239 318 270; x_wconf 87' lang='lat' dir='ltr'>zavit</span> <span class='ocrx_word' id='word_1_11' title='bbox 343 240 514 280; x_wconf 86' lang='lat' dir='ltr'>baptizatos</span> <span class='ocrx_word' id='word_1_12' title='bbox 536 242 722 282; x_wconf 85' lang='lat' dir='ltr'>baptismate</span> <span class='ocrx_word' id='word_1_13' title='bbox 744 242 874 273; x_wconf 71' lang='lat' dir='ltr'>ioannis</span> <span class='ocrx_word' id='word_1_14' title='bbox 893 252 900 272; x_wconf 89' lang='lat'><strong>:</strong></span> <span class='ocrx_word' id='word_1_15' title='bbox 925 251 1003 281; x_wconf 82' lang='lat' dir='ltr'>ergo</span> 
     </span>
     <span class='ocr_line' id='line_1_6' title="bbox 234 292 1000 335; baseline 0.001 -12"><span class='ocrx_word' id='word_1_16' title='bbox 234 292 447 332; x_wconf 76' lang='lat' dir='ltr'>rebaptizandi</span> <span class='ocrx_word' id='word_1_17' title='bbox 462 297 546 325; x_wconf 89' lang='lat' dir='ltr'>sunt.</span> <span class='ocrx_word' id='word_1_18' title='bbox 560 294 592 325; x_wconf 91' lang='lat' dir='ltr'>Si</span> <span class='ocrx_word' id='word_1_19' title='bbox 607 295 691 325; x_wconf 82' lang='lat' dir='ltr'>dicas</span> <span class='ocrx_word' id='word_1_20' title='bbox 707 296 789 333; x_wconf 84' lang='lat' dir='ltr'>quod</span> <span class='ocrx_word' id='word_1_21' title='bbox 806 295 874 325; x_wconf 70' lang='lat' dir='ltr'>ideo</span> <span class='ocrx_word' id='word_1_22' title='bbox 889 295 1000 335; x_wconf 87' lang='lat' dir='ltr'>rebap-</span> 
     </span>
     <span class='ocr_line' id='line_1_7' title="bbox 233 345 1002 386; baseline 0.003 -10"><span class='ocrx_word' id='word_1_23' title='bbox 233 345 351 384; x_wconf 89' lang='lat' dir='ltr'>tizavit,</span> <span class='ocrx_word' id='word_1_24' title='bbox 368 347 444 386; x_wconf 88' lang='lat' dir='ltr'>quia</span> <span class='ocrx_word' id='word_1_25' title='bbox 459 356 522 378; x_wconf 92' lang='lat' dir='ltr'>non</span> <span class='ocrx_word' id='word_1_26' title='bbox 541 348 698 378; x_wconf 87' lang='lat' dir='ltr'>habebant</span> <span class='ocrx_word' id='word_1_27' title='bbox 713 347 874 378; x_wconf 82' lang='lat' dir='ltr'>Trinitatis</span> <span class='ocrx_word' id='word_1_28' title='bbox 889 348 1002 382; x_wconf 76' lang='lat' dir='ltr'>tidem.-</span> 
     </span>
     <span class='ocr_line' id='line_1_8' title="bbox 234 399 1002 441; baseline 0.004 -12"><span class='ocrx_word' id='word_1_29' title='bbox 234 400 310 430; x_wconf 86' lang='lat' dir='ltr'>tunc</span> <span class='ocrx_word' id='word_1_30' title='bbox 321 408 412 439; x_wconf 77' lang='lat' dir='ltr'>erge,</span> <span class='ocrx_word' id='word_1_31' title='bbox 427 400 569 440; x_wconf 85' lang='lat' dir='ltr'>suppleta</span> <span class='ocrx_word' id='word_1_32' title='bbox 581 401 640 431; x_wconf 86' lang='lat' dir='ltr'>tide</span> <span class='ocrx_word' id='word_1_33' title='bbox 651 399 822 436; x_wconf 69' lang='lat' dir='ltr'>Trinitatis,</span> <span class='ocrx_word' id='word_1_34' title='bbox 837 410 899 431; x_wconf 91' lang='lat' dir='ltr'>non</span> <span class='ocrx_word' id='word_1_35' title='bbox 913 411 1002 441; x_wconf 89' lang='lat' dir='ltr'>opor-</span> 
     </span>
     <span class='ocr_line' id='line_1_9' title="bbox 234 452 1001 493; baseline 0.003 -10"><span class='ocrx_word' id='word_1_36' title='bbox 234 452 295 483; x_wconf 89' lang='lat' dir='ltr'>tuit</span> <span class='ocrx_word' id='word_1_37' title='bbox 314 453 521 493; x_wconf 86' lang='lat' dir='ltr'>rebaptizari:</span> <span class='ocrx_word' id='word_1_38' title='bbox 543 454 596 484; x_wconf 88' lang='lat' dir='ltr'>sed</span> <span class='ocrx_word' id='word_1_39' title='bbox 618 456 736 484; x_wconf 89' lang='lat' dir='ltr'>constat</span> <span class='ocrx_word' id='word_1_40' title='bbox 761 454 846 493; x_wconf 91' lang='lat' dir='ltr'>quod</span> <span class='ocrx_word' id='word_1_41' title='bbox 861 456 934 485; x_wconf 86' lang='lat' dir='ltr'>ante</span> <span class='ocrx_word' id='word_1_42' title='bbox 953 456 1001 486; x_wconf 88' lang='lat' dir='ltr'>in-</span> 
     </span>
     <span class='ocr_line' id='line_1_10' title="bbox 234 505 1003 546; baseline 0.003 -10"><span class='ocrx_word' id='word_1_43' title='bbox 234 505 350 536; x_wconf 84' lang='lat' dir='ltr'>struxit</span> <span class='ocrx_word' id='word_1_44' title='bbox 362 506 396 536; x_wconf 90' lang='lat' dir='ltr'>in</span> <span class='ocrx_word' id='word_1_45' title='bbox 409 507 482 544; x_wconf 77' lang='lat' dir='ltr'>fide,</span> <span class='ocrx_word' id='word_1_46' title='bbox 498 516 596 546; x_wconf 87' lang='lat' dir='ltr'>quam</span> <span class='ocrx_word' id='word_1_47' title='bbox 609 506 779 546; x_wconf 80' lang='lat' dir='ltr'>baptizaret</span> <span class='ocrx_word' id='word_1_48' title='bbox 796 518 802 537; x_wconf 88' lang='lat'><strong>:</strong></span> <span class='ocrx_word' id='word_1_49' title='bbox 820 516 900 546; x_wconf 80' lang='lat' dir='ltr'>ergo</span> <span class='ocrx_word' id='word_1_50' title='bbox 915 508 1003 539; x_wconf 90' lang='lat' dir='ltr'>nullo</span> 
     </span>
     <span class='ocr_line' id='line_1_11' title="bbox 234 559 665 600; baseline 0.005 -12"><span class='ocrx_word' id='word_1_51' title='bbox 234 559 328 589; x_wconf 89' lang='lat' dir='ltr'>modo</span> <span class='ocrx_word' id='word_1_52' title='bbox 341 559 449 590; x_wconf 81' lang='lat' dir='ltr'>debuit</span> <span class='ocrx_word' id='word_1_53' title='bbox 463 560 665 600; x_wconf 80' lang='lat' dir='ltr'>rebaptizare.</span> 
     </span>
    </p>

    <p class='ocr_par' dir='ltr' id='par_1_5' title="bbox 232 611 1003 920">
     <span class='ocr_line' id='line_1_12' title="bbox 274 611 1003 653; baseline 0.004 -11"><span class='ocrx_word' id='word_1_54' title='bbox 274 611 351 643; x_wconf 87' lang='lat' dir='ltr'>Item</span> <span class='ocrx_word' id='word_1_55' title='bbox 367 612 570 652; x_wconf 84' lang='lat' dir='ltr'>Augustinus</span> <span class='ocrx_word' id='word_1_56' title='bbox 586 613 730 653; x_wconf 77' lang='lat' dir='ltr'>assignat</span> <span class='ocrx_word' id='word_1_57' title='bbox 746 615 930 653; x_wconf 81' lang='lat' dir='ltr'>generalem</span> <span class='ocrx_word' id='word_1_58' title='bbox 944 615 1003 646; x_wconf 86' lang='lat' dir='ltr'>dif-</span> 
     </span>
     <span class='ocr_line' id='line_1_13' title="bbox 233 665 1000 709; baseline 0.007 -15"><span class='ocrx_word' id='word_1_59' title='bbox 233 665 396 695; x_wconf 80' lang='lat' dir='ltr'>ferentiam</span> <span class='ocrx_word' id='word_1_60' title='bbox 412 666 493 696; x_wconf 88' lang='lat' dir='ltr'>inter</span> <span class='ocrx_word' id='word_1_61' title='bbox 517 667 710 706; x_wconf 81' lang='lat' dir='ltr'>baptismum</span> <span class='ocrx_word' id='word_1_62' title='bbox 731 667 860 698; x_wconf 84' lang='lat' dir='ltr'>Joannis</span> <span class='ocrx_word' id='word_1_63' title='bbox 879 671 910 699; x_wconf 85' lang='lat' dir='ltr'>et</span> <span class='ocrx_word' id='word_1_64' title='bbox 923 669 1000 709; x_wconf 88' lang='lat' dir='ltr'>bap-</span> 
     </span>
     <span class='ocr_line' id='line_1_14' title="bbox 232 718 1001 761; baseline 0.007 -13"><span class='ocrx_word' id='word_1_65' title='bbox 232 718 361 749; x_wconf 83' lang='lat' dir='ltr'>tismum</span> <span class='ocrx_word' id='word_1_66' title='bbox 378 718 503 758; x_wconf 80' lang='lat' dir='ltr'>Christi,</span> <span class='ocrx_word' id='word_1_67' title='bbox 519 720 644 750; x_wconf 84' lang='lat' dir='ltr'>dicens²</span> <span class='ocrx_word' id='word_1_68' title='bbox 659 732 665 751; x_wconf 90' lang='lat'>:</span> <span class='ocrx_word' id='word_1_69' title='bbox 682 733 696 750; x_wconf 78' lang='grc' dir='ltr'>α</span> <span class='ocrx_word' id='word_1_70' title='bbox 712 720 1001 761; x_wconf 77' lang='lat' dir='ltr'>BaptizavitJudaS,</span> 
     </span>
     <span class='ocr_line' id='line_1_15' title="bbox 233 772 1003 814; baseline 0.006 -13"><span class='ocrx_word' id='word_1_71' title='bbox 233 773 263 801; x_wconf 89' lang='lat' dir='ltr'>et</span> <span class='ocrx_word' id='word_1_72' title='bbox 286 772 514 812; x_wconf 76' lang='lat' dir='ltr'>rebaptizatum</span> <span class='ocrx_word' id='word_1_73' title='bbox 537 782 603 804; x_wconf 90' lang='lat' dir='ltr'>non</span> <span class='ocrx_word' id='word_1_74' title='bbox 627 776 690 804; x_wconf 86' lang='lat' dir='ltr'>est:</span> <span class='ocrx_word' id='word_1_75' title='bbox 718 774 886 814; x_wconf 87' lang='lat' dir='ltr'>baptizavit</span> <span class='ocrx_word' id='word_1_76' title='bbox 909 775 1003 806; x_wconf 83' lang='lat' dir='ltr'>Joan-</span> 
     </span>
     <span class='ocr_line' id='line_1_16' title="bbox 232 826 1003 868; baseline 0.008 -13"><span class='ocrx_word' id='word_1_77' title='bbox 232 834 299 862; x_wconf 88' lang='lat' dir='ltr'>nes,</span> <span class='ocrx_word' id='word_1_78' title='bbox 315 828 346 856; x_wconf 87' lang='lat' dir='ltr'>et</span> <span class='ocrx_word' id='word_1_79' title='bbox 359 826 588 866; x_wconf 80' lang='lat' dir='ltr'>rebaptizatum</span> <span class='ocrx_word' id='word_1_80' title='bbox 603 829 660 858; x_wconf 89' lang='lat' dir='ltr'>est.</span> <span class='ocrx_word' id='word_1_81' title='bbox 677 838 692 857; x_wconf 75' lang='lat' dir='ltr'>i&gt;</span> <span class='ocrx_word' id='word_1_82' title='bbox 711 828 797 868; x_wconf 85' lang='lat' dir='ltr'>Ergo</span> <span class='ocrx_word' id='word_1_83' title='bbox 812 830 1003 868; x_wconf 79' lang='lat' dir='ltr'>generaliter</span> 
     </span>
     <span class='ocr_line' id='line_1_17' title="bbox 232 880 685 920; baseline 0.007 -12"><span class='ocrx_word' id='word_1_84' title='bbox 232 887 343 909; x_wconf 87' lang='lat' dir='ltr'>omnes</span> <span class='ocrx_word' id='word_1_85' title='bbox 357 881 447 910; x_wconf 88' lang='lat' dir='ltr'>erant</span> <span class='ocrx_word' id='word_1_86' title='bbox 462 880 685 920; x_wconf 81' lang='lat' dir='ltr'>rebaptizandi.</span> 
     </span>
    </p>

    <p class='ocr_par' dir='ltr' id='par_1_6' title="bbox 233 928 1005 1400">
     <span class='ocr_line' id='line_1_18' title="bbox 275 928 1003 974; baseline 0.005 -12"><span class='ocrx_word' id='word_1_87' title='bbox 275 931 351 963; x_wconf 88' lang='lat' dir='ltr'>item</span> <span class='ocrx_word' id='word_1_88' title='bbox 374 933 496 964; x_wconf 87' lang='lat' dir='ltr'>ratione</span> <span class='ocrx_word' id='word_1_89' title='bbox 516 933 659 966; x_wconf 91' lang='lat' dir='ltr'>videtur:</span> <span class='ocrx_word' id='word_1_90' title='bbox 680 935 771 974; x_wconf 85' lang='lat' dir='ltr'>quia,</span> <span class='ocrx_word' id='word_1_91' title='bbox 787 928 867 966; x_wconf 82' lang='lat' dir='ltr'>sicut</span> <span class='ocrx_word' id='word_1_92' title='bbox 882 935 1003 966; x_wconf 85' lang='lat' dir='ltr'>dictum</span> 
     </span>
     <span class='ocr_line' id='line_1_19' title="bbox 234 985 1002 1025; baseline 0.005 -10"><span class='ocrx_word' id='word_1_93' title='bbox 234 987 291 1022; x_wconf 86' lang='lat' dir='ltr'>est,</span> <span class='ocrx_word' id='word_1_94' title='bbox 309 985 484 1025; x_wconf 77' lang='lat' dir='ltr'>baptismus</span> <span class='ocrx_word' id='word_1_95' title='bbox 496 986 626 1017; x_wconf 87' lang='lat' dir='ltr'>Joannis</span> <span class='ocrx_word' id='word_1_96' title='bbox 643 988 869 1019; x_wconf 82' lang='lat' dir='ltr'>assuetaciebat</span> <span class='ocrx_word' id='word_1_97' title='bbox 883 991 913 1018; x_wconf 88' lang='lat' dir='ltr'>et</span> <span class='ocrx_word' id='word_1_98' title='bbox 926 989 1002 1019; x_wconf 87' lang='lat' dir='ltr'>diri-</span> 
     </span>
     <span class='ocr_line' id='line_1_20' title="bbox 235 1039 1004 1082; baseline 0.004 -13"><span class='ocrx_word' id='word_1_99' title='bbox 235 1039 330 1078; x_wconf 81' lang='lat' dir='ltr'>gebat</span> <span class='ocrx_word' id='word_1_100' title='bbox 352 1040 391 1070; x_wconf 87' lang='lat' dir='ltr'>ad</span> <span class='ocrx_word' id='word_1_101' title='bbox 415 1040 607 1080; x_wconf 87' lang='lat' dir='ltr'>baptismum</span> <span class='ocrx_word' id='word_1_102' title='bbox 635 1041 749 1072; x_wconf 81' lang='lat' dir='ltr'>Christi</span> <span class='ocrx_word' id='word_1_103' title='bbox 783 1053 789 1072; x_wconf 92' lang='lat'>:</span> <span class='ocrx_word' id='word_1_104' title='bbox 826 1042 908 1072; x_wconf 69' lang='lat' dir='ltr'>nuile</span> <span class='ocrx_word' id='word_1_105' title='bbox 938 1043 1004 1082; x_wconf 86' lang='lat' dir='ltr'>ipse</span> 
     </span>
     <span class='ocr_line' id='line_1_21' title="bbox 233 1093 1004 1136; baseline 0.006 -13"><span class='ocrx_word' id='word_1_106' title='bbox 233 1093 368 1124; x_wconf 76' lang='lat' dir='ltr'>Joannes</span> <span class='ocrx_word' id='word_1_107' title='bbox 383 1094 540 1125; x_wconf 69' lang='lat' dir='ltr'>dicebat³2</span> <span class='ocrx_word' id='word_1_108' title='bbox 555 1096 620 1134; x_wconf 72' lang='grc' dir='ltr'>Εῃο</span> <span class='ocrx_word' id='word_1_109' title='bbox 634 1095 760 1135; x_wconf 72' lang='lat' dir='ltr'>baptizo</span> <span class='ocrx_word' id='word_1_110' title='bbox 776 1104 829 1128; x_wconf 75' lang='lat' dir='ltr'>vos</span> <span class='ocrx_word' id='word_1_111' title='bbox 843 1105 940 1136; x_wconf 74' lang='lat' dir='ltr'>aqua,</span> <span class='ocrx_word' id='word_1_112' title='bbox 951 1096 1004 1128; x_wconf 81' lang='lat' dir='ltr'>ille</span> 
     </span>
     <span class='ocr_line' id='line_1_22' title="bbox 234 1147 1003 1188; baseline 0.001 -10"><span class='ocrx_word' id='word_1_113' title='bbox 234 1147 411 1186; x_wconf 71' lang='lat' dir='ltr'>baptizabit</span> <span class='ocrx_word' id='word_1_114' title='bbox 437 1156 492 1179; x_wconf 71' lang='lat' dir='ltr'>ros</span> <span class='ocrx_word' id='word_1_115' title='bbox 521 1148 649 1187; x_wconf 73' lang='lat' dir='ltr'>Spiritu</span> <span class='ocrx_word' id='word_1_116' title='bbox 689 1154 808 1181; x_wconf 72' lang='lat' dir='ltr'>sancio.</span> <span class='ocrx_word' id='word_1_117' title='bbox 842 1150 945 1188; x_wconf 76' lang='lat' dir='ltr'>Ergo,</span> <span class='ocrx_word' id='word_1_118' title='bbox 978 1149 1003 1179; x_wconf 86' lang='lat' dir='ltr'>si</span> 
     </span>
     <span class='ocr_line' id='line_1_23' title="bbox 233 1200 1004 1241; baseline 0.004 -11"><span class='ocrx_word' id='word_1_119' title='bbox 233 1200 350 1231; x_wconf 84' lang='lat' dir='ltr'>frustra</span> <span class='ocrx_word' id='word_1_120' title='bbox 370 1202 521 1232; x_wconf 79' lang='lat' dir='ltr'>assuescit</span> <span class='ocrx_word' id='word_1_121' title='bbox 545 1201 659 1241; x_wconf 84' lang='lat' dir='ltr'>aliquis</span> <span class='ocrx_word' id='word_1_122' title='bbox 678 1202 716 1232; x_wconf 82' lang='lat' dir='ltr'>ad</span> <span class='ocrx_word' id='word_1_123' title='bbox 743 1203 919 1232; x_wconf 65' lang='lat' dir='ltr'>saviffluhnn</span> <span class='ocrx_word' id='word_1_124' title='bbox 946 1203 1004 1233; x_wconf 80' lang='lat' dir='ltr'>ali-</span> 
     </span>
     <span class='ocr_line' id='line_1_24' title="bbox 233 1254 1005 1295; baseline 0.004 -12"><span class='ocrx_word' id='word_1_125' title='bbox 233 1254 325 1293; x_wconf 85' lang='lat' dir='ltr'>quid,</span> <span class='ocrx_word' id='word_1_126' title='bbox 343 1254 428 1293; x_wconf 86' lang='lat' dir='ltr'>quod</span> <span class='ocrx_word' id='word_1_127' title='bbox 443 1263 508 1285; x_wconf 91' lang='lat' dir='ltr'>non</span> <span class='ocrx_word' id='word_1_128' title='bbox 530 1255 616 1292; x_wconf 82' lang='lat' dir='ltr'>tacit,</span> <span class='ocrx_word' id='word_1_129' title='bbox 635 1256 750 1285; x_wconf 81' lang='lat' dir='ltr'>trustra</span> <span class='ocrx_word' id='word_1_130' title='bbox 765 1256 910 1295; x_wconf 89' lang='lat' dir='ltr'>baptizati</span> <span class='ocrx_word' id='word_1_131' title='bbox 930 1259 1005 1287; x_wconf 83' lang='lat' dir='ltr'>sunt</span> 
     </span>
     <span class='ocr_line' id='line_1_25' title="bbox 234 1306 1002 1348; baseline 0.004 -12"><span class='ocrx_word' id='word_1_132' title='bbox 234 1306 390 1346; x_wconf 83' lang='lat' dir='ltr'>baptismo</span> <span class='ocrx_word' id='word_1_133' title='bbox 412 1307 560 1345; x_wconf 77' lang='lat' dir='ltr'>Joannis,</span> <span class='ocrx_word' id='word_1_134' title='bbox 578 1308 638 1337; x_wconf 84' lang='lat' dir='ltr'>nisi</span> <span class='ocrx_word' id='word_1_135' title='bbox 660 1308 893 1348; x_wconf 79' lang='lat' dir='ltr'>baptizarentur</span> <span class='ocrx_word' id='word_1_136' title='bbox 908 1309 1002 1339; x_wconf 85' lang='lat' dir='ltr'>etiam</span> 
     </span>
     <span class='ocr_line' id='line_1_26' title="bbox 234 1361 531 1400; baseline 0.003 -10"><span class='ocrx_word' id='word_1_137' title='bbox 234 1361 391 1400; x_wconf 85' lang='lat' dir='ltr'>baptismo</span> <span class='ocrx_word' id='word_1_138' title='bbox 407 1362 531 1392; x_wconf 81' lang='lat' dir='ltr'>Christi.</span> 
     </span>
    </p>

    <p class='ocr_par' dir='ltr' id='par_1_7' title="bbox 276 1413 1004 1454">
     <span class='ocr_line' id='line_1_27' title="bbox 276 1413 1004 1454; baseline 0.001 -10"><span class='ocrx_word' id='word_1_139' title='bbox 276 1413 352 1444; x_wconf 84' lang='lat' dir='ltr'>item</span> <span class='ocrx_word' id='word_1_140' title='bbox 363 1438 371 1452; x_wconf 85' lang='lat'>,</span> <span class='ocrx_word' id='word_1_141' title='bbox 397 1414 555 1454; x_wconf 78' lang='lat' dir='ltr'>impositio</span> <span class='ocrx_word' id='word_1_142' title='bbox 568 1424 725 1445; x_wconf 88' lang='lat' dir='ltr'>manuum</span> <span class='ocrx_word' id='word_1_143' title='bbox 742 1415 875 1445; x_wconf 74' lang='lat' dir='ltr'>habebat.</span> <span class='ocrx_word' id='word_1_144' title='bbox 899 1415 1004 1446; x_wconf 85' lang='lat' dir='ltr'>locum</span> 
     </span>
    </p>
   </div>
   <div class='ocr_carea' id='block_1_5' title="bbox 235 1468 1006 1499">
    <p class='ocr_par' dir='ltr' id='par_1_8' title="bbox 235 1468 1006 1499">
     <span class='ocr_line' id='line_1_28' title="bbox 235 1468 1006 1499; baseline 0.003 -2"><span class='ocrx_word' id='word_1_145' title='bbox 235 1468 422 1498; x_wconf 83' lang='lat' dir='ltr'>sacramenti</span> <span class='ocrx_word' id='word_1_146' title='bbox 437 1468 686 1499; x_wconf 81' lang='lat' dir='ltr'>confirmationis</span> <span class='ocrx_word' id='word_1_147' title='bbox 702 1479 708 1498; x_wconf 79' lang='lat' dir='ltr'>z</span> <span class='ocrx_word' id='word_1_148' title='bbox 726 1469 779 1499; x_wconf 83' lang='lat' dir='ltr'>sed</span> <span class='ocrx_word' id='word_1_149' title='bbox 794 1469 1006 1499; x_wconf 82' lang='lat' dir='ltr'>confirmatio-</span> 
     </span>
    </p>
   </div>
   <div class='ocr_carea' id='block_1_6' title="bbox 226 1521 1004 2188">
    <p class='ocr_par' dir='ltr' id='par_1_9' title="bbox 231 1521 1004 1773">
     <span class='ocr_line' id='line_1_29' title="bbox 235 1521 1002 1560; baseline 0 -8"><span class='ocrx_word' id='word_1_150' title='bbox 235 1521 284 1552; x_wconf 83' lang='lat' dir='ltr'>nis</span> <span class='ocrx_word' id='word_1_151' title='bbox 319 1523 551 1552; x_wconf 84' lang='lat' dir='ltr'>sacramentum</span> <span class='ocrx_word' id='word_1_152' title='bbox 584 1522 799 1560; x_wconf 64' lang='lat' dir='ltr'>praesupponit</span> <span class='ocrx_word' id='word_1_153' title='bbox 823 1531 1002 1552; x_wconf 79' lang='lat' dir='ltr'>sacramen-</span> 
     </span>
     <span class='ocr_line' id='line_1_30' title="bbox 234 1574 1004 1616; baseline 0.003 -11"><span class='ocrx_word' id='word_1_154' title='bbox 234 1576 304 1605; x_wconf 91' lang='lat' dir='ltr'>tum</span> <span class='ocrx_word' id='word_1_155' title='bbox 320 1574 485 1614; x_wconf 81' lang='lat' dir='ltr'>baptismi,</span> <span class='ocrx_word' id='word_1_156' title='bbox 503 1577 533 1604; x_wconf 87' lang='lat' dir='ltr'>et</span> <span class='ocrx_word' id='word_1_157' title='bbox 550 1575 620 1604; x_wconf 87' lang='lat' dir='ltr'>aliis</span> <span class='ocrx_word' id='word_1_158' title='bbox 640 1584 703 1605; x_wconf 88' lang='lat' dir='ltr'>non</span> <span class='ocrx_word' id='word_1_159' title='bbox 726 1575 809 1605; x_wconf 68' lang='lat' dir='ltr'>valet</span> <span class='ocrx_word' id='word_1_160' title='bbox 829 1575 889 1605; x_wconf 74' lang='lat' dir='ltr'>nisi</span> <span class='ocrx_word' id='word_1_161' title='bbox 907 1576 1004 1616; x_wconf 87' lang='lat' dir='ltr'>bapti-</span> 
     </span>
     <span class='ocr_line' id='line_1_31' title="bbox 234 1627 1003 1668; baseline 0.003 -10"><span class='ocrx_word' id='word_1_162' title='bbox 234 1627 332 1658; x_wconf 88' lang='lat' dir='ltr'>zatis:</span> <span class='ocrx_word' id='word_1_163' title='bbox 359 1636 440 1666; x_wconf 87' lang='lat' dir='ltr'>ergo</span> <span class='ocrx_word' id='word_1_164' title='bbox 465 1628 490 1657; x_wconf 90' lang='lat' dir='ltr'>si</span> <span class='ocrx_word' id='word_1_165' title='bbox 520 1628 662 1658; x_wconf 81' lang='lat' dir='ltr'>nondum</span> <span class='ocrx_word' id='word_1_166' title='bbox 687 1628 845 1658; x_wconf 73' lang='lat' dir='ltr'>habebant</span> <span class='ocrx_word' id='word_1_167' title='bbox 874 1629 1003 1668; x_wconf 80' lang='lat' dir='ltr'>plenum</span> 
     </span>
     <span class='ocr_line' id='line_1_32' title="bbox 233 1680 1002 1719; baseline 0.004 -9"><span class='ocrx_word' id='word_1_168' title='bbox 233 1682 466 1711; x_wconf 83' lang='lat' dir='ltr'>sacramentum</span> <span class='ocrx_word' id='word_1_169' title='bbox 488 1680 655 1719; x_wconf 81' lang='lat' dir='ltr'>baptismi,</span> <span class='ocrx_word' id='word_1_170' title='bbox 679 1681 756 1710; x_wconf 84' lang='lat' dir='ltr'>nihil</span> <span class='ocrx_word' id='word_1_171' title='bbox 777 1681 908 1712; x_wconf 83' lang='lat' dir='ltr'>faciebat</span> <span class='ocrx_word' id='word_1_172' title='bbox 927 1691 1002 1713; x_wconf 90' lang='lat' dir='ltr'>con-</span> 
     </span>
     <span class='ocr_line' id='line_1_33' title="bbox 231 1733 887 1773; baseline 0.002 -9"><span class='ocrx_word' id='word_1_173' title='bbox 231 1734 388 1771; x_wconf 87' lang='lat' dir='ltr'>firmatio,</span> <span class='ocrx_word' id='word_1_174' title='bbox 405 1733 472 1764; x_wconf 88' lang='lat' dir='ltr'>sive</span> <span class='ocrx_word' id='word_1_175' title='bbox 486 1733 644 1773; x_wconf 83' lang='lat' dir='ltr'>impositio</span> <span class='ocrx_word' id='word_1_176' title='bbox 661 1743 816 1765; x_wconf 85' lang='lat' dir='ltr'>manuum</span> <span class='ocrx_word' id='word_1_177' title='bbox 831 1736 887 1765; x_wconf 75' lang='lat' dir='ltr'>eis.</span> 
     </span>
    </p>

    <p class='ocr_par' dir='ltr' id='par_1_10' title="bbox 226 1786 1000 2188">
     <span class='ocr_line' id='line_1_34' title="bbox 273 1786 999 1827; baseline 0.004 -11"><span class='ocrx_word' id='word_1_178' title='bbox 273 1786 369 1825; x_wconf 84' lang='lat' dir='ltr'>item,</span> <span class='ocrx_word' id='word_1_179' title='bbox 386 1786 419 1816; x_wconf 90' lang='lat' dir='ltr'>in</span> <span class='ocrx_word' id='word_1_180' title='bbox 438 1786 594 1826; x_wconf 84' lang='lat' dir='ltr'>baptismo</span> <span class='ocrx_word' id='word_1_181' title='bbox 613 1787 807 1826; x_wconf 86' lang='lat' dir='ltr'>imprimitur</span> <span class='ocrx_word' id='word_1_182' title='bbox 826 1788 999 1827; x_wconf 77' lang='lat' dir='ltr'>character,</span> 
     </span>
     <span class='ocr_line' id='line_1_35' title="bbox 230 1839 999 1878; baseline 0.003 -9"><span class='ocrx_word' id='word_1_183' title='bbox 230 1839 285 1878; x_wconf 88' lang='lat' dir='ltr'>qui</span> <span class='ocrx_word' id='word_1_184' title='bbox 312 1841 359 1870; x_wconf 84' lang='lat' dir='ltr'>est</span> <span class='ocrx_word' id='word_1_185' title='bbox 387 1839 631 1871; x_wconf 84' lang='lat' dir='ltr'>fundamentum</span> <span class='ocrx_word' id='word_1_186' title='bbox 660 1840 781 1870; x_wconf 81' lang='lat' dir='ltr'>ordinis</span> <span class='ocrx_word' id='word_1_187' title='bbox 808 1843 838 1871; x_wconf 88' lang='lat' dir='ltr'>et</span> <span class='ocrx_word' id='word_1_188' title='bbox 865 1841 999 1871; x_wconf 89' lang='lat' dir='ltr'>aliorum</span> 
     </span>
     <span class='ocr_line' id='line_1_36' title="bbox 229 1893 998 1935; baseline 0.004 -12"><span class='ocrx_word' id='word_1_189' title='bbox 229 1894 519 1924; x_wconf 87' lang='lat' dir='ltr'>sacramentorum:</span> <span class='ocrx_word' id='word_1_190' title='bbox 544 1893 598 1924; x_wconf 84' lang='lat' dir='ltr'>sed</span> <span class='ocrx_word' id='word_1_191' title='bbox 618 1893 779 1925; x_wconf 79' lang='lat' dir='ltr'>character</span> <span class='ocrx_word' id='word_1_192' title='bbox 800 1904 865 1925; x_wconf 90' lang='lat' dir='ltr'>non</span> <span class='ocrx_word' id='word_1_193' title='bbox 887 1895 998 1935; x_wconf 90' lang='lat' dir='ltr'>impri-</span> 
     </span>
     <span class='ocr_line' id='line_1_37' title="bbox 228 1945 1000 1988; baseline 0.005 -13"><span class='ocrx_word' id='word_1_194' title='bbox 228 1945 376 1976; x_wconf 87' lang='lat' dir='ltr'>mebatur</span> <span class='ocrx_word' id='word_1_195' title='bbox 389 1946 422 1976; x_wconf 90' lang='lat' dir='ltr'>in</span> <span class='ocrx_word' id='word_1_196' title='bbox 442 1946 597 1985; x_wconf 87' lang='lat' dir='ltr'>baptismo</span> <span class='ocrx_word' id='word_1_197' title='bbox 610 1946 757 1985; x_wconf 78' lang='lat' dir='ltr'>Joannis,</span> <span class='ocrx_word' id='word_1_198' title='bbox 775 1957 832 1978; x_wconf 87' lang='lat' dir='ltr'>nec</span> <span class='ocrx_word' id='word_1_199' title='bbox 848 1949 881 1978; x_wconf 92' lang='lat' dir='ltr'>in</span> <span class='ocrx_word' id='word_1_200' title='bbox 896 1949 1000 1988; x_wconf 89' lang='lat' dir='ltr'>impo-</span> 
     </span>
     <span class='ocr_line' id='line_1_38' title="bbox 226 1998 998 2038; baseline 0.006 -11"><span class='ocrx_word' id='word_1_201' title='bbox 226 1998 338 2028; x_wconf 88' lang='lat' dir='ltr'>sitione</span> <span class='ocrx_word' id='word_1_202' title='bbox 358 2007 532 2036; x_wconf 87' lang='lat' dir='ltr'>manuum,</span> <span class='ocrx_word' id='word_1_203' title='bbox 557 1999 632 2038; x_wconf 81' lang='lat' dir='ltr'>quia</span> <span class='ocrx_word' id='word_1_204' title='bbox 654 2009 718 2030; x_wconf 88' lang='lat' dir='ltr'>non</span> <span class='ocrx_word' id='word_1_205' title='bbox 742 2001 901 2032; x_wconf 86' lang='lat' dir='ltr'>habebant</span> <span class='ocrx_word' id='word_1_206' title='bbox 925 2011 998 2032; x_wconf 84' lang='lat' dir='ltr'>cum</span> 
     </span>
     <span class='ocr_line' id='line_1_39' title="bbox 226 2050 998 2091; baseline 0.006 -11"><span class='ocrx_word' id='word_1_207' title='bbox 226 2050 279 2080; x_wconf 88' lang='lat' dir='ltr'>illo</span> <span class='ocrx_word' id='word_1_208' title='bbox 292 2050 433 2090; x_wconf 84' lang='lat' dir='ltr'>aliquam</span> <span class='ocrx_word' id='word_1_209' title='bbox 450 2051 691 2082; x_wconf 86' lang='lat' dir='ltr'>similitudinem</span> <span class='ocrx_word' id='word_1_210' title='bbox 707 2062 714 2083; x_wconf 88' lang='lat'>:</span> <span class='ocrx_word' id='word_1_211' title='bbox 731 2061 810 2091; x_wconf 80' lang='lat' dir='ltr'>ergo</span> <span class='ocrx_word' id='word_1_212' title='bbox 826 2054 902 2084; x_wconf 87' lang='lat' dir='ltr'>tales</span> <span class='ocrx_word' id='word_1_213' title='bbox 917 2064 998 2085; x_wconf 78' lang='lat' dir='ltr'>sem-</span> 
     </span>
     <span class='ocr_line' id='line_1_40' title="bbox 226 2104 998 2146; baseline 0.006 -13"><span class='ocrx_word' id='word_1_214' title='bbox 226 2112 282 2143; x_wconf 90' lang='lat' dir='ltr'>per</span> <span class='ocrx_word' id='word_1_215' title='bbox 296 2107 437 2134; x_wconf 81' lang='lat' dir='ltr'>carerent</span> <span class='ocrx_word' id='word_1_216' title='bbox 452 2104 652 2135; x_wconf 81' lang='lat' dir='ltr'>charactere:</span> <span class='ocrx_word' id='word_1_217' title='bbox 669 2115 748 2144; x_wconf 80' lang='lat' dir='ltr'>ergo</span> <span class='ocrx_word' id='word_1_218' title='bbox 769 2116 936 2146; x_wconf 88' lang='lat' dir='ltr'>nunquam</span> <span class='ocrx_word' id='word_1_219' title='bbox 953 2108 998 2138; x_wconf 91' lang='lat' dir='ltr'>eis</span> 
     </span>
     <span class='ocr_line' id='line_1_41' title="bbox 226 2156 661 2188; baseline 0.005 -2"><span class='ocrx_word' id='word_1_220' title='bbox 226 2156 367 2187; x_wconf 84' lang='lat' dir='ltr'>valerent</span> <span class='ocrx_word' id='word_1_221' title='bbox 381 2156 442 2187; x_wconf 85' lang='lat' dir='ltr'>alia</span> <span class='ocrx_word' id='word_1_222' title='bbox 456 2160 661 2188; x_wconf 85' lang='lat' dir='ltr'>sacramenta.</span> 
     </span>
    </p>
   </div>
   <div class='ocr_carea' id='block_1_7' title="bbox 496 2273 719 2306">
    <p class='ocr_par' dir='ltr' id='par_1_11' title="bbox 496 2273 719 2306">
     <span class='ocr_line' id='line_1_42' title="bbox 496 2273 719 2306; baseline 0 -2"><span class='ocrx_word' id='word_1_223' title='bbox 496 2273 719 2306; x_wconf 78' lang='lat' dir='ltr'>CONCLUSIO.</span> 
     </span>
    </p>
   </div>
   <div class='ocr_carea' id='block_1_8' title="bbox 222 2360 995 2483">
    <p class='ocr_par' dir='ltr' id='par_1_12' title="bbox 222 2360 995 2483">
     <span class='ocr_line' id='line_1_43' title="bbox 222 2360 995 2395; baseline 0.003 -9"><span class='ocrx_word' id='word_1_224' title='bbox 222 2360 360 2395; x_wconf 83' lang='lat' dir='ltr'>Baptismo</span> <span class='ocrx_word' id='word_1_225' title='bbox 371 2360 482 2386; x_wconf 77' lang='lat' dir='ltr'>Joannis</span> <span class='ocrx_word' id='word_1_226' title='bbox 492 2360 625 2394; x_wconf 80' lang='lat' dir='ltr'>baptizati</span> <span class='ocrx_word' id='word_1_227' title='bbox 634 2360 824 2394; x_wconf 72' lang='lat' dir='ltr'>rebaptizandi</span> <span class='ocrx_word' id='word_1_228' title='bbox 835 2364 921 2393; x_wconf 80' lang='lat' dir='ltr'>erant,</span> <span class='ocrx_word' id='word_1_229' title='bbox 937 2370 995 2389; x_wconf 80' lang='lat' dir='ltr'>cum</span> 
     </span>
     <span class='ocr_line' id='line_1_44' title="bbox 258 2403 995 2439; baseline 0.004 -9"><span class='ocrx_word' id='word_1_230' title='bbox 258 2403 307 2431; x_wconf 82' lang='lat' dir='ltr'>ille</span> <span class='ocrx_word' id='word_1_231' title='bbox 322 2406 428 2431; x_wconf 79' lang='lat' dir='ltr'>tantum</span> <span class='ocrx_word' id='word_1_232' title='bbox 442 2404 631 2437; x_wconf 76' lang='lat' dir='ltr'>assuefaceret,</span> <span class='ocrx_word' id='word_1_233' title='bbox 642 2406 667 2430; x_wconf 85' lang='lat' dir='ltr'>et</span> <span class='ocrx_word' id='word_1_234' title='bbox 681 2412 732 2430; x_wconf 77' lang='lat' dir='ltr'>non</span> <span class='ocrx_word' id='word_1_235' title='bbox 746 2409 921 2439; x_wconf 60' lang='lat' dir='ltr'>regeneraret,</span> <span class='ocrx_word' id='word_1_236' title='bbox 936 2407 995 2433; x_wconf 77' lang='lat' dir='ltr'>licet</span> 
     </span>
     <span class='ocr_line' id='line_1_45' title="bbox 257 2448 610 2483; baseline 0 -8"><span class='ocrx_word' id='word_1_237' title='bbox 257 2448 284 2475; x_wconf 84' lang='grc' dir='ltr'><strong>Μ</strong></span> <span class='ocrx_word' id='word_1_238' title='bbox 289 2449 389 2483; x_wconf 71' lang='lat' dir='ltr'>aqister</span> <span class='ocrx_word' id='word_1_239' title='bbox 401 2456 475 2476; x_wconf 75' lang='lat' dir='ltr'>secus</span> <span class='ocrx_word' id='word_1_240' title='bbox 488 2450 610 2476; x_wconf 77' lang='lat' dir='ltr'>senserit.</span> 
     </span>
    </p>
   </div>
   <div class='ocr_carea' id='block_1_9' title="bbox 223 2532 994 2628">
    <p class='ocr_par' dir='ltr' id='par_1_13' title="bbox 223 2532 994 2628">
     <span class='ocr_line' id='line_1_46' title="bbox 265 2532 994 2574; baseline 0.004 -11"><span class='ocrx_word' id='word_1_241' title='bbox 265 2533 356 2573; x_wconf 82' lang='lat' dir='ltr'>Resp.</span> <span class='ocrx_word' id='word_1_242' title='bbox 369 2533 408 2564; x_wconf 88' lang='lat' dir='ltr'>ad</span> <span class='ocrx_word' id='word_1_243' title='bbox 425 2541 496 2572; x_wconf 84' lang='lat' dir='ltr'>arg.</span> <span class='ocrx_word' id='word_1_244' title='bbox 515 2532 687 2564; x_wconf 85' lang='lat' dir='ltr'>Dicendum</span> <span class='ocrx_word' id='word_1_245' title='bbox 701 2534 785 2574; x_wconf 87' lang='lat' dir='ltr'>quod</span> <span class='ocrx_word' id='word_1_246' title='bbox 799 2534 918 2574; x_wconf 72' lang='lat' dir='ltr'>duplex</span> <span class='ocrx_word' id='word_1_247' title='bbox 933 2536 994 2566; x_wconf 86' lang='lat' dir='ltr'>fuit</span> 
     </span>
     <span class='ocr_line' id='line_1_47' title="bbox 223 2585 991 2628; baseline 0.004 -12"><span class='ocrx_word' id='word_1_248' title='bbox 223 2594 320 2626; x_wconf 84' lang='lat' dir='ltr'>super</span> <span class='ocrx_word' id='word_1_249' title='bbox 336 2585 395 2616; x_wconf 91' lang='lat' dir='ltr'>hoc</span> <span class='ocrx_word' id='word_1_250' title='bbox 410 2586 516 2625; x_wconf 88' lang='lat' dir='ltr'>opinio</span> <span class='ocrx_word' id='word_1_251' title='bbox 529 2596 535 2616; x_wconf 76' lang='grc' dir='ltr'>ε</span> <span class='ocrx_word' id='word_1_252' title='bbox 558 2594 623 2617; x_wconf 88' lang='lat' dir='ltr'>una</span> <span class='ocrx_word' id='word_1_253' title='bbox 638 2586 780 2618; x_wconf 86' lang='lat' dir='ltr'>videlicet</span> <span class='ocrx_word' id='word_1_254' title='bbox 791 2611 798 2625; x_wconf 85' lang='lat'>,</span> <span class='ocrx_word' id='word_1_255' title='bbox 818 2588 903 2627; x_wconf 91' lang='lat' dir='ltr'>quod</span> <span class='ocrx_word' id='word_1_256' title='bbox 919 2589 991 2628; x_wconf 87' lang='lat' dir='ltr'>bap-</span> 
     </span>
    </p>
   </div>
   <div class='ocr_carea' id='block_1_10' title="bbox 793 121 1270 156">
    <p class='ocr_par' dir='ltr' id='par_1_14' title="bbox 793 121 1270 156">
     <span class='ocr_line' id='line_1_48' title="bbox 793 121 1270 156; baseline 0.004 -2"><span class='ocrx_word' id='word_1_257' title='bbox 793 121 1103 154; x_wconf 81' lang='lat' dir='ltr'>SENTENTIARUM</span> <span class='ocrx_word' id='word_1_258' title='bbox 1124 124 1197 156; x_wconf 88' lang='lat' dir='ltr'>LlB.</span> <span class='ocrx_word' id='word_1_259' title='bbox 1221 125 1270 156; x_wconf 91' lang='lat' dir='ltr'>IV.</span> 
     </span>
    </p>
   </div>
   <div class='ocr_carea' id='block_1_11' title="bbox 1057 191 1830 1140">
    <p class='ocr_par' dir='ltr' id='par_1_15' title="bbox 1057 191 1830 1140">
     <span class='ocr_line' id='line_1_49' title="bbox 1059 191 1830 232; baseline 0.009 -11"><span class='ocrx_word' id='word_1_260' title='bbox 1059 191 1143 222; x_wconf 85' lang='lat' dir='ltr'>tizati</span> <span class='ocrx_word' id='word_1_261' title='bbox 1171 192 1328 232; x_wconf 88' lang='lat' dir='ltr'>baptismo</span> <span class='ocrx_word' id='word_1_262' title='bbox 1354 192 1504 232; x_wconf 89' lang='lat' dir='ltr'>Joannis,</span> <span class='ocrx_word' id='word_1_263' title='bbox 1530 195 1555 225; x_wconf 89' lang='lat' dir='ltr'>si</span> <span class='ocrx_word' id='word_1_264' title='bbox 1582 204 1645 226; x_wconf 90' lang='lat' dir='ltr'>non</span> <span class='ocrx_word' id='word_1_265' title='bbox 1670 196 1830 228; x_wconf 86' lang='lat' dir='ltr'>habebant</span> 
     </span>
     <span class='ocr_line' id='line_1_50' title="bbox 1058 244 1829 286; baseline 0.008 -12"><span class='ocrx_word' id='word_1_266' title='bbox 1058 244 1153 275; x_wconf 82' lang='lat' dir='ltr'>tidem</span> <span class='ocrx_word' id='word_1_267' title='bbox 1174 245 1348 285; x_wconf 86' lang='lat' dir='ltr'>Trinitatis,</span> <span class='ocrx_word' id='word_1_268' title='bbox 1372 247 1584 286; x_wconf 85' lang='lat' dir='ltr'>rebaptizandi</span> <span class='ocrx_word' id='word_1_269' title='bbox 1605 251 1709 286; x_wconf 83' lang='lat' dir='ltr'>erant3</span> <span class='ocrx_word' id='word_1_270' title='bbox 1725 249 1750 279; x_wconf 93' lang='lat' dir='ltr'>si</span> <span class='ocrx_word' id='word_1_271' title='bbox 1769 258 1829 281; x_wconf 84' lang='lat' dir='ltr'>au-</span> 
     </span>
     <span class='ocr_line' id='line_1_51' title="bbox 1057 298 1828 342; baseline 0.008 -15"><span class='ocrx_word' id='word_1_272' title='bbox 1057 299 1120 328; x_wconf 89' lang='lat' dir='ltr'>tem</span> <span class='ocrx_word' id='word_1_273' title='bbox 1145 298 1301 331; x_wconf 78' lang='lat' dir='ltr'>habebant</span> <span class='ocrx_word' id='word_1_274' title='bbox 1330 301 1425 332; x_wconf 82' lang='lat' dir='ltr'>tidem</span> <span class='ocrx_word' id='word_1_275' title='bbox 1449 301 1626 338; x_wconf 81' lang='lat' dir='ltr'>Trinitatis,</span> <span class='ocrx_word' id='word_1_276' title='bbox 1650 310 1714 332; x_wconf 90' lang='lat' dir='ltr'>non</span> <span class='ocrx_word' id='word_1_277' title='bbox 1738 310 1828 342; x_wconf 88' lang='lat' dir='ltr'>opor-</span> 
     </span>
     <span class='ocr_line' id='line_1_52' title="bbox 1058 351 1829 392; baseline 0.005 -12"><span class='ocrx_word' id='word_1_278' title='bbox 1058 351 1141 381; x_wconf 86' lang='lat' dir='ltr'>tebat</span> <span class='ocrx_word' id='word_1_279' title='bbox 1156 360 1208 382; x_wconf 85' lang='lat' dir='ltr'>eos</span> <span class='ocrx_word' id='word_1_280' title='bbox 1231 353 1434 392; x_wconf 86' lang='lat' dir='ltr'>rebaptizari,</span> <span class='ocrx_word' id='word_1_281' title='bbox 1456 353 1509 385; x_wconf 87' lang='lat' dir='ltr'>sed</span> <span class='ocrx_word' id='word_1_282' title='bbox 1524 354 1699 384; x_wconf 72' lang='lat' dir='ltr'>sufficiebat</span> <span class='ocrx_word' id='word_1_283' title='bbox 1713 363 1829 385; x_wconf 84' lang='lat' dir='ltr'>manus</span> 
     </span>
     <span class='ocr_line' id='line_1_53' title="bbox 1058 404 1826 447; baseline 0.007 -13"><span class='ocrx_word' id='word_1_284' title='bbox 1058 404 1189 444; x_wconf 89' lang='lat' dir='ltr'>imponi.</span> <span class='ocrx_word' id='word_1_285' title='bbox 1219 405 1255 436; x_wconf 86' lang='lat' dir='ltr'>Et</span> <span class='ocrx_word' id='word_1_286' title='bbox 1281 407 1363 437; x_wconf 88' lang='lat' dir='ltr'>ratio</span> <span class='ocrx_word' id='word_1_287' title='bbox 1387 408 1486 446; x_wconf 79' lang='lat' dir='ltr'>h11Jus</span> <span class='ocrx_word' id='word_1_288' title='bbox 1513 407 1722 447; x_wconf 74' lang='lat' dir='ltr'>impositionis</span> <span class='ocrx_word' id='word_1_289' title='bbox 1748 407 1826 446; x_wconf 80' lang='lat' dir='ltr'>ruit,</span> 
     </span>
     <span class='ocr_line' id='line_1_54' title="bbox 1057 457 1829 498; baseline 0.008 -12"><span class='ocrx_word' id='word_1_290' title='bbox 1057 457 1141 496; x_wconf 87' lang='lat' dir='ltr'>qnod</span> <span class='ocrx_word' id='word_1_291' title='bbox 1163 458 1238 498; x_wconf 88' lang='lat' dir='ltr'>quia</span> <span class='ocrx_word' id='word_1_292' title='bbox 1253 458 1329 489; x_wconf 87' lang='lat' dir='ltr'>tales</span> <span class='ocrx_word' id='word_1_293' title='bbox 1347 459 1506 491; x_wconf 87' lang='lat' dir='ltr'>habehant</span> <span class='ocrx_word' id='word_1_294' title='bbox 1527 460 1723 491; x_wconf 84' lang='lat' dir='ltr'>ablutionem</span> <span class='ocrx_word' id='word_1_295' title='bbox 1743 463 1829 492; x_wconf 86' lang='lat' dir='ltr'>exte-</span> 
     </span>
     <span class='ocr_line' id='line_1_55' title="bbox 1058 510 1828 554; baseline 0.006 -14"><span class='ocrx_word' id='word_1_296' title='bbox 1058 510 1173 541; x_wconf 89' lang='lat' dir='ltr'>riorem</span> <span class='ocrx_word' id='word_1_297' title='bbox 1186 536 1194 549; x_wconf 92' lang='lat'><em>‚</em></span> <span class='ocrx_word' id='word_1_298' title='bbox 1215 514 1245 542; x_wconf 87' lang='lat' dir='ltr'>et</span> <span class='ocrx_word' id='word_1_299' title='bbox 1264 512 1422 543; x_wconf 83' lang='lat' dir='ltr'>habebant</span> <span class='ocrx_word' id='word_1_300' title='bbox 1443 514 1538 544; x_wconf 86' lang='lat' dir='ltr'>fidem</span> <span class='ocrx_word' id='word_1_301' title='bbox 1560 514 1735 552; x_wconf 84' lang='lat' dir='ltr'>Trinitatis,</span> <span class='ocrx_word' id='word_1_302' title='bbox 1751 514 1828 554; x_wconf 86' lang='lat' dir='ltr'>quia</span> 
     </span>
     <span class='ocr_line' id='line_1_56' title="bbox 1057 563 1824 607; baseline 0.008 -15"><span class='ocrx_word' id='word_1_303' title='bbox 1057 563 1190 594; x_wconf 85' lang='lat' dir='ltr'>interius</span> <span class='ocrx_word' id='word_1_304' title='bbox 1199 564 1459 603; x_wconf 83' lang='lat' dir='ltr'>insigniebantur</span> <span class='ocrx_word' id='word_1_305' title='bbox 1469 569 1622 607; x_wconf 86' lang='lat' dir='ltr'>tanquam</span> <span class='ocrx_word' id='word_1_306' title='bbox 1634 567 1824 604; x_wconf 77' lang='lat' dir='ltr'>charactere,</span> 
     </span>
     <span class='ocr_line' id='line_1_57' title="bbox 1057 618 1827 661; baseline 0.005 -13"><span class='ocrx_word' id='word_1_307' title='bbox 1057 618 1217 649; x_wconf 87' lang='lat' dir='ltr'>habebant</span> <span class='ocrx_word' id='word_1_308' title='bbox 1235 618 1388 658; x_wconf 87' lang='lat' dir='ltr'>Spiritum</span> <span class='ocrx_word' id='word_1_309' title='bbox 1410 623 1557 652; x_wconf 85' lang='lat' dir='ltr'>sanctum</span> <span class='ocrx_word' id='word_1_310' title='bbox 1578 631 1634 661; x_wconf 88' lang='lat' dir='ltr'>per</span> <span class='ocrx_word' id='word_1_311' title='bbox 1653 621 1827 661; x_wconf 87' lang='lat' dir='ltr'>impositio-</span> 
     </span>
     <span class='ocr_line' id='line_1_58' title="bbox 1058 673 1825 705; baseline 0.005 -4"><span class='ocrx_word' id='word_1_312' title='bbox 1058 680 1131 701; x_wconf 65' lang='lat' dir='ltr'>nem</span> <span class='ocrx_word' id='word_1_313' title='bbox 1154 680 1328 701; x_wconf 89' lang='lat' dir='ltr'>manuum:</span> <span class='ocrx_word' id='word_1_314' title='bbox 1347 674 1377 702; x_wconf 88' lang='lat' dir='ltr'>et</span> <span class='ocrx_word' id='word_1_315' title='bbox 1399 673 1468 704; x_wconf 81' lang='lat' dir='ltr'>ideo</span> <span class='ocrx_word' id='word_1_316' title='bbox 1489 673 1565 704; x_wconf 85' lang='lat' dir='ltr'>tales</span> <span class='ocrx_word' id='word_1_317' title='bbox 1584 682 1647 704; x_wconf 91' lang='lat' dir='ltr'>non</span> <span class='ocrx_word' id='word_1_318' title='bbox 1666 676 1758 705; x_wconf 86' lang='lat' dir='ltr'>erant</span> <span class='ocrx_word' id='word_1_319' title='bbox 1776 682 1825 705; x_wconf 87' lang='lat' dir='ltr'>re-</span> 
     </span>
     <span class='ocr_line' id='line_1_59' title="bbox 1059 725 1828 767; baseline 0.004 -12"><span class='ocrx_word' id='word_1_320' title='bbox 1059 725 1246 764; x_wconf 81' lang='lat' dir='ltr'>baptizandi.</span> <span class='ocrx_word' id='word_1_321' title='bbox 1266 725 1338 755; x_wconf 73' lang='lat' dir='ltr'>Haec</span> <span class='ocrx_word' id='word_1_322' title='bbox 1354 728 1462 757; x_wconf 81' lang='lat' dir='ltr'>autem</span> <span class='ocrx_word' id='word_1_323' title='bbox 1474 727 1580 766; x_wconf 88' lang='lat' dir='ltr'>opinio</span> <span class='ocrx_word' id='word_1_324' title='bbox 1592 727 1762 758; x_wconf 89' lang='lat' dir='ltr'>roboratur</span> <span class='ocrx_word' id='word_1_325' title='bbox 1771 736 1828 767; x_wconf 85' lang='lat' dir='ltr'>per</span> 
     </span>
     <span class='ocr_line' id='line_1_60' title="bbox 1058 778 1824 820; baseline 0.005 -13"><span class='ocrx_word' id='word_1_326' title='bbox 1058 778 1297 815; x_wconf 85' lang='lat' dir='ltr'>auctoritatem,</span> <span class='ocrx_word' id='word_1_327' title='bbox 1321 778 1395 817; x_wconf 86' lang='lat' dir='ltr'>quia</span> <span class='ocrx_word' id='word_1_328' title='bbox 1420 788 1482 810; x_wconf 89' lang='lat' dir='ltr'>non</span> <span class='ocrx_word' id='word_1_329' title='bbox 1506 783 1582 810; x_wconf 90' lang='lat' dir='ltr'>sunt</span> <span class='ocrx_word' id='word_1_330' title='bbox 1605 780 1824 820; x_wconf 74' lang='lat' dir='ltr'>rebaptizati⁴‚</span> 
     </span>
     <span class='ocr_line' id='line_1_61' title="bbox 1058 831 1828 872; baseline 0.004 -11"><span class='ocrx_word' id='word_1_331' title='bbox 1058 834 1087 862; x_wconf 87' lang='lat' dir='ltr'>et</span> <span class='ocrx_word' id='word_1_332' title='bbox 1102 833 1175 862; x_wconf 88' lang='lat' dir='ltr'>sunt</span> <span class='ocrx_word' id='word_1_333' title='bbox 1194 831 1410 871; x_wconf 55' lang='lat' dir='ltr'>rebaptizatv:</span> <span class='ocrx_word' id='word_1_334' title='bbox 1429 834 1459 862; x_wconf 88' lang='lat' dir='ltr'>et</span> <span class='ocrx_word' id='word_1_335' title='bbox 1479 833 1548 863; x_wconf 82' lang='lat' dir='ltr'>ideo</span> <span class='ocrx_word' id='word_1_336' title='bbox 1567 842 1624 864; x_wconf 89' lang='lat' dir='ltr'>nec</span> <span class='ocrx_word' id='word_1_337' title='bbox 1637 833 1828 872; x_wconf 81' lang='lat' dir='ltr'>generaliter</span> 
     </span>
     <span class='ocr_line' id='line_1_62' title="bbox 1057 886 1827 927; baseline 0.005 -13"><span class='ocrx_word' id='word_1_338' title='bbox 1057 887 1221 923; x_wconf 84' lang='lat' dir='ltr'>asserunt,</span> <span class='ocrx_word' id='word_1_339' title='bbox 1247 893 1306 915; x_wconf 89' lang='lat' dir='ltr'>nec</span> <span class='ocrx_word' id='word_1_340' title='bbox 1327 888 1461 924; x_wconf 84' lang='lat' dir='ltr'>negant,</span> <span class='ocrx_word' id='word_1_341' title='bbox 1487 887 1540 918; x_wconf 86' lang='lat' dir='ltr'>sed</span> <span class='ocrx_word' id='word_1_342' title='bbox 1563 888 1766 927; x_wconf 77' lang='lat' dir='ltr'>distinguunt</span> <span class='ocrx_word' id='word_1_343' title='bbox 1788 886 1827 918; x_wconf 85' lang='lat' dir='ltr'>ad</span> 
     </span>
     <span class='ocr_line' id='line_1_63' title="bbox 1058 939 1829 980; baseline 0.004 -11"><span class='ocrx_word' id='word_1_344' title='bbox 1058 939 1281 970; x_wconf 86' lang='lat' dir='ltr'>sustinendum</span> <span class='ocrx_word' id='word_1_345' title='bbox 1309 939 1391 970; x_wconf 89' lang='lat' dir='ltr'>hanc</span> <span class='ocrx_word' id='word_1_346' title='bbox 1419 940 1626 980; x_wconf 85' lang='lat' dir='ltr'>opinionem:</span> <span class='ocrx_word' id='word_1_347' title='bbox 1658 944 1689 972; x_wconf 86' lang='lat' dir='ltr'>ct</span> <span class='ocrx_word' id='word_1_348' title='bbox 1719 941 1829 972; x_wconf 88' lang='lat' dir='ltr'>dicunt</span> 
     </span>
     <span class='ocr_line' id='line_1_64' title="bbox 1058 992 1828 1033; baseline 0.003 -11"><span class='ocrx_word' id='word_1_349' title='bbox 1058 992 1143 1032; x_wconf 90' lang='lat' dir='ltr'>quod</span> <span class='ocrx_word' id='word_1_350' title='bbox 1164 1001 1221 1031; x_wconf 89' lang='lat' dir='ltr'>pro</span> <span class='ocrx_word' id='word_1_351' title='bbox 1246 994 1386 1031; x_wconf 90' lang='lat' dir='ltr'>tempore</span> <span class='ocrx_word' id='word_1_352' title='bbox 1410 992 1462 1023; x_wconf 88' lang='lat' dir='ltr'>iilo</span> <span class='ocrx_word' id='word_1_353' title='bbox 1486 994 1646 1033; x_wconf 84' lang='lat' dir='ltr'>impositio</span> <span class='ocrx_word' id='word_1_354' title='bbox 1673 1002 1828 1024; x_wconf 88' lang='lat' dir='ltr'>manuum</span> 
     </span>
     <span class='ocr_line' id='line_1_65' title="bbox 1060 1045 1829 1085; baseline 0.001 -10"><span class='ocrx_word' id='word_1_355' title='bbox 1060 1045 1131 1085; x_wconf 89' lang='lat' dir='ltr'>plus</span> <span class='ocrx_word' id='word_1_356' title='bbox 1147 1045 1281 1083; x_wconf 72' lang='lat' dir='ltr'>valebat,</span> <span class='ocrx_word' id='word_1_357' title='bbox 1295 1054 1391 1085; x_wconf 85' lang='lat' dir='ltr'>quam</span> <span class='ocrx_word' id='word_1_358' title='bbox 1406 1055 1490 1077; x_wconf 89' lang='lat' dir='ltr'>nunc</span> <span class='ocrx_word' id='word_1_359' title='bbox 1503 1047 1718 1078; x_wconf 69' lang='lat' dir='ltr'>confirmatio:</span> <span class='ocrx_word' id='word_1_360' title='bbox 1736 1046 1829 1078; x_wconf 86' lang='lat' dir='ltr'>dabat</span> 
     </span>
     <span class='ocr_line' id='line_1_66' title="bbox 1059 1099 1828 1140; baseline 0.001 -11"><span class='ocrx_word' id='word_1_361' title='bbox 1059 1099 1144 1129; x_wconf 87' lang='lat' dir='ltr'>enim</span> <span class='ocrx_word' id='word_1_362' title='bbox 1163 1099 1357 1138; x_wconf 85' lang='lat' dir='ltr'>baptismum</span> <span class='ocrx_word' id='word_1_363' title='bbox 1376 1099 1526 1130; x_wconf 82' lang='lat' dir='ltr'>[laminis.</span> <span class='ocrx_word' id='word_1_364' title='bbox 1548 1099 1653 1139; x_wconf 83' lang='lat' dir='ltr'>liujus</span> <span class='ocrx_word' id='word_1_365' title='bbox 1671 1099 1828 1140; x_wconf 86' lang='lat' dir='ltr'>opinionis</span> 
     </span>
    </p>
   </div>
   <div class='ocr_carea' id='block_1_12' title="bbox 1059 1152 1951 1194">
    <p class='ocr_par' dir='ltr' id='par_1_16' title="bbox 1059 1152 1951 1194">
     <span class='ocr_line' id='line_1_67' title="bbox 1059 1152 1951 1194; baseline 0.003 -11"><span class='ocrx_word' id='word_1_366' title='bbox 1059 1153 1115 1184; x_wconf 85' lang='lat' dir='ltr'>fuit</span> <span class='ocrx_word' id='word_1_367' title='bbox 1131 1153 1291 1192; x_wconf 73' lang='lat' dir='ltr'>Magister,</span> <span class='ocrx_word' id='word_1_368' title='bbox 1309 1155 1337 1182; x_wconf 89' lang='lat' dir='ltr'>et</span> <span class='ocrx_word' id='word_1_369' title='bbox 1352 1152 1404 1182; x_wconf 88' lang='lat' dir='ltr'>alii</span> <span class='ocrx_word' id='word_1_370' title='bbox 1416 1153 1471 1192; x_wconf 85' lang='lat' dir='ltr'>qui</span> <span class='ocrx_word' id='word_1_371' title='bbox 1488 1162 1558 1183; x_wconf 88' lang='lat' dir='ltr'>eam</span> <span class='ocrx_word' id='word_1_372' title='bbox 1573 1155 1741 1185; x_wconf 81' lang='lat' dir='ltr'>sustinent.</span> <span class='ocrx_word' id='word_1_373' title='bbox 1758 1153 1828 1184; x_wconf 81' lang='lat' dir='ltr'>Atia</span> <span class='ocrx_word' id='word_1_374' title='bbox 1842 1166 1920 1194; x_wconf 61' lang='lat' dir='ltr'>opas„</span> <span class='ocrx_word' id='word_1_375' title='bbox 1930 1169 1951 1189; x_wconf 68' lang='grc' dir='ltr'>ς,</span> 
     </span>
    </p>
   </div>
   <div class='ocr_carea' id='block_1_13' title="bbox 1050 1205 1830 2521">
    <p class='ocr_par' dir='ltr' id='par_1_17' title="bbox 1059 1205 1830 1511">
     <span class='ocr_line' id='line_1_68' title="bbox 1059 1205 1826 1246; baseline -0.001 -9"><span class='ocrx_word' id='word_1_376' title='bbox 1059 1206 1165 1244; x_wconf 81' lang='lat' dir='ltr'>opinio</span> <span class='ocrx_word' id='word_1_377' title='bbox 1180 1209 1246 1243; x_wconf 80' lang='lat' dir='ltr'>est,</span> <span class='ocrx_word' id='word_1_378' title='bbox 1263 1205 1347 1244; x_wconf 77' lang='lat' dir='ltr'>qnod</span> <span class='ocrx_word' id='word_1_379' title='bbox 1362 1214 1473 1236; x_wconf 84' lang='lat' dir='ltr'>omnes</span> <span class='ocrx_word' id='word_1_380' title='bbox 1495 1209 1569 1236; x_wconf 71' lang='lat' dir='ltr'>sunt</span> <span class='ocrx_word' id='word_1_381' title='bbox 1595 1206 1826 1246; x_wconf 88' lang='lat' dir='ltr'>rebaptizandi,</span> 
     </span>
     <span class='ocr_line' id='line_1_69' title="bbox 1059 1258 1829 1299; baseline 0.001 -9"><span class='ocrx_word' id='word_1_382' title='bbox 1059 1259 1135 1299; x_wconf 88' lang='lat' dir='ltr'>quia</span> <span class='ocrx_word' id='word_1_383' title='bbox 1148 1259 1199 1289; x_wconf 87' lang='lat' dir='ltr'>ille</span> <span class='ocrx_word' id='word_1_384' title='bbox 1216 1258 1392 1298; x_wconf 79' lang='lat' dir='ltr'>baptismus</span> <span class='ocrx_word' id='word_1_385' title='bbox 1411 1258 1540 1289; x_wconf 86' lang='lat' dir='ltr'>Joannis</span> <span class='ocrx_word' id='word_1_386' title='bbox 1561 1260 1666 1291; x_wconf 88' lang='lat' dir='ltr'>solum</span> <span class='ocrx_word' id='word_1_387' title='bbox 1689 1260 1829 1291; x_wconf 83' lang='lat' dir='ltr'>assuefa-</span> 
     </span>
     <span class='ocr_line' id='line_1_70' title="bbox 1060 1311 1827 1353; baseline 0.003 -11"><span class='ocrx_word' id='word_1_388' title='bbox 1060 1312 1177 1349; x_wconf 84' lang='lat' dir='ltr'>ciebat,</span> <span class='ocrx_word' id='word_1_389' title='bbox 1194 1320 1258 1342; x_wconf 87' lang='lat' dir='ltr'>non</span> <span class='ocrx_word' id='word_1_390' title='bbox 1279 1311 1506 1350; x_wconf 82' lang='lat' dir='ltr'>regenerabat,</span> <span class='ocrx_word' id='word_1_391' title='bbox 1531 1315 1560 1343; x_wconf 83' lang='lat' dir='ltr'>ot</span> <span class='ocrx_word' id='word_1_392' title='bbox 1584 1313 1741 1353; x_wconf 86' lang='lat' dir='ltr'>impositio</span> <span class='ocrx_word' id='word_1_393' title='bbox 1759 1322 1827 1344; x_wconf 86' lang='lat' dir='ltr'>ma-</span> 
     </span>
     <span class='ocr_line' id='line_1_71' title="bbox 1060 1364 1830 1398; baseline 0.003 -2"><span class='ocrx_word' id='word_1_394' title='bbox 1060 1374 1162 1396; x_wconf 86' lang='lat' dir='ltr'>nuum</span> <span class='ocrx_word' id='word_1_395' title='bbox 1191 1374 1255 1395; x_wconf 88' lang='lat' dir='ltr'>non</span> <span class='ocrx_word' id='word_1_396' title='bbox 1286 1364 1573 1396; x_wconf 82' lang='lat' dir='ltr'>characterificabat</span> <span class='ocrx_word' id='word_1_397' title='bbox 1597 1367 1738 1398; x_wconf 88' lang='lat' dir='ltr'>animam</span> <span class='ocrx_word' id='word_1_398' title='bbox 1761 1377 1768 1398; x_wconf 89' lang='lat'><strong>:</strong></span> <span class='ocrx_word' id='word_1_399' title='bbox 1798 1368 1830 1398; x_wconf 86' lang='lat' dir='ltr'>et</span> 
     </span>
     <span class='ocr_line' id='line_1_72' title="bbox 1060 1418 1829 1458; baseline 0.001 -8"><span class='ocrx_word' id='word_1_400' title='bbox 1060 1420 1120 1450; x_wconf 86' lang='lat' dir='ltr'>ista</span> <span class='ocrx_word' id='word_1_401' title='bbox 1134 1420 1180 1449; x_wconf 87' lang='lat' dir='ltr'>est</span> <span class='ocrx_word' id='word_1_402' title='bbox 1196 1418 1378 1449; x_wconf 87' lang='lat' dir='ltr'>communis</span> <span class='ocrx_word' id='word_1_403' title='bbox 1391 1418 1497 1458; x_wconf 89' lang='lat' dir='ltr'>opinio</span> <span class='ocrx_word' id='word_1_404' title='bbox 1511 1419 1739 1451; x_wconf 89' lang='lat' dir='ltr'>modernorum</span> <span class='ocrx_word' id='word_1_405' title='bbox 1760 1429 1829 1451; x_wconf 91' lang='lat' dir='ltr'>ma-</span> 
     </span>
     <span class='ocr_line' id='line_1_73' title="bbox 1060 1473 1246 1511; baseline 0 -9"><span class='ocrx_word' id='word_1_406' title='bbox 1060 1473 1246 1511; x_wconf 72' lang='lat' dir='ltr'>gistrorum.</span> 
     </span>
    </p>

    <p class='ocr_par' dir='ltr' id='par_1_18' title="bbox 1057 1524 1829 1885">
     <span class='ocr_line' id='line_1_74' title="bbox 1102 1524 1829 1565; baseline 0.001 -10"><span class='ocrx_word' id='word_1_407' title='bbox 1102 1528 1115 1555; x_wconf 51' lang='lat' dir='ltr'>*t</span> <span class='ocrx_word' id='word_1_408' title='bbox 1141 1527 1171 1555; x_wconf 82' lang='lat' dir='ltr'>et</span> <span class='ocrx_word' id='word_1_409' title='bbox 1191 1527 1218 1555; x_wconf 70' lang='grc' dir='ltr'>Ξ).</span> <span class='ocrx_word' id='word_1_410' title='bbox 1248 1524 1336 1560; x_wconf 82' lang='lat' dir='ltr'>Quod</span> <span class='ocrx_word' id='word_1_411' title='bbox 1360 1532 1439 1562; x_wconf 81' lang='lat' dir='ltr'>ergo</span> <span class='ocrx_word' id='word_1_412' title='bbox 1463 1524 1628 1563; x_wconf 85' lang='lat' dir='ltr'>objicitur,</span> <span class='ocrx_word' id='word_1_413' title='bbox 1653 1525 1738 1565; x_wconf 85' lang='lat' dir='ltr'>quod</span> <span class='ocrx_word' id='word_1_414' title='bbox 1761 1527 1829 1556; x_wconf 85' lang='lat' dir='ltr'>erat</span> 
     </span>
     <span class='ocr_line' id='line_1_75' title="bbox 1060 1577 1828 1618; baseline 0.003 -10"><span class='ocrx_word' id='word_1_415' title='bbox 1060 1579 1179 1609; x_wconf 82' lang='lat' dir='ltr'>ablutio</span> <span class='ocrx_word' id='word_1_416' title='bbox 1194 1577 1340 1614; x_wconf 76' lang='lat' dir='ltr'>exterior,</span> <span class='ocrx_word' id='word_1_417' title='bbox 1358 1579 1387 1607; x_wconf 84' lang='lat' dir='ltr'>ct</span> <span class='ocrx_word' id='word_1_418' title='bbox 1404 1577 1543 1615; x_wconf 87' lang='lat' dir='ltr'>interior,</span> <span class='ocrx_word' id='word_1_419' title='bbox 1560 1577 1729 1609; x_wconf 86' lang='lat' dir='ltr'>dicendum</span> <span class='ocrx_word' id='word_1_420' title='bbox 1743 1578 1828 1618; x_wconf 87' lang='lat' dir='ltr'>quod</span> 
     </span>
     <span class='ocr_line' id='line_1_76' title="bbox 1060 1630 1828 1670; baseline 0 -8"><span class='ocrx_word' id='word_1_421' title='bbox 1060 1641 1124 1663; x_wconf 91' lang='lat' dir='ltr'>non</span> <span class='ocrx_word' id='word_1_422' title='bbox 1139 1639 1349 1670; x_wconf 59' lang='lat' dir='ltr'>quascumque</span> <span class='ocrx_word' id='word_1_423' title='bbox 1363 1630 1482 1660; x_wconf 87' lang='lat' dir='ltr'>ablutio</span> <span class='ocrx_word' id='word_1_424' title='bbox 1501 1631 1638 1662; x_wconf 76' lang='lat' dir='ltr'>exterior</span> <span class='ocrx_word' id='word_1_425' title='bbox 1659 1634 1706 1662; x_wconf 88' lang='lat' dir='ltr'>est</span> <span class='ocrx_word' id='word_1_426' title='bbox 1726 1640 1828 1662; x_wconf 85' lang='lat' dir='ltr'>sacra-</span> 
     </span>
     <span class='ocr_line' id='line_1_77' title="bbox 1061 1683 1824 1723; baseline 0 -8"><span class='ocrx_word' id='word_1_427' title='bbox 1061 1687 1214 1716; x_wconf 78' lang='lat' dir='ltr'>mentum.</span> <span class='ocrx_word' id='word_1_428' title='bbox 1232 1684 1285 1714; x_wconf 87' lang='lat' dir='ltr'>scd</span> <span class='ocrx_word' id='word_1_429' title='bbox 1304 1683 1336 1713; x_wconf 90' lang='lat' dir='ltr'>in</span> <span class='ocrx_word' id='word_1_430' title='bbox 1355 1692 1419 1722; x_wconf 85' lang='lat' dir='ltr'>qua</span> <span class='ocrx_word' id='word_1_431' title='bbox 1441 1683 1635 1723; x_wconf 87' lang='lat' dir='ltr'>imprimitur</span> <span class='ocrx_word' id='word_1_432' title='bbox 1653 1684 1824 1722; x_wconf 86' lang='lat' dir='ltr'>character,</span> 
     </span>
     <span class='ocr_line' id='line_1_78' title="bbox 1058 1737 1826 1778; baseline 0 -9"><span class='ocrx_word' id='word_1_433' title='bbox 1058 1739 1112 1778; x_wconf 88' lang='lat' dir='ltr'>qui</span> <span class='ocrx_word' id='word_1_434' title='bbox 1127 1747 1252 1777; x_wconf 86' lang='lat' dir='ltr'>semper</span> <span class='ocrx_word' id='word_1_435' title='bbox 1266 1738 1391 1768; x_wconf 86' lang='lat' dir='ltr'>manet:</span> <span class='ocrx_word' id='word_1_436' title='bbox 1412 1739 1443 1767; x_wconf 85' lang='lat' dir='ltr'>et</span> <span class='ocrx_word' id='word_1_437' title='bbox 1463 1737 1533 1767; x_wconf 89' lang='lat' dir='ltr'>talis</span> <span class='ocrx_word' id='word_1_438' title='bbox 1548 1746 1611 1768; x_wconf 91' lang='lat' dir='ltr'>non</span> <span class='ocrx_word' id='word_1_439' title='bbox 1625 1738 1685 1768; x_wconf 85' lang='lat' dir='ltr'>t&#39;uit</span> <span class='ocrx_word' id='word_1_440' title='bbox 1700 1739 1732 1768; x_wconf 92' lang='lat' dir='ltr'>in</span> <span class='ocrx_word' id='word_1_441' title='bbox 1748 1738 1826 1778; x_wconf 88' lang='lat' dir='ltr'>bap-</span> 
     </span>
     <span class='ocr_line' id='line_1_79' title="bbox 1061 1789 1827 1830; baseline 0 -8"><span class='ocrx_word' id='word_1_442' title='bbox 1061 1793 1151 1822; x_wconf 79' lang='lat' dir='ltr'>tismo</span> <span class='ocrx_word' id='word_1_443' title='bbox 1170 1791 1315 1822; x_wconf 90' lang='lat' dir='ltr'>Joannis:</span> <span class='ocrx_word' id='word_1_444' title='bbox 1337 1789 1407 1820; x_wconf 85' lang='lat' dir='ltr'>ideo</span> <span class='ocrx_word' id='word_1_445' title='bbox 1426 1792 1510 1829; x_wconf 85' lang='lat' dir='ltr'>patet</span> <span class='ocrx_word' id='word_1_446' title='bbox 1528 1789 1617 1821; x_wconf 87' lang='lat' dir='ltr'>illud.</span> <span class='ocrx_word' id='word_1_447' title='bbox 1640 1790 1677 1821; x_wconf 88' lang='lat' dir='ltr'>Et</span> <span class='ocrx_word' id='word_1_448' title='bbox 1696 1800 1752 1830; x_wconf 87' lang='lat' dir='ltr'>per</span> <span class='ocrx_word' id='word_1_449' title='bbox 1766 1791 1827 1823; x_wconf 85' lang='lat' dir='ltr'>hoc</span> 
     </span>
     <span class='ocr_line' id='line_1_80' title="bbox 1057 1843 1576 1885; baseline -0.006 -8"><span class='ocrx_word' id='word_1_450' title='bbox 1057 1847 1142 1885; x_wconf 86' lang='lat' dir='ltr'>patet</span> <span class='ocrx_word' id='word_1_451' title='bbox 1156 1844 1320 1884; x_wconf 84' lang='lat' dir='ltr'>responsio</span> <span class='ocrx_word' id='word_1_452' title='bbox 1336 1843 1376 1874; x_wconf 86' lang='lat' dir='ltr'>ad</span> <span class='ocrx_word' id='word_1_453' title='bbox 1389 1843 1576 1874; x_wconf 87' lang='lat' dir='ltr'>secundum.</span> 
     </span>
    </p>

    <p class='ocr_par' dir='ltr' id='par_1_19' title="bbox 1055 1896 1826 2150">
     <span class='ocr_line' id='line_1_81' title="bbox 1097 1896 1826 1938; baseline 0.001 -9"><span class='ocrx_word' id='word_1_454' title='bbox 1097 1900 1126 1929; x_wconf 88' lang='lat'>3.</span> <span class='ocrx_word' id='word_1_455' title='bbox 1150 1898 1197 1929; x_wconf 88' lang='lat' dir='ltr'>Ad</span> <span class='ocrx_word' id='word_1_456' title='bbox 1220 1897 1298 1928; x_wconf 88' lang='lat' dir='ltr'>illud</span> <span class='ocrx_word' id='word_1_457' title='bbox 1321 1896 1523 1936; x_wconf 84' lang='lat' dir='ltr'>Hieronymi,</span> <span class='ocrx_word' id='word_1_458' title='bbox 1549 1896 1717 1928; x_wconf 88' lang='lat' dir='ltr'>dicendum</span> <span class='ocrx_word' id='word_1_459' title='bbox 1740 1898 1826 1938; x_wconf 87' lang='lat' dir='ltr'>quod</span> 
     </span>
     <span class='ocr_line' id='line_1_82' title="bbox 1056 1951 1823 1990; baseline -0.001 -7"><span class='ocrx_word' id='word_1_460' title='bbox 1056 1962 1121 1983; x_wconf 88' lang='lat' dir='ltr'>non</span> <span class='ocrx_word' id='word_1_461' title='bbox 1136 1952 1205 1983; x_wconf 89' lang='lat' dir='ltr'>vult</span> <span class='ocrx_word' id='word_1_462' title='bbox 1215 1952 1258 1982; x_wconf 89' lang='lat' dir='ltr'>ibi</span> <span class='ocrx_word' id='word_1_463' title='bbox 1274 1954 1407 1990; x_wconf 84' lang='lat' dir='ltr'>tangere</span> <span class='ocrx_word' id='word_1_464' title='bbox 1417 1959 1543 1981; x_wconf 88' lang='lat' dir='ltr'>causam</span> <span class='ocrx_word' id='word_1_465' title='bbox 1558 1951 1823 1990; x_wconf 87' lang='lat' dir='ltr'>rebaptizationis,</span> 
     </span>
     <span class='ocr_line' id='line_1_83' title="bbox 1055 2003 1825 2043; baseline -0.001 -7"><span class='ocrx_word' id='word_1_466' title='bbox 1055 2006 1108 2036; x_wconf 88' lang='lat' dir='ltr'>sed</span> <span class='ocrx_word' id='word_1_467' title='bbox 1132 2004 1389 2035; x_wconf 83' lang='lat' dir='ltr'>insufficientiam</span> <span class='ocrx_word' id='word_1_468' title='bbox 1411 2003 1482 2033; x_wconf 83' lang='lat' dir='ltr'>fidei</span> <span class='ocrx_word' id='word_1_469' title='bbox 1505 2003 1538 2033; x_wconf 89' lang='lat' dir='ltr'>in</span> <span class='ocrx_word' id='word_1_470' title='bbox 1560 2003 1692 2034; x_wconf 87' lang='lat' dir='ltr'>alteram</span> <span class='ocrx_word' id='word_1_471' title='bbox 1714 2013 1825 2043; x_wconf 88' lang='lat' dir='ltr'>perso-</span> 
     </span>
     <span class='ocr_line' id='line_1_84' title="bbox 1055 2057 1822 2097; baseline -0.003 -7"><span class='ocrx_word' id='word_1_472' title='bbox 1055 2068 1171 2090; x_wconf 87' lang='lat' dir='ltr'>narum</span> <span class='ocrx_word' id='word_1_473' title='bbox 1186 2068 1193 2089; x_wconf 91' lang='lat'><strong>:</strong></span> <span class='ocrx_word' id='word_1_474' title='bbox 1212 2061 1243 2088; x_wconf 83' lang='lat' dir='ltr'>et</span> <span class='ocrx_word' id='word_1_475' title='bbox 1255 2058 1316 2088; x_wconf 89' lang='lat' dir='ltr'>hoc</span> <span class='ocrx_word' id='word_1_476' title='bbox 1330 2059 1424 2097; x_wconf 85' lang='lat' dir='ltr'>patet,</span> <span class='ocrx_word' id='word_1_477' title='bbox 1441 2057 1465 2086; x_wconf 87' lang='lat' dir='ltr'>si</span> <span class='ocrx_word' id='word_1_478' title='bbox 1478 2057 1686 2096; x_wconf 85' lang='lat' dir='ltr'>inspiciantur</span> <span class='ocrx_word' id='word_1_479' title='bbox 1699 2060 1822 2088; x_wconf 85' lang='lat' dir='ltr'>antece-</span> 
     </span>
     <span class='ocr_line' id='line_1_85' title="bbox 1055 2110 1394 2150; baseline -0.006 -8"><span class='ocrx_word' id='word_1_480' title='bbox 1055 2111 1158 2142; x_wconf 87' lang='lat' dir='ltr'>dentia</span> <span class='ocrx_word' id='word_1_481' title='bbox 1175 2113 1206 2141; x_wconf 88' lang='lat' dir='ltr'>et</span> <span class='ocrx_word' id='word_1_482' title='bbox 1221 2110 1394 2150; x_wconf 81' lang='lat' dir='ltr'>sequentia.</span> 
     </span>
    </p>

    <p class='ocr_par' dir='ltr' id='par_1_20' title="bbox 1050 2163 1823 2521">
     <span class='ocr_line' id='line_1_86' title="bbox 1094 2163 1823 2203; baseline 0.001 -9"><span class='ocrx_word' id='word_1_483' title='bbox 1094 2167 1123 2195; x_wconf 73' lang='lat'>4.</span> <span class='ocrx_word' id='word_1_484' title='bbox 1147 2164 1194 2194; x_wconf 86' lang='lat' dir='ltr'>Ad</span> <span class='ocrx_word' id='word_1_485' title='bbox 1216 2164 1293 2193; x_wconf 86' lang='lat' dir='ltr'>illud</span> <span class='ocrx_word' id='word_1_486' title='bbox 1314 2163 1502 2200; x_wconf 80' lang='lat' dir='ltr'>dicendum,</span> <span class='ocrx_word' id='word_1_487' title='bbox 1524 2163 1609 2203; x_wconf 88' lang='lat' dir='ltr'>quod</span> <span class='ocrx_word' id='word_1_488' title='bbox 1633 2163 1823 2195; x_wconf 86' lang='lat' dir='ltr'>Samaritani</span> 
     </span>
     <span class='ocr_line' id='line_1_87' title="bbox 1054 2216 1820 2258; baseline -0.001 -10"><span class='ocrx_word' id='word_1_489' title='bbox 1054 2218 1200 2258; x_wconf 84' lang='lat' dir='ltr'>baptizati</span> <span class='ocrx_word' id='word_1_490' title='bbox 1214 2219 1303 2247; x_wconf 87' lang='lat' dir='ltr'>erant</span> <span class='ocrx_word' id='word_1_491' title='bbox 1323 2225 1342 2246; x_wconf 90' lang='lat' dir='ltr'>a</span> <span class='ocrx_word' id='word_1_492' title='bbox 1361 2216 1505 2256; x_wconf 89' lang='lat' dir='ltr'>Philippo</span> <span class='ocrx_word' id='word_1_493' title='bbox 1523 2216 1682 2255; x_wconf 87' lang='lat' dir='ltr'>baptismo</span> <span class='ocrx_word' id='word_1_494' title='bbox 1696 2216 1820 2255; x_wconf 87' lang='lat' dir='ltr'>Christi,</span> 
     </span>
     <span class='ocr_line' id='line_1_88' title="bbox 1053 2267 1822 2307; baseline -0.001 -7"><span class='ocrx_word' id='word_1_495' title='bbox 1053 2270 1134 2300; x_wconf 86' lang='lat' dir='ltr'>sicut</span> <span class='ocrx_word' id='word_1_496' title='bbox 1157 2269 1262 2299; x_wconf 91' lang='lat' dir='ltr'>innuit</span> <span class='ocrx_word' id='word_1_497' title='bbox 1281 2268 1396 2298; x_wconf 86' lang='lat' dir='ltr'>Glossa.</span> <span class='ocrx_word' id='word_1_498' title='bbox 1420 2267 1457 2298; x_wconf 83' lang='lat' dir='ltr'>Et</span> <span class='ocrx_word' id='word_1_499' title='bbox 1479 2267 1564 2307; x_wconf 90' lang='lat' dir='ltr'>quod</span> <span class='ocrx_word' id='word_1_500' title='bbox 1587 2267 1718 2305; x_wconf 87' lang='lat' dir='ltr'>dicitur,</span> <span class='ocrx_word' id='word_1_501' title='bbox 1737 2268 1822 2307; x_wconf 86' lang='lat' dir='ltr'>quod</span> 
     </span>
     <span class='ocr_line' id='line_1_89' title="bbox 1053 2319 1820 2361; baseline -0.004 -8"><span class='ocrx_word' id='word_1_502' title='bbox 1053 2331 1117 2353; x_wconf 88' lang='lat' dir='ltr'>nou</span> <span class='ocrx_word' id='word_1_503' title='bbox 1138 2323 1326 2361; x_wconf 81' lang='lat' dir='ltr'>receperunt</span> <span class='ocrx_word' id='word_1_504' title='bbox 1349 2320 1504 2360; x_wconf 84' lang='lat' dir='ltr'>Spiritum</span> <span class='ocrx_word' id='word_1_505' title='bbox 1520 2322 1680 2358; x_wconf 85' lang='lat' dir='ltr'>sanctum,</span> <span class='ocrx_word' id='word_1_506' title='bbox 1704 2319 1820 2350; x_wconf 90' lang='lat' dir='ltr'>intelli-</span> 
     </span>
     <span class='ocr_line' id='line_1_90' title="bbox 1052 2372 1821 2415; baseline -0.004 -9"><span class='ocrx_word' id='word_1_507' title='bbox 1052 2376 1140 2415; x_wconf 83' lang='lat' dir='ltr'>gitur</span> <span class='ocrx_word' id='word_1_508' title='bbox 1159 2374 1348 2411; x_wconf 76' lang='lat' dir='ltr'>visibiliter,</span> <span class='ocrx_word' id='word_1_509' title='bbox 1366 2373 1442 2413; x_wconf 91' lang='lat' dir='ltr'>quia</span> <span class='ocrx_word' id='word_1_510' title='bbox 1458 2373 1509 2403; x_wconf 89' lang='lat' dir='ltr'>ille</span> <span class='ocrx_word' id='word_1_511' title='bbox 1526 2381 1590 2403; x_wconf 93' lang='lat' dir='ltr'>non</span> <span class='ocrx_word' id='word_1_512' title='bbox 1610 2374 1677 2403; x_wconf 88' lang='lat' dir='ltr'>erat</span> <span class='ocrx_word' id='word_1_513' title='bbox 1696 2372 1821 2412; x_wconf 88' lang='lat' dir='ltr'>Philip-</span> 
     </span>
     <span class='ocr_line' id='line_1_91' title="bbox 1050 2425 1819 2469; baseline -0.004 -10"><span class='ocrx_word' id='word_1_514' title='bbox 1050 2438 1111 2469; x_wconf 90' lang='lat' dir='ltr'>pus</span> <span class='ocrx_word' id='word_1_515' title='bbox 1125 2427 1297 2468; x_wconf 75' lang='lat' dir='ltr'>apostolus,</span> <span class='ocrx_word' id='word_1_516' title='bbox 1314 2427 1368 2457; x_wconf 83' lang='lat' dir='ltr'>sed</span> <span class='ocrx_word' id='word_1_517' title='bbox 1382 2426 1572 2466; x_wconf 87' lang='lat' dir='ltr'>discipulus:</span> <span class='ocrx_word' id='word_1_518' title='bbox 1590 2428 1621 2456; x_wconf 89' lang='lat' dir='ltr'>et</span> <span class='ocrx_word' id='word_1_519' title='bbox 1635 2425 1705 2456; x_wconf 89' lang='lat' dir='ltr'>ideo</span> <span class='ocrx_word' id='word_1_520' title='bbox 1716 2425 1819 2465; x_wconf 89' lang='lat' dir='ltr'>bapti-</span> 
     </span>
     <span class='ocr_line' id='line_1_92' title="bbox 1051 2479 1819 2521; baseline -0.005 -9"><span class='ocrx_word' id='word_1_521' title='bbox 1051 2491 1121 2512; x_wconf 81' lang='lat' dir='ltr'>zare</span> <span class='ocrx_word' id='word_1_522' title='bbox 1142 2481 1245 2521; x_wconf 87' lang='lat' dir='ltr'>potuit</span> <span class='ocrx_word' id='word_1_523' title='bbox 1268 2482 1299 2511; x_wconf 89' lang='lat' dir='ltr'>et</span> <span class='ocrx_word' id='word_1_524' title='bbox 1322 2479 1511 2520; x_wconf 79' lang='lat' dir='ltr'>praedicare,</span> <span class='ocrx_word' id='word_1_525' title='bbox 1537 2479 1591 2510; x_wconf 82' lang='lat' dir='ltr'>sed</span> <span class='ocrx_word' id='word_1_526' title='bbox 1614 2487 1679 2509; x_wconf 90' lang='lat' dir='ltr'>non</span> <span class='ocrx_word' id='word_1_527' title='bbox 1703 2487 1819 2508; x_wconf 88' lang='lat' dir='ltr'>manus</span> 
     </span>
    </p>
   </div>
   <div class='ocr_carea' id='block_1_14' title="bbox 1051 2558 1820 2628">
    <p class='ocr_par' dir='ltr' id='par_1_21' title="bbox 1051 2558 1820 2628">
     <span class='ocr_line' id='line_1_93' title="bbox 1083 2558 1820 2591; baseline -0.007 -6"><span class='ocrx_word' id='word_1_528' title='bbox 1083 2563 1087 2576; x_wconf 89' lang='lat'><strong>¹</strong></span> <span class='ocrx_word' id='word_1_529' title='bbox 1101 2562 1166 2590; x_wconf 57' lang='lat' dir='ltr'>Act„</span> <span class='ocrx_word' id='word_1_530' title='bbox 1180 2567 1233 2591; x_wconf 81' lang='lat' dir='ltr'>xix,</span> <span class='ocrx_word' id='word_1_531' title='bbox 1244 2562 1328 2585; x_wconf 79' lang='lat'>3-5.-</span> <span class='ocrx_word' id='word_1_532' title='bbox 1345 2560 1354 2574; x_wconf 80' lang='lat'>²</span> <span class='ocrx_word' id='word_1_533' title='bbox 1367 2561 1442 2590; x_wconf 60' lang='lat' dir='ltr'>Aug„</span> <span class='ocrx_word' id='word_1_534' title='bbox 1453 2560 1479 2582; x_wconf 80' lang='lat' dir='ltr'>in</span> <span class='ocrx_word' id='word_1_535' title='bbox 1490 2559 1571 2587; x_wconf 80' lang='lat' dir='ltr'>Joan.,</span> <span class='ocrx_word' id='word_1_536' title='bbox 1583 2559 1654 2582; x_wconf 83' lang='lat' dir='ltr'>tract.</span> <span class='ocrx_word' id='word_1_537' title='bbox 1667 2563 1692 2588; x_wconf 86' lang='lat' dir='ltr'>v,</span> <span class='ocrx_word' id='word_1_538' title='bbox 1702 2564 1729 2582; x_wconf 91' lang='lat' dir='ltr'>n.</span> <span class='ocrx_word' id='word_1_539' title='bbox 1745 2558 1820 2582; x_wconf 82' lang='lat'>¹8.-</span> 
     </span>
     <span class='ocr_line' id='line_1_94' title="bbox 1051 2593 1818 2628; baseline -0.007 -7"><span class='ocrx_word' id='word_1_540' title='bbox 1051 2598 1060 2614; x_wconf 82' lang='lat'>³</span> <span class='ocrx_word' id='word_1_541' title='bbox 1071 2596 1173 2626; x_wconf 61' lang='lat' dir='ltr'>Manli„</span> <span class='ocrx_word' id='word_1_542' title='bbox 1183 2602 1224 2628; x_wconf 86' lang='lat'>111,</span> <span class='ocrx_word' id='word_1_543' title='bbox 1239 2598 1316 2621; x_wconf 81' lang='lat'>¹1.—</span> <span class='ocrx_word' id='word_1_544' title='bbox 1328 2596 1338 2613; x_wconf 73' lang='lat'><strong>⁴</strong></span> <span class='ocrx_word' id='word_1_545' title='bbox 1346 2595 1411 2624; x_wconf 65' lang='lat' dir='ltr'>Act„</span> <span class='ocrx_word' id='word_1_546' title='bbox 1422 2601 1476 2625; x_wconf 85' lang='lat' dir='ltr'>vin,</span> <span class='ocrx_word' id='word_1_547' title='bbox 1488 2595 1566 2619; x_wconf 75' lang='grc'>16-17.</span> <span class='ocrx_word' id='word_1_548' title='bbox 1574 2606 1605 2612; x_wconf 93' lang='grc'><strong>-</strong></span> <span class='ocrx_word' id='word_1_549' title='bbox 1614 2593 1625 2610; x_wconf 81' lang='lat'>⁸</span> <span class='ocrx_word' id='word_1_550' title='bbox 1633 2593 1756 2624; x_wconf 51' lang='grc' dir='ltr'>Δεῖμα,</span> <span class='ocrx_word' id='word_1_551' title='bbox 1768 2593 1818 2617; x_wconf 82' lang='grc'><strong>3-5.</strong></span> 
     </span>
    </p>
   </div>
  </div>
 </body>
</html>
