2017 2948
219 159 278 187 652

219 223 368 261 minutis,
383 226 545 263 comparat
560 225 676 264 guttis,
692 226 854 264 comparat
867 232 986 262 arenae,

219 279 381 317 comparat
402 277 515 308 scabiei
535 288 541 308 z
565 287 628 308 non
648 279 724 318 quia
743 278 810 317 ipsa
833 277 864 307 in
888 287 921 307 se
943 279 987 308 fa-

220 330 307 361 ciunt
320 331 536 370 naufragium,
548 331 602 362 sed
612 331 689 371 quia
697 331 734 361 ad
746 331 806 361 hoc
815 331 990 370 perducunt

221 393 276 424 per
291 384 444 416 accidens.

262 440 279 468 3
290 440 320 469 et
332 440 362 469 4.
378 438 425 469 Ad
438 438 514 470 illud
528 439 611 478 quod
622 438 769 478 oincitur
782 437 819 468 de
833 446 990 470 consensu

219 494 250 523 et
264 492 373 532 quieta
388 492 562 529 voluntate,
574 491 742 522 dicendum
753 491 849 531 quod,
863 492 990 531 quando

219 533 390 576 consensus
408 545 511 582 venit,
530 553 651 575 novum
671 546 835 584 peccatum
857 545 909 582 fit;
933 554 990 576 nee

220 598 255 629 fit
268 598 391 629 veniale
411 598 559 636 mortale,
577 597 630 628 sed
645 598 729 637 quod
744 597 822 628 alias
838 600 917 629 esset
933 608 987 629 ve-

219 651 317 690 niale,
336 651 468 682 mortale
483 652 529 682 fit.

260 706 288 735 5.
306 705 353 735 Ad
369 705 445 736 illud
461 705 545 745 quod
560 705 720 745 objicitur,
738 706 822 746 quod
838 715 894 746 per
911 706 991 737 mul-

220 758 404 795 titudinem,
420 761 493 796 etc.,
510 759 678 789 dicendum
696 759 780 798 quod
800 761 845 789 est
867 759 991 790 infinita

220 812 398 852 proportio,
417 820 481 842 non
495 811 570 851 quia
585 814 691 842 motus
710 814 755 842 est
772 812 916 842 infinitus
940 812 988 842 in-

219 865 375 901 tensione,
397 865 451 896 sed
473 865 688 905 reputatione,
710 865 789 895 sicut
807 867 891 905 patet
906 865 939 895 in
953 874 990 896 eo

219 919 273 958 qui
288 918 394 958 diligit
408 919 506 950 Deum
521 928 560 950 ex
582 919 733 950 charitate
756 930 762 949 :
789 919 860 959 plus
885 919 991 958 diligit

220 972 335 1010 Deum,
352 981 447 1012 quam
466 972 632 1002 denarium
655 982 756 1002 unum
776 973 871 1002 etiam
891 974 929 1010 (a)
958 973 989 1003 in

218 1025 380 1056 infinitum
392 1025 638 1065 multiplicatum
657 1036 662 1056 z
686 1026 769 1056 unde
791 1035 875 1056 unus
897 1035 989 1056 amor

218 1079 273 1117 qui
291 1080 335 1108 est
350 1079 432 1108 infra
448 1078 545 1108 Deum
556 1103 563 1116 ,
581 1088 746 1118 nunquam
766 1079 987 1117 comparabilis

218 1134 262 1162 est
278 1132 380 1162 amori
399 1132 454 1171 qui
474 1134 520 1162 cst
538 1141 616 1171 erga
634 1131 669 1170 (b)
692 1132 791 1162 Deum
813 1132 989 1163 secundum

218 1184 315 1215 istum
331 1185 472 1216 modum.

257 1240 286 1268 6.
305 1238 352 1269 Ad
372 1238 448 1269 illud
469 1239 554 1278 quod
578 1238 736 1278 objicitur,
759 1238 843 1278 quod
867 1238 990 1269 veniale

218 1294 264 1322 est
288 1294 461 1331 quantum,
485 1292 653 1323 dicendum
673 1292 758 1331 quod
779 1292 989 1331 quemadmo—

219 1345 294 1375 dum
311 1345 394 1375 linea
416 1347 463 1375 est
482 1346 514 1376 in
534 1355 567 1376 se
590 1347 726 1385 quanta,
750 1345 804 1375 sed
827 1354 991 1385 compara-

220 1398 304 1429 tione
319 1399 497 1438 superficiei
513 1408 576 1429 non
594 1399 689 1429 habet
703 1399 930 1438 quantitate1113
948 1399 991 1429 sic

220 1452 359 1487 veniale,
377 1452 435 1482 etsi
449 1453 487 1483 de
509 1462 542 1483 se
562 1454 720 1492 quantum
743 1453 799 1489 sit,
826 1462 991 1492 compara-

219 1505 303 1536 tione
318 1508 425 1536 tamen
440 1506 582 1536 mortalis
597 1508 682 1536 caret
698 1506 886 1545 quantitate.

259 1561 287 1588 7.
306 1559 353 1589 Ad
368 1559 444 1590 illud
461 1560 545 1599 quod
558 1560 705 1599 objicitur
723 1560 759 1590 de
775 1560 989 1598 dispositione,

219 1612 388 1643 dicendum
402 1612 486 1652 quod
504 1612 650 1643 voluntas
666 1621 789 1651 semper
804 1612 901 1642 libere
920 1621 991 1643 mo—

219 1667 312 1695 vetur
331 1676 337 1695 :
361 1668 391 1695 et
412 1666 481 1696 ideo
505 1675 568 1696 non
594 1665 771 1705 disponitur
786 1665 990 1704 dispositione

219 1727 292 1757 quae
307 1718 346 1748 sit
362 1718 528 1748 necessitas
539 1743 546 1756 ,
564 1719 617 1749 sed
638 1721 763 1749 tantum
787 1718 991 1758 dispositione

218 1780 290 1810 quae
305 1773 351 1802 est
369 1771 510 1812 pronitas
526 1782 532 1802 z
551 1781 615 1801 non
640 1772 684 1801 sic
698 1774 828 1809 natura,
854 1781 928 1812 quae
953 1772 991 1802 ad

218 1834 315 1855 unam
328 1827 451 1865 partem
466 1827 513 1855 est
527 1825 744 1855 determinata.
770 1825 805 1855 Et
829 1825 887 1855 alia
911 1826 991 1856 ratio

217 1880 264 1908 est
279 1878 310 1908 in
328 1878 462 1908 habente
478 1878 680 1916 charitatem,
698 1878 771 1917 quia
793 1881 990 1909 sustentatur

216 1941 234 1961 a
246 1931 363 1961 virtute
377 1931 498 1961 infinita
512 1942 518 1961 z
534 1933 565 1961 et
578 1932 648 1962 talis
660 1940 715 1971 per
726 1931 851 1962 nullum
865 1932 988 1971 pondus

217 1984 418 2024 compellitur
434 1984 543 2015 cadere
559 1985 647 2016 salva
661 1985 889 2015 sustentatione
904 1996 910 2015 ε
930 1994 990 2015 vo-

217 2037 323 2067 luutas
337 2037 422 2067 enim
438 2046 562 2077 semper
584 2038 685 2068 libera
708 2040 767 2075 est;
794 2040 824 2068 et
847 2038 991 2078 quandiu

217 2093 267 2121 est
281 2091 314 2120 111
330 2088 401 2128 via,
415 2091 570 2121 vertibilis
585 2094 630 2122 est
650 2100 657 2121 :
683 2093 713 2121 et
731 2091 801 2121 ideo
825 2100 991 2131 nunquam

218 2143 454 2181 inevitabiliter,
478 2144 556 2174 dum
579 2146 625 2174 est
649 2144 683 2174 in
703 2144 775 2181 via,
801 2144 840 2174 ad
867 2144 990 2175 malum

219 2197 320 2236 culpae
335 2197 514 2236 disponitur
528 2208 533 2227 :
551 2199 581 2227 et
595 2197 637 2227 sic
652 2199 739 2236 patet
756 2197 846 2227 illud.

252 2268 257 2281 ¹
274 2267 313 2296 Cf.
330 2267 400 2290 Alex.
416 2267 510 2298 Ateus„
527 2274 552 2298 p.
568 2268 610 2298 lv,
627 2275 652 2298 ¹1¹
668 2274 731 2298 xvii,
746 2268 843 2291 memb.
859 2270 883 2297 3‚
898 2270 944 2292 art.
961 2270 991 2299 ὃς

221 2304 247 2327 S.
271 2302 371 2331 Thom.‚
393 2310 418 2333 p.
442 2303 489 2333 ΙΙΙ,
510 2310 535 2334 q.
559 2309 681 2334 Lxxxwi,
700 2307 746 2327 art.
772 2306 796 2334 ¹3
815 2306 840 2328 ct
859 2305 890 2328 IV
914 2304 992 2335 Sunt„

221 2339 278 2363 dist.
293 2344 346 2369 xvi,
365 2346 389 2369 q.
414 2345 443 2370 11,
463 2342 510 2363 art.
530 2341 553 2370 2,
568 2346 593 2370 q.
616 2346 650 2370 1¹3
668 2339 759 2366 Thon).
775 2341 845 2370 Arg.y
863 2340 892 2364 lV
914 2341 992 2367 Sent„

221 2374 276 2397 dist.
298 2380 354 2403 XVI,
382 2381 406 2405 q.
430 2380 452 2404 1,
471 2377 517 2399 art.
540 2376 570 2405 ι1;
591 2375 677 2405 Steph.
711 2375 814 2406 Brutos„
846 2376 876 2399 tv
913 2375 993 2404 Seni„

221 2409 279 2433 dist.
289 2415 361 2439 xxvl,
374 2416 399 2440 q.
414 2416 470 2440 xvm
486 2411 551 2434 Petr.
564 2411 594 2434 de
605 2411 717 2440 Taraut„
731 2411 762 2434 lv
776 2412 854 2441 sent„
868 2410 924 2434 dist..
940 2417 993 2442 xm,

221 2452 246 2475 q.
262 2451 321 2474 xw3
337 2445 412 2469 Gabr.
429 2446 500 2475 Bielr,
518 2446 548 2470 IV
563 2447 641 2476 Seni„
652 2446 708 2470 dist.
723 2452 775 2474 xvi,
789 2453 814 2477 q.
832 2453 849 2470 1.
860 2459 889 2463 -
901 2447 992 2477 ²Aug.,

221 2480 263 2504 lib.
280 2481 296 2503 L
318 2481 418 2511 Homil„
434 2481 504 2505 bom.
518 2488 540 2511 L,
559 2482 591 2506 al.
607 2489 683 2507 serm.
695 2487 775 2506 eccm.
790 2489 815 2505 n.
829 2482 851 2505 6,

254 2525 285 2556 (α)
300 2525 361 2550 Coet.
377 2525 426 2549 edit
441 2527 466 2549 et
480 2532 564 2557 quam.
576 2539 606 2544 -
623 2526 655 2556 (b)
670 2526 730 2550 Coet.
745 2526 805 2550 edil.
822 2533 906 2556 supra.

777 155 1087 188 SENTENTIARUM
1108 157 1182 189 LIB.
1204 157 1253 189 IV.

1309 278 1490 316 QUAESTIO
1514 279 1550 310 11.

1134 363 1179 387 An
1195 362 1254 395 quis
1269 362 1388 387 teneatur
1396 362 1522 395 poenitere
1533 360 1564 387 de
1578 361 1678 388 veniali
1692 365 1708 388 ¹.

1086 440 1128 471 De
1143 440 1326 480 poenitentia
1343 440 1517 471 venialium
1533 443 1689 480 quantum
1703 440 1743 470 ad
1757 449 1815 471 ne-

1046 494 1220 525 cessitatem
1238 495 1385 533 remedii·,
1411 498 1439 525 et
1463 497 1508 525 est
1533 495 1682 535 quaestio,
1707 496 1816 525 utrum

1045 547 1117 587 quis
1132 549 1276 578 teneatur
1292 549 1446 588 poenitere
1463 548 1499 578 de
1522 548 1636 578 veniali
1647 559 1654 585 ;
1679 550 1710 578 et
1732 547 1816 588 quod

1045 601 1099 638 sic,
1117 601 1252 639 videtur,
1269 602 1345 641 quia
1368 601 1561 641 impossibile
1578 603 1624 632 est
1644 601 1761 632 intrare
1783 601 1817 631 in

1046 653 1198 693 gloriam,
1220 654 1280 684 nisi
1304 655 1426 685 veniale
1451 655 1631 685 remittatur
1651 663 1659 685 t
1684 654 1737 685 sed
1757 663 1817 685 ve-

1046 707 1128 737 niale
1141 709 1186 738 est
1206 707 1328 738 actuale
1352 710 1512 747 peccatum
1525 732 1533 746 ‚
1560 709 1590 738 et
1612 708 1652 738 ab
1674 707 1728 738 illo
1751 716 1816 738 non

1043 761 1234 800 ,iustificatur
1257 762 1317 791 nisi
1336 771 1391 801 per
1413 761 1628 801 poenitentiam
1644 772 1650 791 :
1667 769 1747 800 ergo
1764 770 1818 792 ne-

1046 823 1130 844 cesse
1145 816 1191 844 est
1204 815 1367 854 poenitere.

1087 867 1163 897 Item
1184 867 1310 907 aliquod
1333 870 1379 898 est
1402 868 1539 905 veniale,
1564 868 1647 907 quod
1670 877 1726 908 per
1741 876 1815 897 con-

1045 930 1174 951 sensum
1190 921 1225 950 fit
1241 921 1372 951 mortale
1386 932 1392 950 2
1407 930 1485 954 ergo
1496 921 1602 960 aliqua
1613 923 1686 951 sunt
1699 921 1732 951 in
1745 929 1817 961 quae

1046 976 1191 1004 tenemur
1217 974 1399 1011 dissentire,
1428 983 1467 1004 ne
1492 974 1569 1004 siant
1591 985 1597 1004 :
1625 983 1705 1013 ergo
1731 976 1815 1014 post-

1045 1036 1141 1066 quam
1166 1027 1238 1056 talia
1254 1029 1329 1057 sunt
1344 1027 1523 1064 commissa,
1538 1029 1686 1058 tenemur
1700 1027 1819 1058 dissen-

1046 1080 1113 1117 tire,
1131 1082 1161 1110 et
1176 1080 1213 1110 de
1226 1080 1270 1109 eis
1286 1080 1390 1110 dolere
1407 1090 1414 1110 :
1431 1090 1510 1118 crgo
1525 1083 1555 1110 et
1570 1081 1733 1120 poenitere.

1087 1133 1164 1163 Item
1199 1133 1368 1163 multitudo
1403 1133 1575 1164 venialium
1604 1134 1642 1164 de
1671 1134 1817 1174 proximo

1045 1185 1182 1225 disponit
1203 1185 1241 1215 ad
1261 1185 1412 1223 mortale,
1437 1186 1509 1216 licet
1533 1195 1598 1216 non
1622 1187 1815 1218 necessario:

1047 1248 1126 1278 ergo
1143 1239 1198 1278 qui
1214 1239 1341 1269 dimittit
1358 1239 1493 1269 venialia
1507 1239 1539 1269 in
1553 1248 1585 1269 se
1600 1239 1815 1279 multiplicari,

1047 1293 1210 1323 committit
1224 1302 1256 1322 se
1267 1280 1440 1322 discrimini
1458 1303 1463 1321 ;
1479 1292 1533 1322 sed
1543 1300 1653 1322 omnes
1668 1294 1818 1324 tenentur

1047 1355 1110 1377 non
1126 1347 1321 1376 committere
1337 1355 1369 1376 se
1386 1346 1561 1376 discrimini
1579 1357 1585 1376 :
1604 1355 1694 1385 ergo,
1710 1348 1769 1376 etc.

1088 1400 1182 1437 Item,
1199 1399 1282 1439 quod
1298 1408 1392 1439 poena
1407 1399 1545 1430 exterior
1565 1400 1603 1430 sit
1623 1400 1816 1438 necessaria,

1048 1453 1174 1483 videtur
1189 1463 1195 1482 :
1214 1452 1290 1492 quia
1305 1453 1379 1482 dicit
1394 1452 1544 1491 Magister
1559 1453 1591 1482 iu
1603 1452 1717 1490 littera,
1733 1452 1817 1492 quod

1047 1510 1092 1537 est
1111 1508 1219 1545 pectus
1240 1505 1498 1545 percutiendum,
1522 1508 1552 1536 et
1574 1505 1820 1545 quantulacum-

1049 1569 1110 1599 que
1127 1568 1219 1599 poena
1236 1558 1431 1589 sustinenda.

1089 1612 1166 1641 Item
1182 1611 1381 1650 Augustinus
1397 1611 1527 1650 loquens
1547 1611 1585 1641 de
1606 1612 1745 1651 periculo
1762 1621 1819 1643 ve-

1048 1665 1181 1696 nialium
1197 1666 1208 1681 ²
1226 1676 1232 1694 :
1255 1664 1425 1703 «jejunia,
1447 1664 1565 1704 inquit,
1588 1667 1618 1695 et
1641 1665 1817 1703 orationes,

1048 1721 1079 1749 et
1087 1718 1296 1757 eleemosynae
1311 1717 1491 1756 invigilent.
1503 1729 1517 1745 n

1088 1772 1148 1802 Sed
1170 1773 1278 1801 contra
1301 1782 1307 1801 :
1337 1770 1414 1807 Quae
1437 1779 1502 1800 non
1527 1772 1673 1801 tenemur
1697 1771 1796 1802 vitare
1810 1795 1818 1809 ‚

1048 1834 1111 1856 non
1124 1827 1271 1855 tenemur
1285 1824 1323 1854 de
1348 1823 1398 1853 his
1421 1824 1574 1863 poenitere
1591 1835 1597 1854 ι
1620 1824 1679 1855 hoc
1698 1827 1819 1856 certum

1048 1881 1111 1916 est,
1129 1878 1202 1918 quia
1218 1878 1298 1908 sicut
1313 1877 1417 1907 virtus
1439 1877 1632 1916 poenitentiae
1647 1878 1817 1908 detestatur

1048 1932 1183 1969 factum,
1201 1931 1244 1961 ita
1258 1933 1346 1961 cavet
1364 1930 1563 1960 faciendum:
1580 1930 1634 1961 sed
1652 1930 1726 1961 talia
1745 1933 1819 1962 sunt

1050 1984 1186 2015 venialia
1201 1995 1206 2014 :
1225 1993 1315 2023 erge,
1333 1985 1391 2014 etc.

1089 2038 1167 2068 Item
1190 2037 1228 2067 ad
1252 2036 1331 2066 nihil
1357 2038 1515 2074 tenemur,
1540 2037 1607 2067 siue
1630 2045 1694 2076 quo
1717 2038 1818 2076 potest

1049 2101 1116 2122 esse
1129 2091 1265 2121 charitas
1284 2101 1289 2120 :
1308 2090 1362 2120 sed
1377 2090 1514 2120 charitas
1538 2092 1639 2129 potest
1662 2099 1729 2120 esse
1751 2090 1819 2120 sine

1049 2145 1201 2175 deletione
1218 2143 1410 2180 venialium,
1427 2143 1503 2182 quia
1527 2144 1588 2173 stat
1612 2151 1686 2173 cum
1710 2142 1817 2173 venia-

1049 2199 1133 2229 libus
1151 2209 1157 2228 :
1172 2206 1251 2236 ergo
1263 2197 1301 2227 de
1315 2196 1492 2227 venialibus
1511 2205 1574 2226 non
1590 2198 1736 2227 tenemur
1751 2204 1818 2236 poe-

1049 2252 1159 2282 nitere.

1090 2304 1167 2334 Item
1183 2312 1247 2334 non
1260 2306 1370 2333 teneor
1385 2302 1538 2342 poenitere
1554 2302 1592 2332 de
1607 2301 1667 2332 hoc
1683 2302 1818 2340 veniali,

1050 2366 1107 2387 nec
1119 2357 1156 2386 de
1172 2356 1240 2393 illo·‚
1257 2358 1288 2386 et
1302 2356 1345 2385 sic
1360 2355 1398 2385 de
1413 2354 1501 2385 aliis:
1519 2354 1586 2394 pari
1606 2363 1684 2393 ergo
1700 2354 1820 2386 ratione

1050 2411 1088 2442 de
1109 2410 1209 2440 nullo.

1091 2464 1169 2494 Item
1186 2463 1269 2503 quod
1285 2471 1348 2493 non
1365 2462 1515 2492 debeatur
1530 2461 1646 2491 veniali
1662 2469 1755 2501 poena
1768 2469 1819 2492 ex—

1050 2517 1156 2554 terior,
1172 2516 1298 2547 videtur
1313 2526 1319 2546 :
1334 2515 1409 2555 quia
1422 2514 1545 2545 veniale
1561 2516 1607 2545 est
1621 2514 1728 2545 minus
1738 2522 1819 2544 mor-

1051 2570 1105 2600 tali
1125 2570 1158 2599 in
1173 2568 1334 2599 infinitum
1350 2567 1421 2598 :sed
1437 2566 1564 2598 mortali
1578 2566 1709 2597 debetur
1724 2574 1818 2606 poena

1054 2623 1142 2655 finita
1154 2622 1291 2654 exterior
1309 2633 1315 2652 :
1333 2630 1411 2661 ergo
1423 2619 1539 2653 veniali
1553 2619 1649 2652 nulla.

1834 445 1866 466 Ad
1885 452 1936 472 opp.

2002 1368 2017 1929 1

2008 2035 2017 2148 ιι,-
