2017 2948
121 1539 202 1565 opinio-

127 1570 160 1590 nis
172 1572 192 1589 2.

229 145 286 173 316

228 209 371 248 ejusdem
394 211 527 250 speciei,
553 212 647 242 etiam
672 213 756 252 quod
783 213 927 243 futurum
954 211 1001 239 est

228 271 329 302 usque
343 262 383 294 ad
399 263 497 294 multa
512 266 654 305 tempora
671 276 678 295 :
699 267 730 295 ct
744 266 803 295 hoc
822 273 879 304 per
900 262 999 293 solam

228 316 455 348 institutionem
471 320 499 347 et
515 318 746 348 ordinationem
758 342 765 355 ,
786 327 850 348 non
870 326 926 357 per
941 315 998 346 ali-

227 370 321 409 anus
336 370 463 400 virtutis
477 371 605 401 alterins
620 371 828 401 collationem.
847 370 897 400 Sic
912 369 1000 399 intel-

225 423 391 462 ligendum
414 423 448 453 in
473 424 652 463 proposito,
670 424 821 463 qnoniam
848 423 1000 453 Dominus

226 477 311 506 tactu
333 476 437 506 carnis
459 477 587 507 {nundin
611 476 697 507 (ledit
715 477 779 506 vim
803 476 911 516 aquis,
935 484 1000 505 non

226 529 303 568 quia
320 529 477 559 munditia
493 529 639 560 transiret
657 539 675 559 a
690 538 785 560 carne
804 529 837 559 iu
860 538 976 569 aquam
990 553 997 566 ,

226 584 280 615 sed
298 584 387 624 quia,
405 593 478 614 cum
496 584 647 615 Dominus
662 586 743 615 esset
767 584 905 614 muudus
917 607 924 620 ‚
938 592 998 613 vo-

226 637 286 667 luit
306 637 345 667 ob
360 637 439 668 nihil
461 637 544 668 aliud
562 638 595 667 in
611 647 726 677 aquarn
743 638 868 677 mergi,
886 637 947 667 nisi
963 638 1000 667 ut

226 690 279 720 illa
294 691 450 721 mersione
466 700 549 730 aqua
564 691 697 721 haberet
712 691 804 721 istam
820 690 998 721 ordinatio-

226 753 310 775 nem.
326 744 413 775 Unde
425 769 432 782 ,
450 745 475 774 si
496 753 579 784 aqna
595 747 755 775 crearetur
770 745 807 775 de
823 753 907 775 novo
920 753 997 774 con-

225 797 337 828 similis
352 797 401 827 isti
425 797 458 827 in
483 798 604 837 specie,
630 798 722 829 credo
746 798 832 837 quod
854 797 998 828 eamdem

225 851 355 882 haberet
369 851 600 881 ordinationem
612 875 622 889 ,
638 853 668 881 et
683 852 827 882 eamdem
839 851 997 882 diceretur

224 904 342 935 habere
365 904 530 935 virtutem.
560 904 597 935 Et
621 905 647 935 si
675 907 711 935 tu
734 905 866 945 oincias
890 904 970 935 mihi
990 915 995 935 z

229 969 243 987 (ι
258 958 366 989 Omnis
386 958 497 989 relatio
519 958 672 989 fundatur
687 968 782 998 super
801 958 920 998 aliquid
941 958 996 988 ab·

225 1011 376 1049 solutum,
389 1020 425 1041 eo
437 1011 519 1051 quod
531 1011 650 1051 aliquid
661 1011 842 1042 absolutum
858 1012 895 1042 de
914 1020 998 1042 novo

224 1066 353 1096 advenit
377 1077 384 1096 ε
410 1075 488 1105 ergo
512 1066 536 1095 si
560 1066 629 1097 hinc
652 1067 827 1104 ordinatio,
854 1075 927 1106 quae
950 1070 996 1097 est

223 1119 348 1156 relatio,
365 1118 510 1156 advenit,
529 1119 667 1158 oportuit
679 1119 798 1158 aliquid
811 1119 994 1150 absolutum

224 1171 291 1201 dari
309 1181 316 1201 :
332 1182 346 1199 n
365 1171 534 1201 dicendum
548 1171 631 1210 quod
649 1171 725 1201 illud
742 1181 806 1202 non
822 1172 917 1203 hahet
937 1182 991 1204 ve-

222 1224 347 1254 ritatem
374 1224 406 1254 in
436 1224 642 1254 relationibus
675 1224 863 1255 voluntariis
886 1249 895 1262 ,
922 1226 998 1265 quia

223 1286 376 1308 nummus
394 1301 401 1315 ,
428 1279 462 1308 ut
489 1277 564 1307 dicit
591 1278 834 1317 Augustinuw,
854 1279 922 1309 sine.
948 1279 997 1310 sui

223 1331 399 1361 mutatione
422 1332 456 1361 fit
471 1331 592 1370 pignus
607 1342 614 1361 τ
632 1333 662 1361 et
676 1331 822 1362 similiter
834 1332 904 1363 haec
919 1342 993 1370 vox,

225 1383 317 1420 huba,
333 1383 401 1413 sine
416 1384 464 1414 sui
479 1384 653 1414 mutatione
668 1386 770 1424 potest
783 1385 851 1415 fieri
867 1385 997 1424 signifi-

225 1437 326 1468 cativa
343 1449 349 1468 :
368 1437 512 1467 similiter
526 1439 555 1468 et
573 1439 604 1468 in
627 1438 787 1477 proposito
812 1438 995 1478 intelligen-

155 1508 200 1528 ,ἡ
225 1491 312 1521 dum.
331 1490 368 1521 Et
381 1491 453 1521 licet
468 1493 602 1530 utraque
623 1491 741 1521 harum
755 1491 942 1531 opinionum
957 1492 997 1523 sit

225 1544 378 1575 catholica
389 1546 419 1575 et
435 1545 617 1584 probabitis3
630 1545 699 1575 haec
712 1546 817 1575 tamen
832 1547 878 1575 est
892 1545 998 1584 magis

226 1598 434 1637 intelligibilis
446 1622 454 1636 ,
472 1600 502 1628 et
525 1606 663 1628 consona
685 1600 866 1628 sanctorum
884 1600 995 1630 aucto-

225 1651 379 1681 ritatibus,
406 1650 559 1681 Dicuntur
583 1650 669 1681 enim
693 1659 786 1690 aquae
815 1651 994 1689 mundatae,

225 1705 255 1733 et
270 1703 483 1741 sanctificatae,
501 1705 531 1733 et
548 1703 702 1734 virtuosae
715 1703 851 1740 effectae,
867 1703 943 1743 quia
958 1704 997 1734 ad

225 1757 503 1787 sanctificationem
518 1757 635 1787 animae
648 1759 677 1787 et
692 1757 881 1787 munditiam
897 1758 998 1787 effica-

226 1810 302 1840 citer
318 1812 392 1840 sunt
407 1810 571 1846 ordinatae,
587 1819 651 1840 non
665 1809 840 1840 faciendam
853 1810 892 1840 ab
907 1810 994 1850 ipsis,

225 1862 280 1892 sed
296 1862 529 1902 suscipiendam
547 1865 576 1892 et
591 1862 727 1893 dandam
742 1862 775 1892 in
793 1862 871 1902 ipsis
894 1872 913 1893 a
936 1863 998 1894 Deo

225 1915 285 1954 ipsi
309 1915 432 1945 homini
455 1915 644 1955 baptizando
663 1926 669 1945 :
695 1917 726 1946 et
747 1915 790 1945 sic
811 1916 998 1955 exponenda

226 1969 299 1998 sunt
309 1968 497 1999 consimilia.
509 1968 535 1999 N
538 1978 571 1999 ec
583 1970 630 1999 est
642 1968 899 2007 intelligendum,
913 1968 999 2008 quod

226 2020 332 2060 aliqua
347 2021 427 2051 actio
442 2022 481 2051 sit
501 2021 540 2051 ab
562 2021 654 2061 aquis
676 2021 709 2051 in
728 2021 879 2051 animam.
898 2022 998 2061 Aquae

227 2073 313 2104 enim
334 2073 397 2104 illae
420 2083 483 2104 non
506 2074 625 2104 habent
648 2073 774 2113 proprie
789 2074 940 2104 virtutem
960 2074 999 2104 il-

226 2127 290 2157 lam
302 2150 311 2164 ,
328 2136 386 2157 nec
407 2127 619 2166 operationem
633 2138 640 2165 3
658 2127 711 2157 sed
727 2136 838 2157 earum
852 2127 955 2158 virtus
969 2130 1000 2158 et

225 2179 305 2209 actio
328 2181 375 2209 est
396 2180 511 2209 efficax
537 2180 694 2210 ordinatio
709 2204 717 2218 ,
744 2180 796 2210 vel
823 2180 998 2211 secundum

226 2234 351 2270 actum,
368 2232 419 2263 vel
436 2233 611 2263 secundum
634 2233 779 2264 habitum
797 2244 804 2264 ε
821 2235 851 2264 et
871 2234 915 2264 sie
934 2243 999 2264 non

226 2285 345 2316 habent
357 2285 563 2324 calumniam,
578 2296 651 2326 quae
661 2287 743 2317 cirea
756 2287 823 2318 haec
838 2287 996 2318 dicuntur.

461 2404 701 2437 ARTICULUS
726 2405 766 2437 11.

269 2497 430 2534 Quantum
446 2497 485 2528 ad
505 2497 681 2528 secundum
702 2497 874 2528 articulum
885 2523 892 2534 ,
909 2508 1000 2538 quae—

229 2550 311 2581 ritur
326 2550 464 2582 secundo
479 2550 516 2580 de
532 2550 680 2590 baptismi
696 2550 831 2580 instituti
846 2551 998 2582 adminis-

261 2613 266 2625 Ι
281 2613 397 2642 August.,
413 2612 442 2635 dc
462 2613 560 2642 Trinit.y
575 2612 618 2638 lib.
638 2613 667 2643 n,
683 2619 706 2637 c.
728 2618 787 2643 xv1;
804 2612 833 2636 de
850 2613 927 2638 Civis.
945 2614 1000 2644 Dei,

785 139 1094 177 SENTENTIARUM
1115 139 1191 171 ΜΒ.
1212 140 1263 172 lv.

1055 206 1208 245 tratione,
1230 217 1302 248 quae
1328 209 1363 239 fit
1391 210 1424 240 in
1444 211 1569 250 parvuli
1594 213 1822 256 immersioue;

1055 263 1085 291 et
1100 261 1183 291 circa
1197 261 1257 292 hoc
1276 262 1340 293 duo
1355 267 1546 303 quaeruntur
1564 276 1570 297 ε
1588 267 1691 306 primo
1705 271 1824 310 quaeri-

1055 316 1108 344 tur
1122 315 1246 354 quoties
1261 319 1401 356 oporteat
1418 319 1519 357 mergi
1533 330 1540 356 3
1561 321 1699 352 secundo
1723 332 1826 362 quan-

1057 369 1138 397 tum.

1327 431 1505 468 ouesrio
1529 433 1552 463 1.

1071 506 1116 532 An
1131 508 1204 533 trina
1221 508 1354 534 immersio
1373 510 1410 534 sit
1425 509 1457 536 de
1470 511 1625 544 integritate
1639 513 1775 548 Baptismi
1787 513 1807 542 ².

1094 583 1182 620 Quod
1210 584 1308 614 semel
1338 587 1462 616 tantum
1484 587 1523 617 sit
1544 588 1822 630 immergendum,

1055 636 1178 667 videtur
1194 636 1204 653 ³
1220 647 1226 667 τ
1245 637 1283 668 cle
1303 640 1555 678 consecratione,
1577 643 1609 672 et
1629 651 1669 672 ex
1691 643 1824 675 concilio

1053 689 1202 721 Toletano
1215 694 1225 709 ⁵
1245 700 1252 722 :
1275 691 1436 732 «Propter
1461 694 1626 726 vitandum
1651 696 1827 728 schismatis

1053 743 1236 775 scandalum
1253 769 1260 782 ,
1287 745 1335 775 vel
1362 745 1500 777 haeretici
1525 747 1682 787 dogmatis
1707 759 1825 787 usum,

1053 796 1199 836 simplam
1217 800 1360 828 tenemus
1378 799 1416 837 (a)
1435 800 1632 839 baptismatis
1647 802 1825 834 immersio-

1053 858 1136 880 nem.
1152 860 1165 877 n
1184 849 1270 890 Ergo
1283 851 1408 882 videtur
1423 853 1507 892 quod
1519 853 1707 886 haereticum
1722 855 1763 886 sit
1776 858 1824 887 ter

1054 911 1210 942 mergere.

1094 959 1123 987 ⁶2.
1144 956 1221 987 Item
1232 958 1352 988 ratione
1364 959 1500 998 videtur,
1516 960 1590 1000 quia
1605 961 1674 992 haec
1690 963 1737 992 est
1748 971 1826 994 vera

1054 1019 1109 1050 per
1124 1011 1291 1041 essentiam
1310 1023 1316 1042 :
1340 1023 1354 1040 «
1370 1012 1548 1052 Baptismus
1563 1017 1609 1045 est
1624 1015 1754 1053 ablutio,
1772 1016 1823 1048 vel

1054 1064 1162 1094 tinctio
1179 1065 1211 1094 in
1226 1074 1309 1104 aqua
1327 1075 1334 1096 :
1357 1076 1371 1094 »
1391 1075 1471 1105 ergo
1486 1069 1516 1097 et
1538 1067 1652 1107 triplex
1666 1069 1725 1100 erit
1748 1069 1826 1110 bap-

1053 1118 1182 1149 tismus:
1195 1128 1274 1157 ergo
1289 1119 1314 1148 si
1329 1119 1416 1150 nullo
1435 1120 1528 1150 modo
1543 1120 1615 1151 licet
1630 1121 1826 1161 baptismum

1052 1172 1177 1210 iterari,
1195 1172 1283 1202 nullo
1300 1173 1394 1203 modo
1411 1172 1481 1203 licet
1496 1175 1543 1203 ter
1558 1174 1676 1212 mergi.

1094 1228 1122 1256 3.
1141 1224 1234 1262 item,
1251 1225 1311 1255 ista
1331 1225 1394 1256 duo
1411 1226 1573 1256 sufficiunt
1587 1249 1595 1262 ‚
1617 1226 1752 1257 verbnm
1767 1228 1828 1258 sci-

1052 1278 1124 1308 licet
1136 1302 1143 1316 ,
1161 1280 1191 1308 et
1206 1278 1399 1308 elementum
1415 1289 1422 1308 ι
1441 1281 1471 1309 et
1486 1278 1513 1308 si
1529 1280 1696 1318 mergatur
1710 1279 1824 1317 semel,

1053 1334 1083 1362 et
1106 1332 1132 1362 si
1158 1331 1337 1372 proferatur
1359 1330 1475 1369 semel,
1501 1334 1546 1362 est
1571 1331 1700 1371 plenum
1722 1341 1826 1363 sacra-

1053 1386 1197 1415 mentnm
1216 1395 1222 1415 :
1240 1393 1317 1424 ergo
1333 1384 1358 1414 si
1373 1384 1508 1424 amplius
1523 1376 1680 1423 mergitur
1701 1384 1737 1424 (b)
1751 1409 1760 1423 ,
1777 1394 1828 1416 su-

1053 1437 1203 1477 perfluit:
1221 1446 1298 1476 ergo
1322 1446 1386 1467 non
1410 1437 1503 1468 debet
1524 1437 1582 1467 nisi
1599 1437 1695 1468 semel
1711 1437 1826 1477 mergi.

1092 1492 1123 1521 4.
1141 1490 1218 1521 Item
1240 1490 1398 1530 quaeritur
1410 1514 1417 1528 ,
1434 1499 1532 1530 quare
1548 1490 1651 1529 magis
1665 1492 1713 1520 ter
1728 1499 1825 1530 quam

1052 1543 1112 1573 bis.
1133 1543 1165 1573 Si
1180 1543 1265 1574 dicas
1284 1543 1368 1583 quod
1383 1543 1591 1573 binariusest
1607 1552 1762 1574 numerus
1776 1543 1825 1574 in-

1052 1597 1164 1634 famis,
1181 1597 1255 1636 quia
1279 1596 1395 1627 recedit
1419 1596 1459 1626 ab
1481 1596 1622 1634 unitate,
1639 1596 1749 1628 eadem
1773 1606 1827 1628 ra-

1052 1651 1138 1682 tione
1160 1653 1207 1680 est
1230 1650 1416 1688 laudabilis,
1434 1650 1508 1690 quia
1528 1650 1647 1680 accedit
1674 1650 1824 1681 maxime.

1094 1703 1155 1734 Sed
1179 1706 1288 1734 contra
1306 1714 1312 1734 :
1331 1702 1561 1743 Hieronymus,
1577 1711 1673 1743 super
1692 1703 1724 1733 Ε
1723 1704 1824 1743 pisto·

1054 1758 1118 1789 lam
1132 1756 1176 1788 ad
1192 1757 1411 1797 Philippenses
1424 1757 1434 1773 ⁵
1451 1767 1458 1787 ι
1478 1768 1492 1785 α
1507 1756 1543 1787 ln
1558 1755 1665 1795 Patre,
1682 1758 1714 1787 et
1728 1756 1823 1795 Filio,

1053 1813 1084 1841 et
1100 1810 1219 1850 Spiritu
1235 1813 1344 1841 sancto
1359 1811 1576 1850 baptizamur,
1593 1813 1624 1841 et
1640 1812 1688 1841 ter
1703 1809 1828 1849 mergi-

1054 1873 1147 1902 mur,
1173 1866 1209 1895 ut
1232 1863 1395 1895 Trinitatis
1418 1872 1522 1894 unum
1546 1865 1696 1903 appareat
1719 1871 1828 1894 sacra-

1054 1918 1211 1948 mentum.
1227 1928 1242 1945 »

1094 1970 1172 2002 Item
1204 1970 1354 2010 Pelagius
1381 1969 1556 2001 Gaudentio
1580 1969 1758 2010 Episcopo,
1788 1969 1828 2002 de

1054 2024 1287 2056 consecratione
1302 2024 1335 2054 ⁶:
1356 2034 1369 2052 a
1390 2022 1620 2062 Evangelicum
1644 2031 1719 2054 vero
1741 2031 1828 2063 prae·

1055 2079 1182 2117 ceptum
1202 2101 1210 2114 ,
1237 2077 1305 2116 ipso
1330 2076 1392 2107 Deo
1412 2100 1420 2114 ,
1446 2078 1476 2107 et
1505 2076 1638 2106 Domino
1665 2075 1828 2108 Salvatore

1055 2132 1162 2160 nostro
1186 2128 1259 2160 Jesu
1280 2129 1403 2159 Christo
1427 2129 1568 2165 dicente,
1585 2128 1635 2159 vel
1659 2129 1822 2168 tradente,

1055 2192 1113 2214 nos
1126 2183 1291 2221 admonet,
1309 2184 1344 2213 ut
1359 2182 1389 2213 in
1414 2182 1543 2213 nomine
1558 2181 1718 2214 Trinitatis
1742 2184 1827 2215 trina

1056 2254 1098 2278 lib.
1116 2254 1178 2283 xx1‚
1195 2261 1217 2277 c.
1234 2253 1362 2278 xum—²
1378 2253 1419 2283 Cf.
1436 2254 1504 2277 Alex.
1518 2254 1615 2283 Alens.‚
1630 2261 1655 2285 p.
1672 2255 1714 2284 lv,
1727 2262 1752 2286 q.
1769 2261 1826 2284 νιΙΙ,

1056 2289 1149 2313 memb.
1165 2290 1188 2320 3,
1204 2289 1356 2319 a1>t.i,§2;
1374 2290 1400 2313 S.
1416 2289 1517 2316 Thour,
1529 2296 1554 2319 p.
1567 2290 1608 2320 ΙΙΙ,
1624 2296 1649 2320 q.
1666 2296 1736 2318 wa,
1747 2292 1827 2320 art.8,

1056 2327 1079 2348 et
1101 2325 1131 2349 lv
1153 2324 1231 2353 Sem„
1251 2324 1308 2348 dist.
1330 2330 1370 2353 ΙΙΙ,
1392 2331 1416 2354 q.
1448 2330 1476 2354 n,
1504 2327 1550 2348 art.
1571 2326 1597 2355 45
1620 2325 1771 2355 aichardus,
1794 2327 1826 2350 tv

1055 2360 1134 2390 Seni„
1150 2360 1207 2383 dist.
1227 2365 1266 2390 ΙΙΙ,
1283 2366 1306 2390 (1.
1324 2366 1364 2389 ΙΙΙ,
1377 2362 1422 2383 art.
1440 2362 1468 2390 4;
1483 2360 1569 2390 Steph.
1588 2360 1692 2389 Brulef„
1704 2361 1735 2384 lv
1747 2362 1826 2391 Sent.,

1057 2396 1116 2418 dist.
1136 2401 1177 2423 111,
1193 2402 1217 2425 q.
1238 2401 1270 2424 x;
1284 2396 1372 2418 Petrus
1391 2395 1422 2418 de
1437 2396 1550 2426 Tarant.,
1566 2396 1597 2419 lv
1614 2396 1692 2424 Sent„
1708 2395 1765 2420 dist.
1784 2401 1825 2426 ΙΙΙ,

1056 2438 1080 2461 (1.
1105 2436 1130 2454 Χ.
1153 2443 1183 2448 —-
1204 2430 1212 2443 ³
1234 2430 1380 2461 corp.ju1·.
1405 2430 1477 2458 Can„
1498 2430 1527 2453 (Ie
1549 2431 1672 2460 Consecr„
1687 2430 1743 2454 dist.
1760 2437 1827 2455 ιν.-

1058 2466 1068 2482 ⁶
1087 2466 1160 2489 Cone.
1179 2465 1252 2489 Talei.
1273 2466 1314 2496 W,
1329 2472 1385 2489 can.
1402 2468 1425 2489 6.
1443 2466 1500 2489 Vid.
1517 2466 1606 2496 Labh.,
1623 2466 1709 2493 Cone..
1725 2468 1786 2490 tom,
1796 2466 1824 2495 V,

1057 2501 1105 2525 col.
1129 2502 1195 2525 1706.
1208 2515 1236 2519 -
1250 2501 1259 2518 ὓ
1276 2501 1391 2531 Hieron„
1409 2508 1483 2532 super·
1502 2501 1582 2532 Episl.
1595 2501 1629 2524 ad
1639 2501 1723 2531 Philip
1736 2519 1743 2531 ‚
1756 2508 1778 2525 c.
1791 2507 1826 2532 ir,

1057 2539 1081 2560 ct
1105 2537 1213 2560 habetur
1234 2536 1263 2559 de
1292 2536 1414 2564 Consecr„
1434 2536 1492 2560 dist.
1507 2542 1543 2566 lv,
1558 2542 1581 2560 c.
1596 2535 1686 2559 Eodem
1701 2535 1780 2559 modo.
1797 2549 1828 2554 -—

1057 2572 1066 2586 '⁵
1082 2571 1144 2595 Dist.
1160 2577 1193 2601 Ιν,
1209 2578 1231 2596 c.
1247 2571 1323 2596 Multi
1337 2573 1403 2595 suut,

1089 2616 1122 2646 (ιι)
1140 2616 1216 2640 Labb.
1234 2616 1306 2641 Cone.
1323 2618 1464 2640 teneamus.
1483 2627 1513 2633 —
1529 2614 1562 2645 (b)
1575 2614 1635 2639 Goet.
1651 2613 1711 2639 edit.
1726 2615 1828 2645 mergit.

1841 599 1876 621 Ad
1895 605 1946 627 opp.

1840 1709 1945 1732 rumim.
