2017 2948
242 128 296 157 178
807 126 1114 158 SENTENTIARUM
1135 126 1209 158 Lus.
1233 127 1285 158 111.

121 199 215 224 periculo
241 203 361 236 parvo,
377 193 410 225 in
427 192 622 236 quibusdam
648 194 741 226 nullo
766 194 913 226 fallimur
928 195 948 225 ¹.
968 194 1004 225 In
1024 193 1145 237 quibus
1168 194 1265 227 rebus
1283 195 1363 226 nihil
1384 196 1516 227 interest
1537 195 1575 227 ad
1591 196 1823 239 capescendum

127 234 223 284 ῗὶἷῦιιιῖἓ.
240 249 297 281 Dei
311 260 450 292 reguum
463 277 471 290 ,
489 255 600 284 utrum
615 251 790 284 credantur
804 277 811 293 ‚
828 263 869 284 an
890 263 955 284 non
970 277 977 292 ‚
995 251 1045 284 vel
1068 255 1181 283 utrum
1201 262 1277 284 vera
1299 256 1455 296 putentur
1469 278 1476 293 ‚
1494 264 1535 284 an
1552 253 1648 293 falsa,
1665 253 1732 285 sive
1747 253 1822 295 sint,

239 306 308 339 sive
324 318 389 340 non
404 320 410 340 :
427 309 461 340 in
476 308 526 341 his
541 320 661 350 errare,
674 309 705 341 id
719 313 764 341 est
779 309 868 341 aliud
886 320 944 352 pro
959 308 1024 341 alio
1040 312 1167 352 putare,
1184 320 1249 341 non
1261 310 1488 342 arbitrandum
1500 314 1546 342 cst
1561 321 1627 342 csse
1645 314 1826 353 peccatuin;

239 364 289 397 vel
305 365 331 397 si
349 369 412 407 est,
430 366 604 399 minimum
622 371 719 410 atque
734 366 936 399 levissimum
953 370 974 398 ².
992 366 1032 398 Et
1049 370 1126 398 sunt
1141 377 1217 399 vera
1243 367 1392 411 quaedam
1407 392 1416 408 ‚
1433 367 1584 411 quamvis
1606 378 1671 399 non
1697 368 1826 400 videan-

240 426 293 456 tur
307 449 314 464 ,
341 434 415 467 quae
440 424 503 456 nisi
526 424 717 465 credantur,
739 424 779 456 ad
801 424 902 456 vitam
932 427 1085 456 aetcrnam
1118 435 1183 456 non
1208 428 1310 468 polest
1337 424 1510 468 perveniri.
1542 424 1581 456 lit
1607 424 1616 440 ³
1640 424 1713 457 licet
1738 435 1828 458 error

239 480 382 513 maxima
405 492 483 514 cura
500 481 664 513 cavendus
687 481 728 513 sit
743 492 808 513 non
825 481 921 514 modo
937 481 969 513 in
986 481 1165 525 majoribus
1179 507 1186 521 ,
1203 481 1257 513 sed
1273 482 1368 513 etiam
1386 482 1418 513 in
1436 482 1619 514 minoribus
1635 482 1730 514 rebus
1743 508 1751 523 ‚
1768 493 1827 515 nec

237 537 300 570 nisi
316 549 425 570 rerum
436 538 620 580 ignorantia
631 538 730 582 possit
741 549 861 579 errare,
878 550 943 571 non
961 542 1068 571 tamen
1081 543 1127 571 cst
1141 550 1341 582 consequens
1354 543 1389 572 ut
1402 539 1558 571 continuo
1574 545 1660 572 erret
1674 539 1825 584 quisquis

238 594 362 639 aliquid
377 595 488 637 nescit,
505 595 558 628 sed
574 595 724 640 quisquis
747 607 780 628 se
802 596 965 629 existimat
990 596 1070 629 scire
1087 596 1174 640 quod
1192 596 1309 637 nescit;
1327 607 1384 640 pro
1400 608 1475 629 vero
1489 597 1577 629 enim
1595 596 1753 641 approbat
1768 596 1827 629 fal-

237 663 309 685 sum
329 665 335 684 :
353 653 439 696 quod
456 653 574 686 erroris
588 657 635 686 est
650 654 831 698 proprium.
849 654 1085 687 Verumtamen
1109 653 1142 685 in
1161 665 1227 697 qua
1245 665 1278 686 re
1293 653 1443 697 quisquis
1457 658 1558 695 erret,
1576 654 1708 687 interest
1722 654 1824 698 pluri-

237 720 340 742 mum.
359 709 445 742 Sunt
468 710 555 743 enim
581 723 656 755 quae
672 711 794 744 nescire
810 711 851 743 sit
866 711 983 744 melius
998 722 1097 755 quam
1113 710 1205 743 scire.
1223 710 1302 742 Item
1326 711 1496 743 nonnullis
1510 722 1617 744 errare
1631 711 1754 756 profuit
1768 711 1826 744 ali-

236 766 367 810 quando
382 793 389 808 ,
406 767 461 800 sed
475 768 509 800 in
530 768 583 801 via
602 769 721 813 pedum
737 795 744 811 ‚
765 780 830 801 non
851 769 884 801 in
901 769 954 801 via
968 779 1109 801 morum.
1129 780 1144 798 »
1164 768 1254 800 Solet
1269 768 1366 800 etiam
1386 768 1490 812 quaeri
1515 768 1552 801 de
1579 768 1678 801 Jacob
1696 794 1704 809 ,
1721 768 1826 813 quise

235 822 318 856 dixit
333 836 399 857 0550
415 825 512 867 Esau,
526 826 620 858 aliter
634 826 744 859 animo
759 826 913 868 sentiens,
929 830 1041 858 utrum
1056 826 1211 858 mentitus
1222 825 1274 857 sit.
1293 825 1338 858 De
1350 825 1409 858 hoc
1425 827 1631 868 Augustinus
1646 825 1654 840 ³
1673 838 1679 858 z
1701 839 1716 856 t<
1731 825 1824 865 Quod

234 880 333 914 Jacob
347 886 449 915 matre
468 883 541 916 fecit
557 887 700 925 auctore,
718 888 753 916 ut
768 884 895 917 falleret
910 888 1033 928 patrem
1048 910 1056 925 ,
1073 883 1100 915 si
1113 883 1290 925 diligenter
1305 884 1489 916 attendatur
1507 910 1514 924 ,
1533 883 1662 916 videtur
1679 894 1744 916 nen
1759 894 1826 916 esse

235 939 454 982 mendacium,
469 941 522 974 sed
541 941 732 985 mysterium
750 954 756 973 :
775 941 964 974 intendebat
978 941 1064 973 enim
1081 940 1177 972 matri
1192 940 1340 981 obedire,
1356 952 1428 973 «nne
1445 952 1500 983 ner
1515 940 1675 984 Spiritum
1690 946 1827 973 noverat

236 998 441 1040 mysterium.
459 998 499 1031 Et
520 998 591 1031 ideo
610 1003 742 1042 propter
756 999 916 1031 familiare
931 998 1105 1031 consilium
1120 997 1262 1041 Spiritus
1277 998 1377 1030 sancti
1388 1023 1396 1038 ,
1413 997 1500 1041 quod
1523 1001 1626 1030 mater
1640 1002 1824 1041 acceperat,

234 1066 252 1086 a
268 1054 436 1088 mendacio
451 1059 625 1089 excusatur
639 1056 749 1089 Jacob.

420 1207 624 1239 EXPOSITIO
646 1207 809 1238 TEXTUS.

231 1290 368 1314 Sciendum
384 1292 468 1315 tamen
487 1291 533 1315 tria
547 1298 601 1315 esse
618 1298 711 1322 genera
726 1291 916 1316 mendaciorum
928 1309 935 1319 ,
954 1292 1001 1314 etc.

269 1366 371 1406 Supra
387 1367 454 1405 egit
469 1367 619 1406 Magister
641 1367 680 1397 de
698 1367 894 1405 expositione
909 1375 1003 1395 man-

228 1420 375 1450 datorum
388 1432 394 1458 3
410 1421 441 1450 in
455 1421 514 1450 hac
525 1430 601 1451 vero
614 1422 700 1459 parte
714 1420 846 1450 intendit
857 1428 951 1458 agere
965 1419 1003 1449 de

228 1472 484 1512 obliquitatibus,
504 1482 576 1513 quae
592 1473 652 1503 illis
666 1473 821 1503 mandatis
836 1482 1004 1512 opponun-

124 1535 212 1557 nmsio.
228 1527 280 1556 tur
295 1528 324 1556 et
340 1535 396 1565 per
410 1526 464 1557 illa
478 1526 698 1566 prohibentur.
721 1526 876 1556 Dividitur
896 1528 1002 1555 antem

228 1588 300 1617 pars
315 1579 373 1609 ista
392 1579 424 1609 111
444 1580 522 1609 duas
538 1582 659 1618 partes,
686 1579 719 1608 in
741 1587 879 1618 quarum
899 1578 1002 1617 prima

227 1631 416 1662 determinat
431 1632 468 1662 de
484 1632 666 1669 mendacio;
685 1632 717 1661 in
733 1631 871 1661 secunda
885 1631 922 1661 de
937 1640 1004 1670 per-

223 1685 312 1723 jurio
322 1709 330 1721 ‚
363 1685 404 1715 ibi
427 1695 433 1715 :
469 1685 642 1716 Videamus
670 1694 755 1715 mmc-
784 1684 823 1715 cle
846 1684 1002 1723 peiy'urz'o.

227 1736 335 1767 Prima
349 1740 456 1768 autem
472 1748 561 1778 parS,
581 1739 612 1768 in
628 1748 691 1778 qua
704 1739 810 1776 agitur
825 1738 862 1767 de
878 1737 1004 1767 menda-

227 1789 286 1825 cio,
295 1790 450 1821 dividitur
459 1791 490 1821 in
502 1794 605 1830 partes
618 1794 692 1821 tres:
707 1791 739 1820 in
749 1799 888 1829 (guarum
900 1790 1004 1829 prima

227 1841 416 1873 determinat
431 1843 468 1873 de
490 1844 654 1882 speciebus
671 1846 701 1873 et
716 1842 900 1873 differentiis
914 1851 1002 1872 men-

228 1895 327 1932 dacii;
351 1896 384 1925 in
407 1896 544 1926 secunda
560 1896 747 1926 determinat
768 1895 844 1934 quid
860 1895 1004 1925 511111011-

228 1947 353 1978 dacium
367 1973 375 1987 ,
392 1952 422 1979 et
437 1950 513 1989 quid
528 1950 675 1987 mentiri,
698 1949 739 1978 ibi
755 1960 761 1978 z
783 1949 914 1980 Mentiri
932 1956 1004 1979 vero

229 2002 285 2035 esc,
297 2001 369 2036 etc.;
384 2000 509 2030 intertia
526 2009 601 2030 vero
613 2000 800 2029 determinat
814 2000 851 2029 de
867 2000 916 2029 his
931 2008 1003 2038 quae

227 2051 265 2081 ad
275 2052 474 2082 mendacium
483 2054 732 2091 consequuntur,
742 2052 785 2081 ibi
799 2061 805 2081 :
817 2052 898 2082 Illud
907 2053 1003 2083 etiam

226 2104 389 2135 sciendwn
405 2109 460 2142 est,
477 2105 562 2144 quod
575 2106 610 2136 in
623 2104 815 2144 quibusdam
827 2104 927 2140 rebus,
943 2106 1001 2133 ete.

228 2155 335 2187 Prima
351 2167 423 2196 pars
439 2158 592 2188 dividitur
606 2158 638 2187 in
653 2157 732 2187 duas
748 2160 861 2195 parteS,
878 2156 910 2186 in
927 2165 1003 2195 qua-

226 2218 298 2239 rum
327 2211 429 2249 prima
455 2211 541 2250 ponit
567 2211 787 2240 trimembrem
813 2209 1002 2239 divisionem

226 2263 379 2293 mendacii
395 2275 402 2301 3
424 2264 456 2293 in
477 2264 616 2294 secunda
634 2272 710 2293 vero
726 2262 894 2301 subjungit
908 2262 1002 2291 aliam

226 2314 414 2347 divisionem
427 2318 496 2347 octo
510 2317 741 2352 membrorum,
756 2316 799 2345 ibi
812 2325 818 2346 :
832 2315 1002 2346 Sciendmn

226 2371 270 2400 esc
285 2370 380 2401 eciam
396 2373 462 2402 octo
478 2377 542 2401 esse
557 2377 670 2409 Genera
685 2368 858 2399 mendacii.
883 2367 1000 2398 Simili·

226 2423 274 2451 ter
281 2423 420 2454 secunda
428 2431 500 2463 pars
511 2422 693 2462 principalis
702 2421 856 2451 dividitur
866 2421 898 2451 in
909 2421 998 2458 duas,

224 2474 257 2504 in
273 2485 411 2514 quarum
431 2476 535 2516 prima
553 2475 740 2506 determinat
756 2473 905 2512 Magister
924 2473 1000 2512 quid

225 2527 264 2556 sit
284 2529 504 2567 mendacium,
527 2530 557 2559 ct
578 2527 654 2567 quid
677 2527 802 2558 mentiri
824 2527 1000 2558 secundum

258 2593 262 2603 ¹
278 2592 353 2622 Aug„
364 2592 506 2619 Enchiricl„
518 2580 832 2621 c.xx1‚n.7⁴-—2l‘bid.‚
846 2599 868 2615 0.
879 2597 922 2621 xx,
936 2598 960 2615 n.
973 2593 996 2614 7.

1060 1216 1148 1244 rem3
1174 1207 1206 1236 in
1229 1206 1367 1236 secunda
1389 1215 1464 1236 vero
1486 1206 1672 1236 determinat
1693 1207 1768 1246 quid
1795 1208 1835 1238 sit

1059 1259 1234 1289 secundum
1247 1259 1312 1288 vitii
1325 1258 1566 1296 deformitatem,
1583 1259 1624 1288 ibi
1641 1271 1647 1289 :
1665 1259 1753 1296 Quod
1763 1268 1835 1291 vero

1059 1320 1148 1343 omne
1163 1311 1365 1343 mendacium
1379 1312 1422 1342 sic
1436 1316 1615 1350 peccatum,
1633 1314 1691 1342 etc.
1714 1311 1834 1342 Simili-

1060 1367 1106 1395 ter
1121 1365 1213 1395 tertia
1229 1373 1300 1403 pars
1319 1364 1352 1393 in
1372 1364 1451 1394 duas
1467 1365 1631 1402 dividitur,
1649 1365 1681 1394 in
1696 1374 1834 1404 quarum

1060 1418 1163 1458 prima
1183 1417 1338 1454 ostendit,
1371 1417 1454 1456 quod
1481 1426 1544 1447 uon
1568 1418 1670 1447 omnis
1694 1418 1833 1457 deceptio

1060 1477 1105 1504 est
1117 1473 1248 1513 :equalis
1262 1472 1395 1512 peeeati;
1413 1472 1444 1501 111
1458 1472 1595 1501 secunda
1608 1480 1683 1502 vero
1698 1472 1833 1511 inquirit

1060 1529 1168 1557 utrum
1179 1526 1273 1556 Jacob
1285 1525 1435 1555 mentitus
1444 1524 1551 1560 fuerit,
1568 1524 1627 1554 ibi:
1643 1523 1725 1555 Solet
1737 1525 1833 1555 etiam

1060 1580 1162 1619 quaeri
1176 1579 1214 1610 de
1228 1578 1323 1609 Jacob
1333 1602 1342 1616 ‚
1357 1580 1413 1607 ete.

1386 1673 1453 1694 DUB.
1477 1673 1498 1694 1.

1062 1740 1096 1762 De
1109 1737 1243 1761 mendacio
1258 1738 1342 1761 autem
1359 1735 1525 1759 obstetricum
1541 1737 1565 1757 et
1578 1734 1646 1758 Raab
1657 1754 1663 1762 ,
1681 1734 1836 1766 quodsuerit

1396 1770 1501 1794 veniale.

1102 1846 1216 1876 Contra
1232 1844 1291 1874 hoe
1307 1843 1454 1882 objicitur
1472 1851 1529 1881 per
1544 1842 1620 1872 illud
1632 1866 1639 1878 ,
1663 1842 1746 1881 quod
1762 1841 1837 1872 dicit

1062 1899 1234 1938 Gregorius
1254 1899 1287 1928 in
1308 1898 1415 1928 Glossa
1431 1904 1526 1936 super
1542 1896 1648 1927 Ειϊοιί.
1663 1896 1672 1911 ⁵
1688 1906 1695 1925 ι
1714 1907 1728 1924 1(
1743 1894 1837 1925 Βο111-

1061 1952 1191 1991 gnitatis
1206 1960 1317 1981 earum
1337 1959 1475 1987 merces,
1498 1958 1570 1989 quae
1585 1949 1617 1978 in
1634 1950 1753 1978 aeterna
1774 1947 1837 1978 vita

1061 2004 1259 2035 remunerari
1282 2005 1423 2042 poterat,
1448 2011 1503 2042 per
1527 2002 1653 2040 culpam
1679 2000 1836 2031 mendacii

1062 2058 1094 2087 in
1114 2060 1272 2087 terrenam
1291 2055 1618 2094 recompensationem
1641 2055 1836 2084 commutata

1061 2111 1118 2139 est.
1135 2120 1148 2136 »
1171 2107 1231 2138 Sed
1250 2106 1330 2137 nihil
1351 2108 1525 2136 commutat
1545 2104 1723 2135 mercedem
1742 2106 1835 2134 zeter-

1060 2170 1135 2191 nam
1153 2161 1186 2190 in
1201 2159 1419 2199 temporalem,
1434 2158 1494 2188 nisi
1509 2157 1640 2188 mortale
1652 2160 1834 2197 peccatum:

1060 2222 1138 2252 ergo
1156 2213 1282 2243 videtur
1305 2212 1390 2252 quod
1415 2211 1591 2242 mortaliter
1612 2212 1835 2250 peccaverunt.

1062 2267 1138 2297 Item
1154 2266 1280 2297 videtur
1301 2265 1385 2305 quod
1400 2264 1452 2295 liic
1472 2264 1663 2295 contradicat
1681 2262 1837 2302 Hierony—

1060 2329 1132 2350 mus
1148 2318 1303 2357 Gregorio
1318 2329 1324 2348 :
1338 2318 1551 2358 Hieronymus
1565 2317 1651 2347 enim
1666 2315 1740 2346 dicit
1753 2314 1837 2354 quod

1060 2371 1227 2402 aedificavit
1253 2370 1299 2400 eis
1322 2369 1476 2400 Dominus
1499 2369 1609 2400 domos
1633 2366 1833 2407 spirituales:

1059 2433 1136 2462 ergo
1148 2431 1213 2453 non
1223 2422 1349 2454 videtur
1361 2422 1444 2462 quod
1457 2421 1640 2453 retribuerit
1652 2419 1698 2451 eis
1708 2419 1743 2449 in
1754 2426 1834 2458 prae-

1058 2476 1149 2507 senti.

1058 2567 1088 2572 —
1101 2554 1195 2583 ΗΜΛ,
1212 2562 1234 2578 e.
1252 2560 1322 2583 xvii,
1342 2559 1368 2578 n.
1395 2555 1417 2577 5.
1430 2553 1479 2571 --1
1495 2553 1540 2582 ld„
1561 2554 1627 2576 cont.
1643 2552 1736 2584 Mend.‚
1756 2559 1778 2576 c.
1802 2557 1834 2582 x,

1059 2597 1083 2613 n.
1101 2591 1138 2613 2¹0.
1150 2603 1180 2607 -—
1191 2591 1200 2606 ¹⁵
1219 2589 1307 2620 Ernd„
1323 2596 1341 2619 1,
1354 2590 1391 2613 ¹9.
