2017 2948
128 822 160 844 ΔιΙ
180 829 230 849 opp.

128 1571 232 1592 Fundam.

243 156 300 185 394

242 221 296 259 let,
312 220 363 252 vel
378 221 503 259 integre
518 220 675 260 suppleat,
691 218 749 249 nisi
765 218 892 257 peccata
905 217 1013 247 nostra

243 274 446 314 praepediant.
464 274 551 313 Ergo
565 273 616 305 hic
629 271 813 303 habendum
827 272 871 300 est
889 278 946 309 pro
961 278 1011 300 re-

244 329 322 369 gula
338 329 376 360 ad
392 329 500 361 omnia
518 328 693 369 sequentia,
711 327 797 367 quod
812 326 850 357 ad
867 325 1012 356 omnium

243 385 515 414 sacramentorum
527 380 791 422 dispensationem
801 379 1014 410 necessarium

243 437 417 468 esthabere
434 436 639 467 intentionem
655 434 705 465 vel
720 436 805 472 actu,
822 433 873 464 vel
888 433 1011 470 habitu,

243 491 294 522 vel
308 491 470 531 implicite,
486 490 536 520 vel
555 488 712 528 explicite.

511 595 688 634 QUAESTIO
712 595 750 626 ll.

268 680 313 706 An
327 680 398 706 recta
412 679 525 705 intentio
539 679 575 705 sit
589 677 737 704 necessaria
752 675 788 703 aa
799 676 962 711 baptismum
977 679 992 701 “,

286 757 399 789 Utrum
414 759 499 788 recta
513 756 647 787 intentio
658 756 697 786 sit
707 755 883 787 necessaria
893 754 933 785 ad
943 754 1018 794 bap-

245 811 393 849 tismum3
415 812 446 841 et
463 809 548 850 quod
563 809 621 848 sic⁷
641 809 778 846 videtur,
795 808 870 848 quia
889 807 927 838 ad
945 807 1019 847 bap-

245 865 377 895 tismum
396 863 571 903 requiritur
592 862 744 893 intentio:
770 870 850 901 ergo
875 861 914 892 ad
935 863 1018 892 recte

245 918 469 958 baptizandum
493 918 531 957 (a)
561 916 735 957 requiritur
766 918 849 946 recta
873 915 1016 945 intentio.

286 973 315 1002 2.
335 970 413 1001 Item
433 971 540 1000 minus
556 969 675 1000 malum
697 971 744 1000 est
758 968 838 999 nihil
858 968 1019 998 intendere

246 1025 279 1055 in
300 1033 408 1064 opere,
438 1033 534 1064 quam
559 1023 679 1053 malum
708 1023 805 1053 finem
832 1022 1016 1053 intendere:

246 1087 326 1118 ergo
342 1078 368 1108 si
386 1077 522 1109 defectus
537 1077 720 1108 intentionis
734 1086 798 1107 non
819 1079 921 1117 potest
935 1078 1018 1106 stare

246 1142 319 1163 cum
342 1132 514 1172 baptismo,
546 1131 647 1162 multo
678 1132 786 1162 minus
811 1131 1018 1170 obliqua·in-

247 1186 356 1217 tentio.

288 1243 316 1271 3.
334 1239 411 1270 Item
432 1248 544 1279 opera,
565 1239 605 1270 ad
623 1247 696 1279 quze
717 1237 893 1269 necessaria
907 1239 954 1268 est
973 1237 1021 1268 in-

247 1293 356 1331 tentio,
375 1293 494 1333 abipsa
510 1293 776 1324 denominantur:
794 1300 874 1330 ergo
889 1300 963 1322 cum
981 1290 1019 1321 ad

247 1347 442 1386 baptismum
465 1346 642 1377 necessaria
661 1346 701 1376 sit
720 1345 869 1383 intentio,
894 1344 920 1374 si
942 1352 1021 1382 ergo

246 1398 381 1429 intentio
396 1400 443 1429 est
464 1400 564 1436 recta,
588 1400 617 1427 et
639 1397 815 1437 baptismus
834 1398 880 1427 est
899 1397 1018 1432 1·ectus;

248 1454 278 1483 et
292 1451 316 1482 si
331 1451 470 1492 obliqua,
487 1454 517 1482 et
533 1452 721 1491 baptismus:
741 1450 794 1481 sed
810 1458 875 1481 non
888 1451 934 1480 cst
948 1449 1021 1488 bap-

247 1505 371 1543 tismus,
388 1504 447 1535 nisi
461 1506 586 1535 rectus:
606 1513 695 1543 ergo,
712 1506 771 1534 etc.

288 1556 349 1588 Sed
373 1559 501 1588 contra:
529 1557 633 1597 Supra
652 1557 823 1597 probatum
848 1559 910 1593 est,
936 1556 1021 1595 quod

247 1611 417 1642 haereticus
438 1610 596 1651 baptizat:
621 1610 674 1641 sed
704 1610 873 1641 haereticus
898 1618 1022 1648 semper

248 1665 343 1695 habet
358 1664 519 1703 obliquam
540 1663 762 1701 intentionem,
780 1663 855 1703 quia
870 1662 939 1693 vult
953 1665 1021 1692 tra-

248 1718 325 1749 here
349 1722 387 1748 ad
409 1725 500 1747 suam
523 1717 693 1747 haeresim:
716 1725 795 1755 ergo
820 1725 883 1746 non
909 1717 957 1746 est
983 1716 1021 1746 ad

249 1771 441 1812 baptismum
460 1771 636 1801 necessaria
652 1772 737 1801 recta
752 1769 896 1800 intentio.

290 1825 368 1855 Item
383 1824 467 1855 mala
482 1824 630 1854 voluntas
646 1824 678 1854 in
691 1823 871 1863 baptizante
885 1831 948 1853 non
965 1831 1022 1852 no-

249 1880 298 1908 cet
315 1889 322 1908 2
344 1887 423 1916 crgo
438 1886 495 1907 nec
511 1877 639 1917 obliqua
657 1877 802 1907 intentio.

290 1931 369 1962 Item
389 1931 566 1970 baptismus
583 1933 630 1961 est
651 1940 730 1970 opus
741 1931 811 1968 Dei,
828 1939 891 1961 non
906 1930 1021 1960 huma-

249 1994 328 2015 num
344 1995 350 2014 :
373 1993 453 2023 ergo
473 1993 535 2014 non
557 1986 660 2024 potest
681 1993 748 2014 esse
763 1983 929 2023 obliquum
946 1993 953 2014 ι
969 1983 1022 2013 sed

250 2037 434 2068 intentionis
452 2037 608 2067 rectitudo
622 2037 762 2075 exigitur
784 2038 912 2076 propter
927 2037 1022 2067 recti—

250 2090 394 2121 tudinem
409 2090 512 2130 operis
527 2089 567 2120 ad
581 2090 795 2129 baptismum:
808 2098 888 2129 ergo
898 2098 962 2120 non
976 2092 1023 2120 est

251 2143 426 2174 necessaria
442 2143 587 2173 intentio.

523 2257 747 2290 CONCLUSIO.

253 2347 300 2373 Ad
324 2347 485 2380 baptismum
506 2353 558 2371 non
577 2346 614 2371 est
635 2346 783 2371 necessaria
804 2347 874 2371 recta
893 2346 1022 2376 intentio,

289 2393 417 2425 quantum
432 2390 468 2416 ad
482 2390 662 2416 substantiam
675 2390 844 2419 sacramenti,
859 2389 904 2416 sed
921 2392 1022 2416 tantum

290 2437 329 2461 est
341 2435 372 2461 de
387 2435 562 2468 congruitate.

295 2518 386 2559 Resp.
416 2519 455 2550 ad
481 2528 552 2559 arg.
578 2518 753 2551 Dicendum
783 2517 867 2558 quod
891 2517 1024 2548 intentio

254 2572 338 2602 idem
363 2574 410 2603 est
431 2573 516 2612 quod
539 2572 686 2604 voluntas
702 2571 905 2609 ratiocinata,
931 2573 1026 2611 prout

288 2625 297 2642 ¹
313 2625 353 2655 Cs.
370 2625 440 2649 Alex.
458 2625 553 2657 Mens„
569 2633 594 2657 p.
611 2626 652 2656 lv,
669 2633 694 2656 q.
711 2631 753 2655 vii,
772 2625 866 2649 memb.
886 2626 914 2652 4,
937 2626 982 2648 ert.
1001 2625 1024 2653 1.

799 147 1110 181 SENTENTIARUM
1130 147 1204 179 LIB.
1229 148 1278 179 lv.

1067 214 1219 254 dirigitur
1233 214 1267 245 in
1280 215 1395 245 finem:
1412 214 1465 244 sed
1480 213 1553 244 finis
1571 213 1691 254 duplex
1709 216 1775 245 est:
1792 216 1839 245 est

1068 268 1153 299 enim
1174 268 1245 298 finis
1259 268 1314 308 qui
1329 270 1376 298 est
1391 267 1437 297 rei
1453 266 1620 304 terminus,
1632 265 1686 297 vel
1700 267 1838 307 comple-

1068 323 1226 352 mentum:
1244 323 1274 351 et
1290 323 1337 351 cst
1354 320 1427 350 tinis
1440 320 1494 360 qui
1514 322 1561 350 est
1581 319 1627 350 rei
1641 320 1772 350 utilitas.
1789 319 1841 352 Sic

1069 375 1102 405 in
1116 376 1312 405 sacramento
1327 374 1446 413 duplex
1461 375 1508 403 est
1524 372 1606 409 finis,
1624 382 1710 403 unus
1725 373 1843 404 scilicet

1069 428 1123 468 qui
1145 430 1192 458 est
1210 427 1496 467 complementum,
1511 426 1629 456 scilicet
1643 426 1727 466 quod
1742 426 1785 457 ibi
1801 426 1842 458 sit

1069 481 1146 512 unio
1162 480 1250 511 verbi
1265 482 1296 510 et
1309 479 1474 517 elementi;
1493 481 1523 509 et
1545 479 1617 509 finis
1632 479 1761 517 utilitas,
1779 479 1839 510 sci-

1069 534 1140 564 licet
1166 533 1332 573 baptizati,
1357 532 1408 563 vel
1431 530 1631 572 baptizantis,
1657 532 1843 564 Secundum

1069 587 1156 618 hunc
1176 586 1333 626 duplicem
1356 586 1454 616 finem
1477 585 1595 625 duplex
1619 587 1666 616 est
1689 586 1841 625 intentio,

1071 640 1149 671 sicut
1172 639 1303 679 aliquis,
1329 639 1385 679 qui
1408 638 1519 669 fundat
1540 638 1689 677 domum,
1710 639 1843 670 intendit

1071 700 1141 722 eam
1155 699 1390 727 consummare,
1402 692 1432 720 et
1441 689 1576 720 intendit
1590 689 1780 721 inhabitare.
1792 690 1844 722 Sic

1072 744 1105 776 in
1118 746 1315 775 sacramento
1330 743 1465 774 intendit
1475 743 1546 784 quis
1555 743 1659 783 prima
1668 743 1843 775 intentione

1072 801 1306 828 sacramentum
1332 796 1477 828 Ecclesiae
1508 796 1705 835 ministrare,
1730 805 1843 828 conse-

1073 853 1206 891 quenter
1230 851 1281 881 vel
1302 850 1437 881 intendit
1463 858 1554 880 suam
1579 849 1768 888 utilitatem,
1793 850 1845 881 vel

1073 904 1198 945 parvuli
1219 903 1366 940 salutem,
1382 903 1433 934 vel
1449 902 1601 943 quidquid
1616 902 1695 933 illud
1711 903 1760 933 sit.
1775 902 1844 934 Pri-

1074 967 1125 989 ma
1148 957 1284 988 intentio
1303 958 1351 986 est
1372 956 1410 986 de
1429 955 1615 987 necessitate
1636 955 1843 995 sacramenti;

1073 1010 1210 1042 secunda
1236 1011 1361 1040 tantum
1388 1009 1426 1039 de
1440 1009 1640 1048 congruitate
1663 1008 1770 1040 Prima
1793 1009 1846 1040 in-

1074 1064 1172 1095 tentio
1196 1072 1261 1094 non
1282 1063 1374 1093 habet
1395 1063 1517 1093 rectum
1539 1064 1570 1092 et
1589 1062 1772 1102 obliquum;
1793 1062 1847 1094 sed

1074 1117 1211 1148 secunda
1233 1116 1328 1147 habet
1353 1117 1474 1146 rectum
1500 1117 1529 1145 et
1554 1114 1731 1155 obliquum.
1759 1115 1847 1147 Unde

1075 1173 1160 1211 patet
1175 1170 1350 1210 responsio,
1366 1169 1452 1209 quod
1467 1168 1506 1199 ad
1520 1170 1755 1199 sacramentum
1770 1169 1848 1209 bap-

1075 1224 1160 1254 tismi
1182 1223 1262 1253 nihil
1279 1223 1351 1253 facit
1375 1222 1507 1253 intentio
1529 1224 1624 1259 recta,
1648 1231 1706 1252 nec
1728 1221 1848 1262 aliquid

1075 1277 1176 1307 obstat
1198 1276 1331 1306 intentio
1350 1284 1414 1305 non
1429 1277 1515 1305 recta
1528 1276 1685 1314 quantum
1700 1274 1740 1305 ad
1754 1275 1846 1306 subs-

1076 1330 1209 1360 tantiam
1233 1328 1442 1360 sacramenti:
1466 1330 1557 1358 nocet
1576 1329 1684 1359 tamen
1704 1327 1755 1359 vel
1775 1336 1849 1368 pro-

1076 1383 1143 1414 dest
1158 1383 1302 1414 habenti.

1118 1440 1146 1468 21.
1169 1437 1372 1475 Argumenta
1394 1443 1475 1473 ergo
1497 1442 1570 1474 quae
1590 1434 1741 1474 probant,
1764 1434 1851 1474 quod

1077 1490 1116 1521 ad
1128 1490 1324 1529 baptismum
1336 1488 1511 1527 requiritur
1522 1487 1656 1518 intentio
1667 1488 1764 1525 recta,
1779 1495 1852 1527 sup·

1077 1546 1200 1583 ponunt
1217 1542 1256 1572 ad
1276 1542 1472 1581 baptismum
1492 1540 1611 1580 requiri
1631 1540 1849 1578 intentionem,

1078 1605 1150 1636 quae
1166 1598 1212 1627 est
1228 1595 1359 1626 intentio
1373 1593 1537 1624 utilitatis:
1555 1596 1587 1624 et
1599 1593 1669 1624 ideo
1682 1593 1790 1624 onmia
1803 1602 1854 1624 su-

1078 1659 1134 1689 per
1149 1650 1263 1680 fulsum
1276 1648 1463 1685 fundantur,
1475 1649 1511 1677 ut
1524 1648 1610 1686 patet
1622 1646 1660 1677 de
1674 1646 1789 1686 primo.

1118 1706 1147 1734 2.
1174 1703 1221 1734 Ad
1245 1702 1323 1733 illud
1343 1702 1429 1742 quod
1452 1701 1610 1740 objicitur,
1632 1700 1718 1739 quod
1736 1699 1852 1730 melius

1078 1760 1124 1788 est
1144 1757 1223 1787 nihil
1242 1755 1421 1792 intendere,
1444 1763 1543 1794 quam
1566 1753 1664 1790 male,
1682 1752 1851 1784 dicendum

1079 1810 1163 1851 quod
1179 1809 1316 1840 desectus
1332 1807 1516 1838 intentionis
1529 1815 1594 1837 non
1608 1805 1740 1846 impedit
1751 1814 1851 1837 sacra-

1079 1866 1225 1894 mentum
1248 1864 1375 1902 propter
1393 1861 1534 1900 eulpam,
1555 1859 1608 1890 sed
1623 1861 1752 1900 propter
1764 1859 1850 1890 illius

1080 1921 1168 1949 actus
1184 1916 1393 1947 neeessariam
1410 1914 1618 1953 exigentiam.

1120 1973 1148 2002 3.
1162 1971 1209 2002 Ad
1222 1970 1299 2000 illud
1314 1968 1401 2008 quod
1415 1967 1574 2007 objicitur,
1590 1966 1676 2006 quod
1688 1975 1784 2007 opera
1796 1966 1848 1998 de-

1080 2025 1287 2057 nominantur
1305 2023 1344 2053 al)
1366 2020 1554 2057 intentione,
1575 2019 1745 2050 dicendum
1765 2019 1852 2060 quod

1080 2080 1140 2110 hoc
1154 2086 1267 2109 verum
1281 2078 1327 2107 est
1342 2075 1380 2105 de
1389 2073 1539 2114 operibus
1553 2073 1592 2103 ad
1601 2081 1741 2112 quorum
1755 2073 1854 2105 infor-

1082 2132 1257 2163 mationem·
1267 2127 1442 2159 necessaria
1455 2128 1501 2157 est
1515 2126 1651 2158 intentio
1662 2126 1746 2163 finis,
1760 2128 1797 2158 ut
1805 2128 1852 2158 est

1080 2185 1211 2216 utilitas.
1237 2181 1418 2213 Notandum
1446 2182 1570 2216 tamen,
1595 2179 1680 2218 quod
1705 2179 1853 2219 quamvis

1081 2247 1146 2269 non
1176 2237 1215 2268 sit
1244 2234 1457 2266 necessarium
1486 2232 1651 2264 intendere
1680 2232 1852 2264 efficaciam

1081 2290 1229 2330 baptismi
1245 2289 1277 2318 ln
1292 2296 1324 2318 se
1338 2289 1369 2318 et
1382 2285 1608 2326 principaliter,
1624 2287 1730 2315 tamen
1744 2285 1851 2316 inten-

1081 2345 1164 2375 ditur
1178 2344 1211 2374 in
1233 2341 1374 2382 quolibet
1390 2339 1562 2379 baptizato,
1578 2339 1630 2369 vel
1649 2338 1682 2368 in
1697 2337 1850 2377 generali,

1082 2398 1132 2429 vel
1147 2397 1180 2428 in
1193 2395 1331 2435 speciali,
1347 2393 1399 2424 vel
1418 2393 1451 2423 in
1466 2401 1516 2428 se,
1532 2392 1583 2423 vel
1598 2392 1631 2422 in
1645 2399 1782 2428 aunem,
1798 2390 1850 2421 vel

1082 2480 1095 2505 ἓ
1113 2480 1143 2507 ⁷25
1163 2479 1188 2501 5.
1209 2476 1309 2503 Thon).y
1331 2482 1356 2505 p.
1381 2474 1422 2502 lll,
1441 2480 1466 2507 q.
1483 2478 1555 2502 ww,
1574 2473 1619 2495 art.
1635 2473 1665 2500 8;
1681 2472 1705 2494 et
1721 2471 1752 2494 lv
1772 2470 1831 2493 Sem
1844 2488 1851 2500 ,

1082 2503 1140 2538 [list.
1157 2519 1192 2538 vi,
1208 2520 1232 2542 q.
1253 2518 1268 2534 ι.
1290 2512 1336 2534 nrt.
1359 2512 1381 2540 2,
1400 2516 1424 2540 q.
1451 2515 1476 2538 ις
1498 2510 1579 2536 Scot„
1596 2507 1625 2530 lv
1645 2506 1725 2534 Sen!.,
1741 2505 1798 2529 dist.
1815 2511 1850 2532 vt.

1083 2559 1107 2581 q.
1119 2556 1158 2579 νη
1171 2547 1280 2575 incar-i,
1295 2546 1325 2569 lV
1340 2546 1417 2571 Sent..
1431 2544 1488 2567 dist.
1501 2550 1535 2572 vi,
1549 2550 1574 2573 q.
1587 2547 1631 2571 111;
1645 2541 1732 2571 Steph.
1746 2540 1851 2569 Brnlet.‚

1084 2587 1114 2610 lV
1129 2586 1207 2614 Sent„
1223 2583 1281 2607 dist.
1303 2587 1340 2609 vi,
1355 2588 1379 2611 q.
1397 2586 1426 2609 ,η
1446 2580 1535 2603 Petrus
1553 2577 1584 2601 de
1599 2577 1710 2606 Tarum„
1727 2576 1758 2599 lv
1773 2576 1851 2606 Seni„

1083 2623 1139 2646 dist.
1153 2627 1188 2648 vi,
1209 2626 1233 2650 q.
1251 2624 1284 2642 lv-
