2017 2948
47 1404 134 1426 mvi-io.

728 154 916 186 DISTINCT.
941 153 992 184 111.
1018 153 1117 184 PARS
1141 154 1166 184 1.
1685 155 1743 185 297

151 224 312 257 insinuari
325 223 457 256 videtur
479 233 595 256 verum
619 221 779 266 baptisma
800 221 871 254 dari
897 232 989 264 posse
1013 221 1048 253 in
1070 221 1203 254 nomine
1226 221 1332 254 Patris
1355 224 1496 263 tantum,
1522 223 1573 255 vel
1598 220 1740 265 Spiritus
1753 226 1864 250 missorum

150 281 264 319 sancti,
281 281 305 313 si
331 284 440 313 tamen
464 279 532 320 ille,
557 279 614 323 qui
639 278 793 322 baptizat,
815 279 916 311 fidem
936 278 1105 311 Trinitatis
1128 283 1245 319 teneat,
1274 289 1347 323 quae
1370 279 1512 312 Trinitas
1535 280 1569 311 in
1593 279 1740 324 quolibet
1755 259 1853 315 gneztniii'm

150 338 268 371 horum
292 338 463 370 nominum
486 336 701 379 intelligitur3
719 336 745 368 si
761 340 870 368 autem
894 335 1014 380 aliquis
1028 346 1178 380 perverse
1200 336 1333 369 credens
1346 362 1354 377 ,
1374 341 1405 369 et
1427 347 1568 369 errorem
1584 337 1736 369 inducere
1755 322 1865 374 effimi‘riiss

151 396 333 436 intendens,
350 406 454 428 unum
469 394 509 427 de
524 394 628 426 tribus
650 397 778 426 tantum
800 398 988 438 nuncupet,
1005 404 1071 426 non
1086 394 1226 437 complet
1248 393 1452 437 mysterium.
1472 393 1565 433 Quod
1590 404 1666 426 vero
1680 393 1736 434 ait,
1756 383 1866 440 ”fussaffl'

155 466 171 484 «
185 452 359 486 nominatis
373 452 478 484 tribus
492 462 633 484 vacuum
648 462 714 484 esse
731 451 922 495 mysterium
937 477 946 490 ‚
967 450 993 483 si
1013 451 1181 495 baptizans
1197 451 1323 483 minuat
1343 454 1531 495 potestatem
1546 451 1652 483 Patris
1663 477 1671 493 ,
1688 450 1739 482 ve]
1758 445 1816 505 Ἓξ·
1827 487 1856 506 os,

150 509 239 550 Filii,
256 509 306 542 vel
322 509 464 553 Spiritus
478 508 592 550 sancti,
611 522 626 539 »
645 508 677 540 id
693 512 739 540 est
753 508 780 540 si
795 508 920 540 malum
936 508 1053 540 sentiat
1068 507 1106 540 de
1121 508 1266 552 potentia
1281 508 1420 553 alicujus
1436 508 1571 549 horum,
1589 519 1654 540 non
1674 518 1741 539 cre·
1760 500 1795 536 110⁴
1812 492 1866 538 pver']

151 567 231 600 dens
243 577 344 599 unam
364 565 541 610 potentiam
555 566 656 599 trium
673 578 680 598 :
698 565 950 609 intelligendum
975 569 1022 598 est
1044 565 1105 599 hoc
1126 576 1223 610 super
1238 577 1313 599 eum
1324 592 1332 608 ‚
1349 567 1408 610 qui
1423 578 1488 599 non
1504 565 1665 607 intendit,
1684 576 1742 597 nec
1763 550 1856 602 ΛᾞΪΓ

151 623 251 657 credit
272 623 456 668 baptizare,
479 624 536 668 qui
561 635 627 656 non
651 626 779 656 tantum
801 626 887 656 caret
911 622 975 655 fide
989 649 997 664 ,
1018 623 1073 655 sed
1100 623 1196 656 etiam
1223 624 1438 657 intentionem
1465 623 1652 668 baptizandi
1676 634 1742 656 non
1761 613 1795 633 Βῆ·

150 681 259 715 habet.
275 681 340 721 Qui
354 692 431 724 ergo
445 681 587 725 baptizat
601 681 636 713 in
648 681 782 714 nomine
797 680 930 722 Christi,
947 680 1090 725 baptizat
1104 680 1139 713 in
1154 681 1286 713 nomine
1301 681 1482 723 Trinitatis,
1500 693 1572 726 qum
1587 681 1633 713 ibi
1648 681 1744 713 intel-

150 739 276 782 ligitur.
299 738 417 771 Tutius
431 742 595 771 esttamen
617 743 679 771 tres
701 749 854 783 personas
869 738 915 771 ibi
935 738 1126 779 nominare,
1143 742 1180 771 ut
1199 738 1344 772 dicatur:
1362 741 1403 772 In
1417 739 1550 772 nomine
1565 739 1676 771 Patris
1688 765 1696 780 ‚
1714 744 1745 771 et

150 796 241 836 Filii,
257 802 288 829 et
301 796 444 841 Spiritus
459 796 578 829 sancti.
594 797 670 829 Non
683 796 718 828 z'n
732 796 931 835 nominibus,
949 795 1003 828 sed
1019 795 1055 828 in
1069 796 1214 837 nomine,
1231 796 1264 828 id
1280 800 1338 837 est,
1355 797 1389 829 in
1404 796 1607 829 invocatione
1618 823 1626 838 ,
1644 797 1695 830 vel
1710 797 1746 830 in

150 854 349 887 confessione
362 853 479 895 Patris,
497 857 527 886 et
540 852 628 896 Filii,
646 858 678 886 et
694 853 836 898 Spiritus
855 853 968 886 sancti.
988 853 1163 886 Invocatur
1185 854 1272 886 enim
1294 854 1340 886 ibi
1357 858 1422 886 tota
1437 854 1589 896 Trinitas,
1609 858 1645 886 ut
1661 854 1746 887 invi-

150 911 288 944 sibiliter
301 911 346 944 ibi
361 915 514 956 operetur
528 923 586 956 per
600 923 652 953 se,
669 912 752 944 sicut
772 915 863 944 extra
884 910 1057 943 visibiliter
1079 922 1136 955 per
1157 912 1362 955 mysterium.
1389 912 1424 944 Si
1444 915 1553 944 autem
1568 911 1695 944 dicatur
1708 912 1745 945 z‘n

150 969 349 1012 nominibus,
363 980 430 1003 non
443 973 490 1003 est
505 970 552 1003 ibi
567 973 823 1011 sacramentum,
840 969 919 1013 quia
933 979 1000 1002 non
1015 973 1165 1002 servatur
1178 969 1284 1002 forma
1298 969 1464 1013 baptismi.

340 1080 544 1113 EXPOSlTIO
565 1081 730 1113 TEXTUS.

202 1163 261 1186 Post
273 1162 328 1186 haec
339 1161 478 1186 videndum
490 1163 537 1193 est,
548 1161 608 1193 quid
620 1162 651 1186 sit
660 1162 809 1193 baptismus,
821 1164 869 1186 etc.

151 1239 185 1268 in
198 1237 258 1268 hac
275 1240 363 1278 parte
382 1237 570 1268 determinat
590 1237 740 1276 Magister
759 1238 797 1268 de
817 1247 920 1268 sacra-

153 1291 268 1322 mentis
282 1291 444 1330 sigillatim
456 1301 464 1328 ;
479 1292 509 1321 et
522 1290 615 1321 babet
630 1291 699 1321 haec
712 1300 785 1330 pars
802 1294 922 1330 septem

154 1346 258 1384 partes
290 1343 465 1374 secundum
497 1346 617 1383 septem
648 1346 854 1374 sacramenta.
888 1344 923 1375 In

156 1397 259 1438 prima
279 1396 465 1427 determinat
483 1397 521 1427 de
540 1397 696 1436 baptismo
713 1408 720 1434 ;
737 1397 769 1426 iu
785 1397 923 1428 secunda

156 1451 195 1482 de
213 1450 470 1487 confirmatione,
490 1450 572 1480 infra
587 1451 618 1481 ¹:
642 1450 733 1481 Nunc
755 1450 792 1481 de
814 1458 921 1482 sacra-

156 1509 258 1537 mento
281 1505 564 1543 confirmation‘1'8;
584 1505 617 1534 in
641 1504 734 1535 tertia
756 1504 793 1535 de
817 1514 921 1535 sacra-

157 1560 263 1589 mento
282 1557 506 1594 Eucharistiae‚
526 1558 629 1588 infra²
651 1558 723 1589 Post
743 1566 923 1589 sacramen-

157 1615 223 1645 tum
239 1611 392 1651 baptismi
413 1613 442 1642 et
462 1610 735 1649 confirmationis:
756 1610 789 1640 in
809 1613 923 1650 quarta

155 1666 193 1697 de
212 1665 415 1705 poenitentia,
437 1664 564 1695 infra-‘¹2
582 1664 654 1696 Post
675 1664 739 1696 hcec
761 1664 799 1695 de
818 1666 922 1703 poeni-

155 1720 257 1751 tentia
278 1718 434 1758 aqendum
455 1720 520 1751 est:
536 1718 569 1748 in
590 1718 701 1757 quinta
721 1718 759 1748 de
781 1720 923 1749 extrema

154 1771 313 1808 unctione,
324 1771 425 1801 infra*
440 1778 447 1800 ε
463 1771 754 1810 Proeterproemissa
769 1774 815 1803 est
831 1771 923 1803 aliud

154 1826 386 1856 sacramentum
396 1833 409 1862 ,·
431 1823 464 1853 in
488 1825 577 1854 sexta
596 1823 634 1853 de
649 1823 759 1854 ordine
772 1847 781 1861 ,
799 1823 920 1854 infra‘:

154 1878 245 1909 Nunc
266 1877 310 1908 ad
324 1876 609 1908 considerationem
622 1884 721 1908 sacroe
740 1876 923 1909 ordinatio—

154 1933 207 1963 nz‘s
218 1941 231 1971 ,·
245 1931 279 1961 in
293 1930 425 1970 septima
438 1930 476 1960 de
489 1930 703 1967 matrimonio,
715 1930 831 1960 infrasst
847 1930 922 1960 Cum

154 1985 222 2017 alia
232 1988 432 2016 sacramenta
443 1986 515 2023 post
527 1985 699 2023 peccatum.
714 1982 822 2014 Prima
836 1992 920 2022 pars,

153 2038 188 2069 in
201 2047 265 2078 qua
279 2037 467 2068 determinat
480 2037 519 2067 de
534 2037 703 2076 baptismo,
716 2036 811 2067 habet
825 2037 921 2067 duas:

153 2091 186 2122 in
201 2090 306 2131 prima
321 2090 508 2121 determinat
530 2090 569 2121 de
590 2090 748 2130 baptismo
766 2093 921 2130 quantum

153 2144 192 2175 ad
210 2144 314 2183 ipsum
336 2145 591 2181 sacramentum3
606 2143 639 2174 in
658 2143 795 2174 secunda
818 2153 922 2183 quan—

155 2199 222 2228 tum
246 2196 286 2226 ad
308 2196 570 2227 sacramentalia:
588 2199 618 2227 et
641 2196 749 2236 incipit
773 2206 846 2236 pars
869 2197 923 2228 illa

155 2249 237 2280 infra
248 2251 270 2287 ⁷,
287 2249 369 2280 circa
388 2249 543 2289 medium,
560 2250 605 2281 ibi
622 2259 630 2281 z
648 2251 745 2282 Porro
760 2251 868 2282 cuncti
879 2250 923 2283 ud

155 2303 347 2343 baptismum
374 2303 546 2334 venientes.
574 2302 612 2334 Et
636 2303 788 2343 quoniam
816 2313 922 2335 sacra-

156 2358 301 2388 mentum
322 2355 468 2395 baptismi
489 2357 591 2395 potest
609 2356 800 2387 considerari
821 2357 855 2387 in
870 2366 921 2394 se,

156 2411 188 2441 et
202 2418 257 2449 per
271 2408 541 2448 comparationem
552 2408 592 2439 ad
606 2408 717 2440 dantes
731 2411 762 2440 et
774 2410 924 2450 recipien-

156 2465 223 2501 tes;
238 2462 310 2494 ideo
323 2470 395 2502 pars
409 2461 469 2492 ista
480 2461 575 2492 habet
589 2463 652 2493 tres
668 2473 675 2494 :
693 2462 725 2493 in
740 2463 843 2503 prima
856 2465 924 2503 agit

156 2515 196 2548 de
209 2515 367 2556 baptismo
382 2523 438 2555 per
452 2523 485 2545 se
497 2525 505 2552 ;
522 2514 555 2545 in
569 2515 707 2546 secunda
722 2525 778 2556 per
792 2525 921 2557 compa-

192 2627 275 2653 ¹Dist.
290 2632 334 2653 vu.
350 2638 380 2646 —
393 2626 404 2644 ⁸
420 2625 481 2651 Dist.
498 2630 553 2650 vul.
569 2637 599 2644 ·—
617 2625 625 2640 ⁸
640 2625 702 2651 Dint.
723 2631 775 2651 xiv.
788 2639 817 2645 —
836 2627 847 2644 δ
861 2628 926 2653 ῡίιῐ.

976 1081 1132 1112 rationem
1144 1081 1183 1111 ad
1202 1080 1406 1120 recipientes,
1425 1080 1508 1111 infra
1519 1083 1528 1099 ⁸
1542 1091 1549 1111 ε
1566 1081 1626 1112 Hic
1641 1081 1749 1112 dicen-

976 1133 1052 1165 dum
1060 1143 1073 1172 ,·
1087 1134 1123 1163 in‘
1134 1133 1225 1164 tertia
1239 1142 1296 1172 per
1315 1134 1585 1173 comparationem
1607 1134 1645 1163 ad
1668 1134 1748 1164 dan-

977 1189 1039 1224 tes,
1057 1187 1138 1217 infra
1152 1186 1184 1216 ⁹:
1202 1186 1274 1218 Post
1295 1186 1359 1217 hoec
1384 1186 1549 1218 sciendum
1573 1191 1618 1218 esc
1639 1195 1749 1218 sacru-

977 1244 1115 1271 mentum
1131 1240 1294 1279 baptismi.
1309 1240 1417 1270 Prima
1434 1249 1506 1279 pars
1519 1240 1659 1270 continet
1672 1249 1750 1279 prae-

977 1295 1098 1323 sentem
1120 1293 1372 1330 distinctionem,
1389 1294 1420 1323 et
1442 1293 1592 1323 dividitur
1615 1294 1649 1323 in
1670 1293 1750 1324 duas

977 1350 1081 1386 partes
1099 1357 1105 1377 ε
1121 1347 1153 1377 in
1166 1347 1268 1386 prima
1286 1347 1354 1385 agit
1368 1346 1406 1377 de
1421 1346 1576 1386 baptismo
1592 1348 1749 1386 quantum

978 1402 1017 1432 ad
1037 1403 1106 1441 ejus
1127 1401 1350 1442 quidditatem,
1370 1401 1436 1432 sive
1460 1401 1698 1439 integritatcm;
1716 1401 1749 1432 in

978 1455 1118 1486 secunda
1145 1456 1302 1494 quantum
1327 1455 1366 1485 ad
1395 1455 1464 1493 ejus
1498 1454 1748 1492 institutionem,

978 1508 1022 1538 ibi
1039 1516 1047 1538 :
1063 1510 1106 1539 De
1128 1508 1334 1539 institutione
1356 1507 1523 1546 baptismi,
1540 1506 1667 1547 quando
1688 1515 1750 1539 coe—

977 1563 1038 1602 pit.
1061 1562 1167 1593 Prima
1190 1570 1264 1601 pars
1279 1561 1375 1591 habet
1396 1561 1497 1591 duas:
1514 1561 1547 1591 in
1572 1561 1678 1600 prima
1696 1569 1750 1591 os-

978 1616 1095 1653 tendit,
1119 1615 1204 1655 quod
1229 1614 1266 1645 ad
1291 1623 1358 1645 esse
1384 1614 1533 1653 baptismi
1559 1617 1751 1645 concurrunt

980 1669 1116 1699 verbum
1131 1670 1161 1698 et
1177 1668 1369 1698 elementum
1383 1678 1390 1704 ;
1407 1666 1440 1697 in
1456 1667 1594 1698 secunda
1608 1676 1685 1698 vero
1700 1667 1751 1697 de-

977 1722 1127 1752 terminat
1150 1720 1235 1761 q110d
1257 1721 1296 1750 sit
1319 1720 1396 1751 illud
1422 1720 1558 1751 verbum
1570 1743 1580 1758 ,
1597 1720 1641 1751 ibi
1662 1720 1752 1752 :Sed

978 1773 1063 1812 quod
1083 1776 1128 1805 est
1150 1772 1234 1804 illud
1255 1771 1394 1803 verbum.
1420 1771 1458 1801 Et
1482 1771 1536 1801 illa
1559 1780 1631 1811 pars
1657 1771 1751 1801 habet

979 1825 1058 1856 duas
1081 1836 1088 1856 ε
1106 1825 1147 1864 {in
1169 1825 1273 1864 prima
1297 1824 1487 1855 determinat
1508 1823 1694 1861 veritatem3
1717 1824 1751 1854 in

979 1879 1117 1909 secunda
1132 1887 1207 1909 vero
1225 1877 1320 1907 solvit
1337 1876 1567 1907 dubitationem
1579 1900 1588 1914 ,
1606 1876 1647 1906 ibi
1669 1887 1675 1907 :
1691 1877 1751 1908 Hic

978 1932 1145 1971 quoerz'cur,
1164 1939 1206 1962 an
1222 1930 1396 1969 baptismus
1411 1930 1456 1961 sit
1477 1937 1580 1961 verus.
1602 1929 1750 1960 Subdivi-

979 1984 1026 2015 sio
1039 1984 1138 2024 hujus
1151 1984 1248 2023 partis
1264 1984 1348 2023 patet
1360 1984 1393 2013 in
1409 1983 1522 2013 littera.

1308 2083 1376 2104 nUss.
1400 2082 1422 2104 1.

981 2151 1123 2182 Baptismus
1137 2151 1226 2174 dieitur
1246 2150 1374 2180 intinctio,
1391 2150 1416 2174 id
1435 2152 1472 2174 est
1492 2150 1617 2174 absolutio
1639 2150 1753 2180 corporis

1010 2186 1120 2210 exterior
1140 2186 1206 2210 tacta
1223 2186 1268 2210 sub
1290 2187 1371 2210 forma
1387 2186 1526 2210 verborum
1545 2185 1701 2216 praescripta.

1020 2253 1134 2283 Contra
1148 2263 1154 2282 :
1167 2251 1298 2283 Videtur
1312 2261 1382 2282 csse
1396 2252 1480 2282 mala
1493 2251 1553 2282 ista
1566 2251 1749 2289 notificatio,

979 2306 1055 2345 quia
1082 2305 1255 2336 notificatio
1283 2305 1375 2336 debet
1398 2305 1569 2335 convenire
1593 2304 1752 2335 notificato

979 2358 1110 2399 praeeise
1128 2368 1133 2388 :
1151 2358 1203 2388 sed
1227 2358 1297 2388 haec
1322 2366 1386 2387 non
1412 2359 1458 2387 est
1480 2357 1566 2394 talis,
1583 2357 1659 2396 quia
1676 2365 1752 2387 cum

981 2413 1106 2443 lavatur
1122 2421 1247 2452 pannus
1259 2435 1267 2449 ,
1283 2413 1328 2442 est
1343 2411 1463 2442 ablutio
1479 2410 1631 2450 corporis,
1651 2412 1682 2441 et
1694 2419 1750 2450 po-

982 2468 1043 2496 test
1058 2465 1127 2496 fieri
1149 2466 1208 2495 sub
1232 2465 1335 2496 forma
1354 2464 1524 2495 verborum
1545 2463 1750 2504 praescripta,

1022 2519 1241 2550 Determinatis
1255 2517 1459 2558 praeambulis
1476 2516 1515 2547 ad
1535 2518 1750 2555 sacramenta,

984 2598 1056 2618 xxm.
1071 2606 1102 2611 —
1120 2593 1131 2610 ⁸
1145 2593 1206 2617 Dist,
1228 2598 1299 2617 xxiv.
1310 2605 1340 2610 -
1363 2592 1371 2605 ⁵
1387 2590 1450 2615 Dist.
1466 2595 1549 2615 xxvii.
1565 2603 1594 2610 -
1609 2591 1620 2607 ⁷
1639 2590 1700 2615 nist.
1717 2595 1752 2615 νι.

984 2641 1013 2647 -
1029 2629 1037 2643 ·
1056 2628 1119 2653 Dist.
1135 2634 1170 2653 iv,
1186 2641 1213 2646 -
1229 2629 1238 2643 ⁹
1254 2627 1317 2652 nist.
1332 2632 1357 2651 v.
