2017 2948
89 1238 194 1261 Fundam.

209 152 266 180 366

208 216 292 256 quod
303 216 406 256 potuit
416 215 498 246 hanc
508 215 755 249 communicare,
767 222 822 253 per
833 211 937 242 simile
948 211 980 241 in

208 269 435 309 spiritualibus,
453 269 529 309 quia
543 269 657 308 angelo
674 266 851 306 superioris
863 265 982 296 ordinis

207 322 291 353 dedit
305 323 478 362 potentiam
495 322 654 362 purgandi
671 320 781 357 alium⁷
798 319 852 357 qui
870 321 916 348 est
933 318 980 347 in-

208 375 330 406 ferioris
354 375 492 406 ordinis:
517 384 596 414 ergo
620 383 693 404 cuni
720 373 762 402 ita
785 372 825 401 sit
849 372 926 402 ordo
949 371 980 401 in

208 427 415 459 ecclesiastica
439 427 631 465 hierarchia,
662 427 741 457 sicut
766 425 798 456 in
824 424 978 463 angelica,

208 484 303 521 patet,
320 483 378 512 etc.

248 537 278 566 4.
295 534 372 565 Item
385 534 561 565 ostenditur
576 533 671 563 ctiam
684 541 739 571 per
754 530 857 561 simile
872 530 904 559 in
916 538 982 560 cor·

214 589 384 629 poralibus,
399 588 474 627 quia
490 587 586 617 rebus
600 585 816 625 corporalibus
831 583 915 614 dedit
931 592 982 622 po-

209 642 341 672 tentiam
364 640 496 670 curandi
522 649 541 669 a
563 639 676 669 morbo
700 637 853 677 corporali
872 648 878 666 2
905 645 983 674 ergo

209 694 374 725 animabus
394 693 508 723 sanctis
523 692 631 723 debuit
647 692 722 722 dare
736 690 910 730 potentiam
925 698 980 719 cu-

208 747 299 779 randi
312 757 330 777 a
343 747 455 777 morbo
468 745 639 786 spirituali.

249 803 277 831 5.
298 800 375 831 Item
386 800 445 831 hoc
459 799 553 830 etiam
565 799 719 839 probatur
733 807 751 828 a
766 796 893 833 minori,
908 796 984 835 quia

208 856 283 887 dare
298 856 401 896 potuit
415 855 567 885 ministris
584 853 728 885 Eeclesiae
741 852 913 893 potentiam
930 860 984 882 ex-

208 909 343 949 pellendi
359 909 537 939 daemoncs:
555 917 633 945 ergo
650 907 750 937 multo
765 905 878 936 fortius
893 905 984 935 semi-

209 962 338 993 narium
351 971 476 999 eorum,
493 961 577 1001 quod
593 963 639 991 est
654 962 827 1000 peccatum.

250 1018 278 1046 G.
297 1016 375 1046 Item
393 1026 412 1045 a
433 1015 547 1046 minori
563 1014 690 1045 videtur
705 1013 766 1043 alio
782 1013 891 1050 modo,
908 1012 984 1051 quia

208 1070 299 1101 nulla
324 1072 468 1100 creatura
493 1069 630 1099 nobilior
651 1071 698 1099 est
719 1068 827 1098 anima
850 1069 958 1097 sancta
976 1077 981 1096 :

209 1120 264 1151 sed
285 1120 397 1159 gratia}
420 1120 503 1151 dedit
522 1119 696 1159 potentiam
718 1117 893 1158 expellendi
916 1116 985 1147 cul-

209 1183 302 1214 pam:
320 1182 398 1212 ergo
413 1175 443 1204 et
460 1172 576 1203 animae
592 1172 666 1203 dare
682 1171 794 1211 potuit.

250 1227 363 1258 Contra
378 1236 434 1266 per
448 1226 668 1265 Augustulum
688 1229 693 1244 ¹
712 1233 719 1253 2
740 1237 753 1253 «
770 1223 873 1263 Majus
886 1225 932 1253 est
947 1222 985 1252 ‹le

208 1280 307 1320 impio
322 1280 422 1310 facere
447 1279 554 1319 pium,
576 1287 672 1318 quam
693 1286 799 1307 creare
819 1275 935 1306 coelum
955 1277 986 1305 et

209 1336 339 1364 terram.
356 1344 370 1362 ›>
392 1332 452 1363 Sed
473 1332 621 1372 potentia}
637 1330 762 1361 creandi
782 1339 846 1361 non
868 1331 914 1360 est
933 1337 985 1360 ca-

210 1395 273 1426 pax
288 1388 454 1417 creatura:
477 1394 557 1424 ergo
573 1393 629 1415 nec
645 1383 793 1424 potentia}
805 1383 983 1423 justifican-

210 1440 253 1477 di,
269 1440 335 1470 sive
351 1438 527 1469 dimittendi
542 1439 678 1478 peccata.

252 1493 329 1523 ltem
350 1492 453 1523 omnis
479 1492 560 1522 actio
584 1493 631 1522 est
652 1500 707 1530 per
728 1489 985 1530 conjunctionem

211 1546 347 1585 agentis:
367 1545 421 1576 sed
435 1545 521 1576 solus
541 1544 619 1575 Deus
631 1546 733 1584 potest
750 1542 834 1573 illabi
849 1542 983 1572 animas:

211 1607 289 1637 ergo
305 1598 390 1629 solus
404 1599 504 1637 potest
521 1605 673 1637 purgare.

251 1652 329 1682 Item
340 1651 489 1691 purgatio
504 1659 523 1680 a
537 1650 629 1689 culpa
646 1651 692 1680 est
707 1659 725 1679 a
736 1648 895 1689 superiori
911 1659 917 1678 2
933 1648 985 1678 sed

210 1705 295 1737 solus
318 1705 400 1736 Deus
429 1706 475 1734 est
500 1712 597 1743 supra
628 1702 765 1733 liberum
792 1701 959 1733 arbitrium
978 1712 984 1732 :

211 1768 288 1798 ergo
309 1758 394 1789 solus
420 1757 502 1787 Deus
528 1758 629 1796 potest
656 1755 782 1795 culpam
811 1754 985 1791 dimittere,

211 1820 284 1853 quae
299 1813 344 1842 est
359 1811 392 1841 in
407 1810 507 1840 libero
527 1809 670 1840 arbitrio.

252 1865 330 1896 Item
338 1863 471 1894 interius
482 1862 653 1903 baptizare,
669 1864 716 1893 est
730 1861 869 1901 gratiam
884 1860 987 1892 intun-

212 1919 300 1956 dere3
313 1920 343 1949 et
352 1917 489 1957 gratiam
500 1916 677 1954 infundere,
689 1918 735 1947 est
750 1915 852 1955 ipsam
861 1923 984 1945 creare:

212 1973 266 2003 sed
284 1972 382 2002 solius
402 1971 455 2001 Dei
473 1973 519 2001 est
535 1979 642 2001 creare
664 1969 801 2008 gratiam
816 1979 823 1999 :
843 1977 921 2008 ergo
937 1969 987 2008 ip-

214 2025 278 2056 sius
300 2027 423 2055 tantum
449 2026 497 2055 est
524 2023 656 2055 interius
678 2022 852 2062 baptizare,
876 2021 945 2053 sive
969 2031 987 2052 a

214 2078 306 2118 culpa
322 2086 472 2118 purgare.

487 2190 712 2222 CONCLUSIO.

215 2284 373 2311 Potestatem
393 2281 571 2311 auctoritatis,
592 2280 799 2314 cooperationis,
816 2278 986 2312 eaecellentz'oe,

252 2327 438 2357 invocationis,
453 2328 478 2352 et
490 2325 670 2351 institutionis
683 2324 749 2349 Deus
759 2323 844 2349 nonde
855 2323 896 2349 <lit
906 2323 987 2349 minz*-

252 2374 314 2399 strts
330 2369 538 2405 baptizantibus,
552 2368 596 2395 scil
609 2370 711 2394 tcmtum
726 2368 883 2401 nu'ntstertt,
895 2375 988 2402 quam-

252 2418 292 2443 vis
305 2418 404 2450 proetcr
414 2415 533 2448 primam
548 2414 647 2439 ceteras
661 2411 725 2438 darc
735 2413 876 2445 potuisset.

259 2504 351 2543 Resp.
366 2503 404 2534 ad
426 2511 495 2540 arg.
514 2499 685 2531 Dicendum
704 2498 789 2538 quod
810 2499 892 2529 circa
915 2498 988 2538 bap-

219 2558 350 2588 tismum
366 2557 498 2596 possunt
518 2562 574 2584 sex
594 2554 761 2592 potestates
775 2552 937 2590 annotari,
953 2554 989 2583 ut

220 2612 385 2644 videamus
397 2617 494 2650 quam
507 2608 582 2638 dare
592 2606 694 2646 potuit
705 2606 868 2644 Dominus,
881 2609 912 2637 et
922 2616 987 2638 non

765 143 1073 177 SENTENTIARUM
1095 144 1167 174 LlB.
1192 144 1241 176 lV.

1037 210 1131 241 dedit.
1148 210 1255 242 Prima
1269 215 1314 242 est
1333 212 1524 243 auctoritas:
1547 214 1577 243 et
1591 213 1660 244 haec
1678 216 1724 244 est
1743 223 1807 254 qua

1038 263 1119 294 Deus
1134 273 1152 293 a
1167 264 1280 304 seipso,
1294 274 1358 295 non
1372 265 1498 296 aliunde
1514 266 1606 297 habet
1622 269 1804 306 potestatem

1037 317 1170 347 interius
1186 318 1358 349 mundandi
1371 328 1388 348 a
1400 319 1500 358 culpa.
1514 319 1657 350 Secunda
1673 322 1720 350 est
1735 330 1807 351 coo-

1039 370 1218 410 perationis,
1243 373 1277 401 ut
1298 371 1410 409 homo,
1435 375 1559 412 accepta
1579 373 1732 403 divinitus
1753 382 1808 413 po-

1038 424 1150 461 tentia,
1175 424 1204 454 in
1223 424 1276 454 tali
1301 427 1374 455 actu
1390 428 1470 455 esset
1492 428 1685 465 cooperator.
1704 425 1810 457 Tertia

1037 479 1084 507 est
1109 477 1319 515 excellentife,
1346 480 1381 508 ut
1404 478 1579 508 secundum
1601 478 1811 509 abundantio-

1039 539 1105 560 rem
1122 531 1259 569 gratiam
1275 532 1462 562 existentem
1479 532 1510 562 in
1533 532 1727 571 baptizante,
1746 541 1810 562 ma-

1034 584 1138 623 jorem
1160 584 1315 614 conterret
1328 585 1465 623 gratiam
1481 584 1678 624 baptizando.
1693 585 1810 622 Quarta

1039 640 1085 668 est
1106 638 1328 676 invocationis,
1352 641 1386 669 ut
1408 639 1504 669 homo
1526 640 1556 669 in
1580 639 1709 670 nomine
1729 639 1811 670 Petri

1039 692 1187 731 baptizari
1204 692 1311 732 possit,
1324 693 1406 723 sicut
1423 693 1456 722 in
1474 693 1605 723 nomine
1621 692 1745 731 Christi,
1761 692 1812 724 vel

1039 744 1210 775 Trinitatis,
1230 746 1345 782 Quinta
1361 748 1406 776 est
1430 746 1652 783 institutionis,
1677 748 1713 776 ut
1731 746 1813 777 sicut

1040 798 1182 829 Christus
1204 799 1315 830 habuit
1336 802 1520 839 potestatem
1538 799 1723 830 instituendi
1738 799 1812 838 bap-

1039 851 1169 882 tismum
1192 852 1225 882 in
1241 862 1338 892 aqua,
1362 853 1406 882 ita
1420 853 1500 883 alius
1518 852 1647 883 haberet
1660 852 1692 882 in
1713 861 1809 891 aqua,

1039 905 1089 935 vel
1105 905 1190 935 alibi.
1208 905 1303 936 Sexta
1313 908 1360 936 est
1371 905 1624 945 ministerii,qua
1638 905 1691 935 dat
1704 906 1739 935 ut
1755 913 1812 944 per

1040 958 1202 988 hominem
1222 959 1320 998 possit
1342 959 1483 989 exterius
1503 957 1674 988 ministrari
1695 960 1726 988 et
1740 966 1813 988 ver-

1040 1012 1117 1042 bum
1139 1015 1169 1042 et
1190 1013 1395 1043 elementum.
1421 1012 1560 1042 Primam
1583 1021 1640 1042 nec
1658 1011 1733 1041 dare
1753 1019 1812 1051 po—

1039 1065 1110 1102 tuit,
1128 1074 1184 1095 nec
1200 1065 1299 1103 dedit;
1327 1065 1470 1095 ultimam
1492 1065 1565 1095 dare
1583 1064 1701 1104 potuit,
1719 1066 1749 1094 et
1763 1063 1814 1095 de-

1040 1118 1100 1155 dit;
1117 1118 1154 1148 de
1165 1119 1315 1149 omnibus
1326 1118 1522 1149 intermediis
1532 1118 1637 1148 dicunt
1654 1116 1812 1156 magistri,

1040 1171 1124 1211 quod
1140 1172 1213 1202 dare
1230 1173 1346 1211 potuit,
1373 1173 1426 1203 sed
1441 1181 1504 1203 non
1520 1172 1616 1202 dedit.
1634 1170 1812 1202 Secundam

1040 1225 1165 1255 enimet
1179 1226 1303 1255 tertiam
1320 1235 1384 1255 non
1397 1225 1494 1261 dedit,
1509 1234 1548 1255 ne
1561 1234 1631 1264 spes
1641 1225 1673 1254 iu
1684 1223 1813 1254 homine

1040 1280 1222 1317 poneretur,
1239 1278 1313 1317 quia
1332 1278 1358 1307 si
1379 1287 1464 1308 unus
1482 1277 1579 1307 homo
1598 1279 1701 1316 posset
1715 1277 1812 1307 alium
1859 1291 1863 1295 ·

1041 1341 1154 1362 sanare
1180 1331 1406 1371 spiritualiter,
1431 1331 1481 1361 vel
1509 1331 1575 1361 suis
1600 1331 1719 1361 meritis
1744 1330 1814 1370 plns

1040 1384 1078 1414 de
1100 1384 1203 1424 gratia
1227 1385 1319 1422 dare,
1342 1387 1482 1424 speraret
1505 1384 1600 1415 homo
1622 1383 1661 1413 ab
1684 1383 1814 1415 homine

1042 1439 1179 1478 gratiam
1200 1441 1231 1469 et
1251 1438 1390 1469 veniam.
1409 1437 1557 1475 Quartam
1579 1446 1655 1468 vero
1677 1439 1706 1468 et
1721 1437 1814 1477 quin-

1041 1494 1106 1522 tam
1123 1500 1187 1522 non
1203 1491 1305 1529 dedit,
1321 1500 1359 1521 ne
1375 1493 1420 1521 tot
1439 1493 1542 1521 essent
1557 1490 1719 1530 baptismi,
1735 1492 1813 1530 quot

1041 1544 1201 1583 baptistae,
1217 1544 1292 1583 quia
1305 1545 1492 1574 numeratur
1508 1543 1693 1583 baptismus,
1711 1545 1742 1574 et
1757 1543 1810 1574 de-

1041 1597 1224 1627 nominatur
1238 1596 1277 1626 ab
1292 1606 1329 1626 eo
1349 1597 1441 1635 cujus
1457 1596 1586 1626 nomine
1601 1596 1655 1634 fit,
1675 1598 1706 1627 et
1720 1596 1760 1627 ab
1774 1605 1812 1627 eo

1041 1649 1096 1689 qui
1114 1649 1266 1679 instituit:
1288 1650 1319 1679 et
1337 1648 1407 1679 ideo
1415 1664 1426 1684 ,ν
1446 1658 1485 1679 ne
1500 1648 1594 1679 multi
1615 1650 1720 1679 essent
1738 1649 1812 1689 bap-

1041 1702 1137 1740 tismi,
1152 1702 1205 1732 sed
1220 1710 1305 1732 unus
1318 1701 1413 1739 solus,
1429 1701 1564 1731 instituit
1579 1703 1614 1732 ut
1626 1710 1711 1732 unus
1725 1701 1812 1732 solus

1042 1754 1255 1786 invocaretur.
1269 1754 1311 1785 De
1326 1756 1477 1794 potestate
1492 1764 1569 1785 vero
1583 1755 1812 1794 cooperationis

1042 1808 1256 1839 controversia
1273 1810 1334 1845 est;
1356 1808 1430 1847 quia
1454 1806 1602 1846 Magister
1619 1807 1710 1844 dicit,
1727 1807 1813 1848 quod

1042 1860 1129 1892 illam
1152 1861 1226 1892 dare
1253 1861 1366 1901 potuit,
1390 1861 1450 1892 hoc
1474 1864 1580 1892 tamen
1603 1861 1814 1892 communiter

1041 1916 1191 1954 negatur.
1211 1914 1272 1946 Sed
1285 1914 1362 1954 quia
1377 1914 1578 1953 Augustinus
1590 1915 1601 1931 ¹
1616 1914 1740 1946 videtur
1753 1914 1814 1946 hoc

1042 1968 1157 2006 dicere,
1174 1970 1302 2008 propter
1317 1968 1377 1998 hoc
1392 1969 1579 2007 notandum,
1596 1969 1681 2008 quod
1699 1977 1810 2009 coope-

1042 2022 1106 2053 rari
1118 2021 1172 2052 alii
1187 2024 1233 2052 est
1249 2021 1433 2061 dupliciter:
1452 2022 1502 2053 vel
1523 2031 1578 2062 per
1593 2021 1723 2053 modum
1738 2030 1813 2053 vere

1043 2076 1224 2114 efficientis,
1249 2076 1329 2106 sicut
1350 2078 1464 2106 natura
1486 2077 1673 2116 cooperatur
1694 2075 1756 2106 Deo
1779 2075 1812 2106 in

1042 2129 1250 2169 productione
1274 2129 1488 2167 naturalmm,
1515 2131 1545 2159 et
1568 2128 1704 2160 liberum
1727 2128 1811 2159 arbi-

1043 2183 1142 2213 trIum
1159 2182 1272 2221 gratiae
1287 2182 1319 2212 in
1339 2182 1479 2213 faciendo
1499 2191 1580 2222 opus
1594 2182 1810 2220 meritorium;

1042 2235 1093 2266 vel
1112 2244 1169 2275 per
1191 2235 1321 2265 modum
1341 2235 1552 2274 disponentis,
1574 2235 1654 2266 sicut
1670 2243 1815 2275 coopera-

1042 2290 1095 2318 tur
1107 2288 1204 2318 homo
1217 2287 1279 2318 Deo
1290 2290 1445 2327 quantum
1462 2287 1500 2318 ad
1515 2287 1652 2327 gratiam
1665 2288 1814 2328 recipien-

1042 2340 1131 2377 dam,
1149 2340 1226 2379 quia
1249 2350 1282 2370 se
1301 2340 1448 2379 disponit.
1472 2339 1578 2371 l’rimo
1594 2340 1702 2379 modo,
1719 2340 1811 2380 quid-

1043 2393 1120 2433 quid
1143 2393 1289 2423 videatur
1313 2393 1415 2423 dicere
1436 2393 1603 2431 Magister,
1631 2393 1713 2424 Deus
1738 2393 1812 2424 dare

1043 2454 1108 2477 non
1131 2445 1249 2485 potuit,
1274 2446 1349 2485 quia
1372 2448 1515 2476 creatura
1536 2455 1634 2486 capax
1653 2455 1717 2477 non
1737 2445 1810 2483 fuit;

1044 2509 1102 2532 nec
1123 2499 1184 2531 hoc
1207 2499 1301 2530 modo
1319 2498 1473 2530 intellexit
1489 2499 1700 2539 Augustinus.
1725 2497 1813 2530 Sicut

1077 2581 1086 2597 ¹
1098 2581 1173 2611 Aug„
1185 2581 1211 2604 in
1223 2580 1305 2609 loom,
1318 2581 1391 2604 tract.
1403 2585 1521 2610 Lxx11,n.
1533 2577 1693 2608 3.—¹1b1‘d.,
1704 2580 1776 2603 tract.
1787 2586 1812 2609 v,

1046 2622 1070 2641 n.
1087 2617 1110 2639 7.
