2017 2948
191 108 250 138 600
748 98 1054 132 SENTENTIARUM
1078 97 1150 129 LlB.
1175 98 1227 129 tv.

193 170 360 206 Mundam
373 171 440 215 fide
464 170 561 203 corda
586 180 695 202 eorum
709 174 728 201 ¹.
746 158 808 201 Sed
825 178 865 200 ne
888 167 965 199 istas
979 166 1221 210 eleemosynas,
1239 176 1313 210 quae
1338 166 1423 198 fiunt
1437 165 1476 198 de
1491 166 1653 199 fructibus
1667 170 1762 202 terrae
1775 194 1784 209 ,

197 240 347 274 respuere
362 228 510 261 Christus
525 227 690 260 videretur
708 239 715 259 t
735 227 831 265 Hoec,
851 224 958 269 inquit
977 228 1000 266 ¹,
1024 224 1167 268 oportuit
1177 225 1302 267 facere,
1319 224 1440 256 scilicet
1455 223 1619 268 judicium
1637 228 1668 256 et
1682 225 1788 258 chari·

197 291 293 320 tatem
315 286 372 319 Dei
390 312 398 327 ,
415 292 445 318 et
461 286 519 318 illa
544 296 609 317 non
634 285 804 322 omittere,
831 282 863 314 id
880 286 926 314 est
948 282 1170 325 eleemosynas
1193 282 1361 314 fructuum
1387 286 1603 314 terrenorum.
1632 294 1647 312 »
1667 282 1715 315 Ex
1739 282 1789 315 his

198 345 295 377 (latur
309 343 449 386 intelligi
465 342 553 387 quod
569 343 602 375 in
620 346 746 386 peccato
769 340 899 373 mortali
924 343 1170 384 permanentes,
1194 339 1251 372 etsi
1274 339 1497 383 eleemosynas
1522 339 1629 381 largas
1644 339 1785 381 faciant,

197 406 387 435 nontamen
403 411 460 445 per
473 411 527 433 eas
541 399 762 438 satisfaciunt,
780 398 859 442 quia
873 396 1058 430 inordinate
1082 401 1204 440 agunt,
1227 397 1307 430 dum
1332 408 1351 429 a
1374 408 1407 429 se
1433 408 1499 430 non
1524 397 1697 441 incipiunt.
1724 396 1791 430 Nec

200 459 326 504 proprie
341 458 461 491 dicitur
476 458 681 500 eleemosyna
703 455 765 488 tale
790 466 889 499 opus,
907 455 987 487 dum
1008 455 1150 499 sibiipsis
1173 454 1320 487 crudeles
1344 454 1509 497 existunt,
1536 466 1602 487 non
1629 455 1792 499 placentes

201 517 277 550 Deo.
294 515 369 549 Non
383 527 460 558 ergo
482 514 617 547 dicenda
640 518 686 546 est
709 513 766 546 illa
791 513 909 557 peccati
934 512 1130 553 satisfactio,
1156 523 1256 556 quam
1281 512 1355 556 quis
1381 512 1447 555 agit
1468 523 1526 556 pro
1549 523 1616 545 uno
1641 517 1790 556 peccato,

198 575 278 608 dum
294 573 449 618 perdurat
473 573 507 604 in
529 571 630 604 altero
648 584 655 603 :
677 571 756 614 quia
769 571 778 587 ³
794 570 903 602 «nihil
921 570 1050 614 prodest
1061 569 1223 614 jejunare,
1241 574 1272 602 et
1297 581 1409 610 orare,
1427 574 1458 602 et
1478 570 1541 603 alia
1565 570 1651 603 bona
1675 581 1769 613 agere
1782 596 1790 611 ‚

201 632 263 665 nisi
288 641 380 663 mens
394 633 564 662 revocetur
579 640 596 661 a
611 633 738 673 peccato
759 640 765 660 ε
785 641 801 658 ))
818 632 848 660 et
863 629 872 644 ⁵
895 628 921 660 si
945 627 1122 672 aliquando
1145 622 1320 660 conversus
1342 627 1475 659 tacitum
1500 632 1665 672 peccatum
1691 638 1794 661 sacer—

202 689 268 722 doti
284 689 383 721 fucrit
396 687 578 728 confessus,
596 686 635 719 de
651 691 791 730 utroque
807 685 1005 729 imponenda
1023 689 1069 718 est
1084 685 1112 717 ei
1133 685 1326 725 satisfactio;
1344 685 1423 729 quia
1446 685 1485 718 de
1504 686 1610 730 primo
1632 686 1792 729 condigne

205 758 270 780 non
287 746 450 779 satisfecit.

99 813 176 834 Secun-
250 803 454 843 Quibusdam
471 807 580 835 tamen
593 802 725 836 videtur
739 802 839 835 fuisse
861 801 1035 835 satisfactio
1051 828 1058 842 ,
1075 801 1130 834 sed
1145 801 1366 843 infructuosa,
1383 802 1464 835 dnm
1484 802 1518 834 in
1541 806 1669 846 peccato
1693 802 1794 836 altero

106 844 156 863 dum

84 874 186 909 qnosaafu
209 861 349 906 persistit
368 873 374 893 :
393 861 589 906 percipietur
614 865 723 893 tamen
745 859 870 893 fructus
894 860 984 903 ejuS‚
1007 859 1204 904 incipietque
1223 859 1381 903 proficere
1395 885 1403 900 ‚
1420 871 1495 892 cum
1518 860 1638 904 peccati
1662 859 1796 893 alterius

82 907 192 957 sssssiij²¹⁵‘
210 919 409 964 poenituerit.
427 919 520 951 Tunc
534 918 622 951 enim
643 922 822 962 utrumque
839 917 1015 950 dimittitur
1029 921 1195 962 peceatum
1208 942 1216 956 ‚
1235 922 1266 949 et
1288 917 1462 950 satisfactio
1483 917 1668 962 praecedens
1685 917 1795 950 vivifi-

209 982 313 1019 catur,
330 988 402 1021 quae
428 977 533 1009 fuerat
553 980 682 1009 mortua
697 990 704 1017 3
723 976 805 1008 sicut
820 976 1000 1020 baptismus
1016 975 1086 1016 illi,
1103 977 1161 1019 qui
1177 975 1250 1007 fiete
1268 975 1407 1016 accedit,
1425 980 1503 1008 tunc
1520 975 1674 1020 primitus
1689 975 1796 1016 valet,

208 1047 283 1068 cum
300 1035 387 1067 fictio
403 1047 421 1067 a
437 1039 543 1067 mente
563 1034 682 1067 recedit
698 1045 754 1078 per
772 1033 1008 1077 poenitentiam.
1026 1033 1066 1065 Et
1087 1033 1121 1065 in
1137 1033 1235 1077 hujus
1249 1033 1413 1077 opinionis
1428 1033 1672 1066 munimentum
1689 1037 1800 1066 aucto-

209 1093 320 1125 ritates
334 1092 507 1124 inducunt.
526 1092 582 1124 Ait
605 1092 692 1123 enim
711 1091 916 1133 Augustinus
932 1094 941 1109 ⁵
960 1103 966 1122 :
988 1104 1004 1121 «
1021 1090 1117 1123 Pium
1134 1094 1179 1122 est
1200 1090 1329 1123 eredere
1345 1117 1352 1131 ,
1370 1095 1400 1123 et
1418 1094 1527 1123 nostra
1552 1090 1632 1122 fides
1646 1094 1799 1133 expostu-

209 1151 275 1190 lat,
293 1154 329 1182 ut
343 1160 419 1182 cum
433 1149 537 1191 gratia
552 1148 671 1182 Christi
687 1149 721 1181 in
743 1148 876 1181 homine
895 1148 1092 1180 destruxerit
1114 1148 1198 1180 mala
1224 1148 1353 1192 priora,
1372 1148 1469 1181 etiam
1486 1152 1674 1181 remuneret
1688 1148 1797 1189 hona3

209 1212 240 1240 ‹·t
253 1218 327 1240 cum
344 1206 541 1240 destruxerit
556 1206 643 1250 quod
660 1217 757 1238 suum
772 1216 838 1238 non
852 1205 992 1247 invenit,
1003 1205 1119 1248 diligat
1135 1208 1258 1237 bonum
1275 1205 1362 1250 quod
1378 1206 1413 1237 in
1428 1210 1578 1249 peccante
1594 1206 1765 1249 plantavit.
1780 1219 1796 1237 »

210 1266 290 1298 Item
306 1265 528 1308 Hieronymus
543 1266 552 1282 Β
570 1276 576 1295 :
598 1276 612 1294 α
629 1263 663 1295 Si
679 1263 811 1307 quando
828 1263 949 1296 videris
968 1263 1053 1296 inter
1069 1263 1173 1295 multa
1194 1267 1319 1307 peecata
1343 1275 1545 1308 quemquam
1572 1264 1675 1296 facere
1691 1263 1803 1308 aliqua

208 1324 295 1367 justa
310 1334 409 1367 opera
421 1348 429 1363 ,
447 1334 513 1355 non
528 1326 575 1354 est
589 1326 655 1354 tam
671 1322 814 1366 injustus
831 1322 935 1364 Deus,
956 1325 991 1354 ut
1011 1325 1142 1366 propter
1163 1321 1267 1354 multa
1289 1321 1375 1354 mala
1395 1321 1607 1354 obliviscatur
1621 1332 1801 1365 paucorum

214 1383 375 1414 bonorum
391 1394 397 1421 3
415 1380 470 1413 sed
486 1380 577 1413 faciet
592 1391 629 1412 ea
642 1383 762 1412 metere
777 1383 808 1411 et
824 1380 857 1412 in
873 1380 989 1412 horrea
1001 1390 1199 1422 congregare
1213 1405 1220 1420 ‚
1239 1390 1313 1424 quae
1328 1379 1415 1412 bona
1430 1379 1463 1411 in
1478 1383 1564 1411 terra
1585 1379 1770 1412 seminavit.
1783 1393 1798 1410 n

214 1439 277 1472 Sed
300 1439 369 1471 haee
393 1438 476 1471 dicta
502 1438 718 1481 intelligimus
741 1437 780 1470 de
804 1437 878 1478 illo,
900 1438 958 1482 qui
985 1437 1018 1470 in
1043 1437 1200 1470 charitate
1223 1437 1367 1482 quodam
1391 1442 1535 1482 tempore
1559 1437 1644 1470 bona
1659 1437 1754 1478 facit,
1773 1441 1804 1470 et

214 1498 320 1529 bonus
334 1501 399 1536 est,
416 1496 480 1529 alio
495 1507 572 1528 vero
588 1500 731 1539 tempore
748 1495 854 1528 malus
869 1499 935 1535 est,
951 1499 982 1528 et
998 1495 1102 1528 multa
1115 1499 1242 1539 peccata
1255 1495 1343 1527 facit.
1362 1494 1435 1527 Non
1458 1506 1535 1538 ergo
1550 1495 1803 1538 intelligendum

215 1559 262 1587 est
286 1565 361 1587 eum
385 1554 470 1586 inter
487 1552 591 1585 multa
605 1556 732 1597 peccata
752 1553 841 1596 justa
856 1564 953 1596 opera
978 1553 1104 1594 fecisse,
1122 1553 1215 1597 quasi
1240 1553 1339 1585 simul
1365 1553 1544 1597 eodemque
1570 1557 1713 1598 tempore
1735 1563 1807 1597 pec-

215 1616 285 1645 cata
304 1612 413 1644 feeerit
432 1611 561 1655 etjusta
575 1622 671 1655 opera
685 1623 692 1651 ;
711 1610 764 1642 sed
781 1610 916 1643 diversis
933 1610 1134 1654 temporibus
1150 1615 1287 1655 utraque
1304 1611 1426 1642 fecisse.
1444 1611 1513 1643 Nisi
1534 1611 1621 1644 enim
1637 1611 1743 1644 bonus
1758 1610 1808 1644 fo-

217 1674 265 1702 ret
279 1669 411 1714 quando
426 1669 511 1701 hona
527 1669 612 1709 fecit,
632 1680 697 1701 non
713 1668 887 1700 seminasse
903 1668 1063 1700 diceretur
1079 1667 1112 1699 in
1129 1672 1214 1700 terra
1226 1668 1322 1700 bona.
1342 1668 1518 1700 Destructis
1534 1680 1610 1711 ergo
1627 1669 1722 1701 malis
1737 1672 1808 1713 post

217 1738 314 1771 opera
335 1727 420 1759 bona
441 1726 641 1767 commissis,
665 1726 773 1769 priora
797 1725 898 1766 hona,
921 1726 954 1757 in
977 1725 1132 1758 charitate
1156 1726 1277 1758 scilicet
1305 1726 1407 1767 faeta,
1434 1737 1506 1770 quae
1529 1727 1699 1770 sequentia
1722 1726 1809 1759 mala

219 1785 512 1825 mortificaverant,
536 1783 727 1828 poenitentia
752 1784 790 1815 de
813 1783 879 1815 illis
901 1783 994 1815 malis
1018 1783 1129 1816 habita
1151 1783 1374 1816 vivificantur.
1398 1784 1491 1816 Unde
1511 1784 1708 1828 Apostolus⁷
1726 1795 1732 1814 :
1753 1785 1812 1817 Ja-

219 1844 337 1876 cientes
347 1841 608 1886 fundamentum
621 1841 828 1885 poenitentia>
843 1841 884 1872 ab
898 1841 1046 1886 operibus
1061 1842 1199 1874 ηὶονίιιίε
1212 1853 1224 1880 ,·
1239 1852 1337 1885 opera
1356 1845 1484 1874 mortua
1499 1841 1684 1883 nominans,
1702 1841 1811 1886 priora

220 1902 304 1933 lmna
319 1900 481 1942 significat
496 1925 504 1939 ‚
521 1910 593 1943 qnae
609 1910 665 1943 per
679 1911 818 1943 sequeus
834 1905 999 1943 peccatum
1015 1903 1107 1931 erant
1123 1903 1270 1940 mortua,
1287 1899 1364 1943 quia
1378 1899 1411 1931 hi
1427 1899 1588 1942 peccando
1604 1899 1712 1944 priora
1724 1899 1810 1933 bona

221 1959 313 1990 irrita
328 1958 485 1992 fecerunt.
504 1956 579 1990 Haec
594 1983 601 1997 ,
619 1957 701 1989 sicut
723 1956 883 2000 peccando
907 1956 993 1989 fiunt
1016 1956 1128 1997 irrita,
1150 1957 1193 1989 ita
1215 1968 1271 2001 per
1294 1956 1519 2000 poenitentiam
1543 1957 1763 1997 reviviscunt,
1779 1961 1811 1990 et

221 2016 262 2049 ad
286 2016 439 2048 meritum
463 2015 651 2048 {eternitatis
674 2014 825 2059 prodesse
848 2015 1021 2059 incipiunt.
1041 2014 1200 2047 Similiter
1223 2018 1254 2047 et
1274 2014 1357 2046 illud
1373 2014 1496 2047 bonum
1521 2018 1607 2047 amat
1620 2014 1707 2047 Deus
1722 2014 1810 2059 quod

224 2073 382 2118 plantavit
410 2073 444 2105 in
473 2076 622 2117 peccante
637 2099 643 2113 ,
670 2072 704 2104 in
733 2072 791 2105 illo
823 2072 942 2105 scilicet
957 2098 964 2113 ‚
982 2072 1040 2116 qui
1070 2076 1139 2116 post
1169 2072 1253 2104 illud
1274 2072 1398 2104 bonum
1421 2072 1564 2116 peccavit
1580 2098 1588 2113 ,
1617 2083 1683 2105 non
1713 2072 1811 2105 simul

223 2142 357 2175 peccans
371 2134 401 2163 et
415 2130 540 2162 bonum
555 2141 692 2174 operans
707 2130 815 2162 extitit
829 2145 836 2168 ;
853 2130 931 2174 quia
948 2130 1022 2162 talis
1036 2130 1179 2162 hominis
1193 2141 1275 2174 opus
1297 2141 1363 2162 non
1379 2130 1529 2172 diligeret
1545 2130 1631 2162 Deus
1646 2130 1685 2162 ad
1703 2141 1812 2163 remu-

225 2189 439 2222 nerationem.
453 2188 563 2220 Potest
573 2189 669 2220 etiam
681 2192 691 2207 ⁸
703 2188 802 2232 accipi
819 2188 858 2220 de
874 2188 1027 2232 operibus
1041 2188 1147 2228 bonis,
1164 2198 1235 2231 qum
1251 2187 1290 2220 ab
1306 2187 1417 2231 aliquo
1431 2187 1516 2219 fiunt
1530 2187 1609 2220 dum
1628 2187 1734 2221 malus
1752 2192 1811 2229 est,

226 2247 309 2280 etin
324 2250 452 2291 peccato
476 2245 604 2278 mortali
629 2246 789 2289 persistit,
814 2246 865 2278 vel
891 2246 930 2278 ad
959 2251 1106 2289 tempus,
1124 2245 1175 2277 vel
1192 2256 1294 2289 usque
1319 2245 1352 2277 in
1376 2245 1475 2278 finem
1496 2257 1502 2276 :
1521 2256 1595 2289 quae
1619 2245 1774 2278 dicuntur
1796 2257 1815 2278 a

228 2305 294 2338 Deo
309 2304 513 2337 remunerari
529 2308 559 2336 et
573 2314 639 2335 non
655 2303 725 2335 dari
739 2303 916 2343 oblivioni,
935 2314 999 2336 non
1014 2303 1092 2347 quia
1114 2302 1285 2347 proficiant
1306 2302 1345 2334 ad
1369 2303 1469 2335 vitam
1489 2306 1645 2335 aeternam
1666 2303 1815 2336 obtinen-

229 2363 305 2396 dam
319 2389 327 2405 ,
345 2362 399 2395 sed
415 2362 455 2394 ad
471 2361 675 2394 tolerabilius
689 2362 825 2393 extremi
838 2361 950 2404 judieii
967 2360 1165 2405 supplicium
1180 2360 1405 2401 sentiendum3
1423 2360 1505 2393 sicut
1519 2361 1558 2393 de
1574 2361 1637 2393 fide
1653 2365 1684 2393 et
1695 2360 1816 2394 caeteris

230 2432 302 2464 quae
316 2420 385 2452 sine
400 2419 555 2452 charitate
581 2418 743 2452 habentur
758 2419 965 2461 Augustinus
978 2418 1023 2451 ait
1037 2422 1046 2438 ⁹
1065 2430 1072 2450 ;
1091 2431 1108 2450 ‹<
1125 2418 1161 2450 Si
1181 2418 1255 2462 quis
1275 2429 1341 2450 non
1363 2417 1493 2451 habens*
1507 2418 1697 2451 charitatem
1712 2444 1720 2460 ‚
1742 2428 1816 2462 quae

264 2506 269 2521 ¹
288 2505 402 2534 Enchin,
416 2511 437 2528 c.
454 2506 562 2533 Lxxvm,
580 2511 604 2527 n.
625 2505 659 2528 19.
677 2517 707 2521 -
724 2504 735 2520 ²
751 2504 818 2534 Luc„
838 2510 873 2533 xi,
896 2505 933 2527 42.
951 2517 981 2521 —
1000 2503 1009 2520 ³
1027 2504 1060 2526 De
1077 2503 1173 2530 Poenz'!.,
1193 2502 1250 2526 dist.
1267 2508 1306 2533 ιιι,
1322 2510 1342 2526 c.
1359 2503 1433 2526 Nihil
1446 2503 1555 2534 prodest.
1573 2515 1603 2520 -
1621 2504 1628 2516 ¹
1647 2502 1703 2526 Pius
1723 2502 1771 2526 ΡΡ.
1789 2515 1815 2519 -

233 2543 240 2556 ⁵
254 2542 308 2565 lmo
323 2542 411 2564 auctor
425 2540 467 2564 tib.
482 2540 511 2563 de
527 2547 581 2563 reru
598 2542 621 2563 el
639 2539 705 2569 falsa
722 2539 821 2569 PoeniL,
836 2546 858 2562 c.
874 2545 927 2569 siv,
943 2546 969 2562 n.
982 2541 1005 2562 9.
1016 2552 1046 2556 —
1058 2539 1068 2553 ὅ
1084 2538 1198 2568 Hieron„
1220 2539 1314 2562 Comm.
1328 2539 1353 2562 m
1368 2539 1442 2569 1499„
1459 2544 1477 2568 1,
1489 2540 1512 2562 6.
1528 2551 1557 2557 -
1573 2538 1582 2555 '¹
1598 2537 1682 2567 Helm,
1699 2543 1735 2567 vt,
1751 2539 1771 2562 l.
1788 2550 1818 2555 —

233 2577 241 2590 ⁸
254 2577 315 2602 Haec
329 2575 436 2600 habetur
449 2575 481 2599 da
495 2576 596 2605 Pamin,
608 2574 665 2600 dist.
680 2580 718 2605 111,
730 2582 751 2598 c.
767 2574 833 2604 Quid
844 2581 902 2605 erqo
916 2576 1003 2605 potest,
1014 2573 1028 2605 ἓ
1041 2573 1121 2598 Potest
1133 2574 1217 2598 etiam.
1231 2586 1256 2591 -
1269 2574 1280 2591 ⁹
1290 2576 1364 2605 Aug„
1377 2573 1406 2597 de
1420 2574 1518 2604 Poenit.,
1531 2580 1554 2598 c.
1569 2578 1639 2603 xxm,
1651 2579 1677 2596 u.
1693 2573 1732 2598 23.
