2017 2948
611 160 705 191 DlST.
729 158 794 190 XII.
820 157 934 188 PART.
957 158 993 188 ΙΙ.
1016 157 1106 188 ART.
1131 157 1169 188 ΙΙ.
1193 157 1342 194 QUAEST.
1368 159 1419 190 111.

219 227 298 257 lutio
312 227 444 258 veniens
463 236 503 258 ex
522 228 606 268 turpi
625 226 832 265 cogitatione,
849 225 900 256 vel
914 234 985 255 cra-

219 280 308 319 pula;
332 280 477 320 quaedam
501 284 547 310 est
568 281 737 319 coniuncta
760 278 915 318 spirituali
936 287 984 308 se-

219 333 359 363 cundum
375 333 636 370 conformitatem,
650 334 686 362 ut
700 331 830 372 pollutio
854 331 986 361 veniens

219 395 258 416 ex
269 386 420 417 diabolica
434 386 590 422 illusione,
607 386 658 416 vel
672 395 711 415 ex
728 387 851 415 naturae
872 393 986 423 super-

217 439 348 477 fluitate,
365 439 397 469 in
410 448 473 478 qua
493 439 627 469 sentitur
648 438 792 478 pruritus
806 439 837 467 et
853 436 985 466 delecta-

217 491 465 529 tioinordinata;
487 491 634 531 quaedam
657 499 734 521 vero
760 492 807 520 est
830 498 902 529 quae
922 498 985 519 non

217 547 263 575 est
279 546 447 584 conjuncta
459 544 625 584 spirituali,
644 546 751 574 tamen
766 545 811 573 est
827 551 986 581 generans

216 597 381 629 horrorem
395 597 606 628 immunditiae
622 597 656 627 in
671 596 789 634 anima,
804 598 840 626 ut
854 594 986 635 pollutio

217 651 345 681 veniens
360 659 397 680 ex
418 650 617 687 infirmitate5
634 649 781 689 quaedam
806 650 915 679 autem
941 650 987 678 est

216 713 295 743 pure
307 703 477 743 corporalis
491 703 615 733 nullum
628 703 794 733 horrorem
811 702 985 732 immundi-

217 757 270 787 tiae
296 757 328 786 in
350 757 457 787 anima
474 765 650 794 generans,
673 757 708 786 ut
731 755 931 785 immunditia
955 755 987 784 in

216 809 304 849 pede.
336 809 444 839 Prima
470 809 672 839 immunditia
700 808 850 848 impedit,
889 816 986 847 prop-

216 865 263 892 ter
279 862 339 892 hoc
362 862 446 901 quod
467 862 562 892 homo
584 862 675 892 debet
696 863 843 901 reputare
869 871 901 892 se
922 861 986 891 im-

216 915 384 945 mundum.
413 914 499 945 Unde
527 924 590 945 non
619 915 728 954 recipit
751 916 985 945 sacramentum

216 977 289 999 cum
317 968 509 1005 reverentia,
533 969 589 1008 qui
617 968 661 998 sic
694 968 879 998 immundus
913 969 983 1005 est,

216 1022 276 1052 nisi
290 1022 457 1052 necessitas
472 1022 637 1061 compellat
654 1032 660 1051 :
679 1023 709 1051 ct
724 1023 851 1060 propter
869 1020 985 1050 irreve-

215 1075 350 1105 rentiam
359 1075 502 1114 privatur
510 1075 625 1111 fructu,
633 1076 664 1104 et
672 1074 804 1103 incurrit
816 1073 982 1109 damnum,

215 1127 358 1158 Secunda
377 1128 596 1165 immunditia,
612 1136 685 1166 quae
705 1128 751 1156 est
780 1126 813 1156 in
838 1126 984 1156 illusione

215 1180 378 1217 diabolica,
385 1190 492 1211 arcere
503 1181 595 1210 debet
605 1189 644 1210 ex
652 1188 810 1218 congruo,
819 1179 981 1218 quoniam,

214 1234 360 1273 quamvis
374 1243 438 1264 non
453 1234 492 1264 sit
506 1235 628 1264 certum
638 1257 646 1271 ‚
663 1233 746 1272 quod
763 1233 802 1262 sit
821 1232 927 1262 anima
942 1232 984 1261 ibi

214 1287 382 1325 maculata,
403 1289 510 1317 tamen
533 1287 739 1326 probabiliter
760 1288 863 1326 potest
890 1286 982 1316 dubi-

214 1339 274 1370 tari
292 1350 298 1370 :
316 1341 347 1369 et
376 1340 445 1370 ideo
469 1340 523 1379 qui
553 1349 585 1369 se
605 1341 731 1379 reputat
756 1339 960 1369 immundum
973 1363 980 1377 ,

213 1392 294 1436 bene
310 1393 392 1423 facit.
403 1392 489 1423 Unde
501 1393 637 1423 Isidorus
652 1393 699 1431 (sle
712 1392 816 1430 Cous„
830 1392 958 1431 dist.v1)
974 1403 980 1422 ε

218 1457 232 1473 α
258 1445 406 1485 Quisquis
443 1448 600 1476 nocturna
636 1446 780 1476 illusione
812 1445 980 1485 polluitur,

212 1500 362 1538 quamvis
376 1500 467 1529 extra
485 1499 673 1529 memoriam
696 1498 839 1538 turpium
860 1498 981 1537 cogita-

212 1553 336 1583 tionum
352 1562 418 1583 sese
434 1553 618 1592 praesentiat
633 1552 854 1592 inquinatum;
875 1554 982 1582 tamen

212 1605 290 1642 hoc,
313 1608 349 1636 ut
374 1607 568 1643 tentaretur,
595 1605 698 1645 culpae
726 1614 792 1636 suae
818 1605 980 1642 attribuat,

211 1668 367 1698 suamque
380 1659 615 1689 immunditiam
637 1659 744 1689 statim
770 1658 898 1689 fletibus
916 1660 980 1689 ter-

212 1714 279 1751 gat.
292 1723 306 1741 n
323 1712 427 1742 Tertia
442 1712 649 1742 immunditia
664 1714 711 1742 est
727 1712 888 1749 differens,
905 1712 981 1751 quia

210 1768 338 1796 tantum
352 1767 399 1796 est
414 1774 522 1804 poena,
540 1767 570 1795 et
588 1765 657 1795 ideo
678 1774 742 1795 non
762 1766 857 1794 arcet.
878 1764 910 1794 Si
932 1766 980 1795 ta-

212 1828 287 1849 men
310 1819 431 1848 ratione
451 1818 594 1848 horroris
617 1817 789 1854 abstineat,
805 1817 930 1848 devotio
950 1820 981 1848 et

211 1871 389 1902 reverentia
408 1872 454 1901 est
479 1870 636 1900 laudanda
653 1881 658 1900 τ
680 1870 764 1900 unde
784 1879 841 1900 nec
864 1870 981 1901 mulier

211 1925 407 1954 menstruata
426 1925 561 1960 arcetur,
584 1932 642 1953 nec
663 1923 758 1953 etiam
781 1923 896 1953 mulier
910 1927 980 1963 post

209 1979 346 2016 partum,
370 1976 450 2006 sicat
464 1975 572 2006 dicunt
592 1977 679 2015 jura.
709 1976 750 2006 De
766 1976 868 2015 primo
892 1985 981 2016 repe-

208 2030 270 2060 ries
285 2029 318 2059 in
333 2029 466 2065 Decreto,
483 2028 554 2059 dist.
572 2038 620 2066 νη
637 2029 674 2059 de
688 2029 835 2066 secundo,
852 2031 976 2060 extrav.

207 2082 261 2113 lib.
275 2082 315 2113 ΙΙΙ
332 2082 370 2113 de
381 2082 612 2120 Petrisz'catz'one
625 2086 697 2121 post
706 2085 847 2121 partum.
861 2082 978 2119 Quarta

207 2135 390 2174 simpliciter
409 2137 457 2165 est
477 2135 660 2165 indifferens
678 2135 760 2166 inter
785 2145 895 2166 omnes
920 2136 978 2166 has

207 2187 452 2218 immundstias'.
466 2186 570 2218 Prima
585 2188 689 2227 magis
704 2188 846 2229 impedit,
865 2189 978 2219 ultima

206 2240 295 2270 nullo
325 2241 432 2278 modo3
462 2250 572 2271 omnes
598 2244 705 2272 tamen
731 2242 909 2282 impediunt
939 2243 977 2273 de

206 2302 351 2332 congruo
378 2294 552 2325 secundum
576 2294 705 2333 gradus.
733 2294 837 2333 Unde,
859 2296 885 2326 si
906 2297 978 2336 quis

207 2348 329 2385 quaerat
354 2348 465 2377 utrum
492 2356 635 2387 semper,
665 2349 791 2387 quando
824 2350 978 2389 polluitur

208 2399 423 2439 corporaliter,
439 2408 560 2430 cessare
574 2401 706 2438 debeat,
721 2401 890 2433 dicendum
905 2405 953 2434 est
967 2428 974 2441 ,

207 2452 291 2492 quod
306 2451 332 2482 si
348 2452 442 2482 sentit
456 2452 706 2492 inquinationem
729 2454 814 2484 illam
837 2456 975 2487 multum

208 2505 348 2536 animam
358 2505 535 2543 inclinasse,
546 2507 621 2545 quia
633 2507 666 2537 in
675 2510 748 2539 actu
762 2509 814 2540 illo
829 2511 865 2540 fit
877 2511 973 2542 homo

209 2568 291 2597 caro,
308 2559 375 2589 sive
389 2558 422 2588 in
436 2559 566 2594 somnis,
580 2560 648 2590 sive
662 2560 695 2591 in
710 2561 841 2601 vigiliis,
858 2573 974 2596 consu-

244 2622 319 2646 ¹Vid.
334 2624 359 2646 S.
376 2622 476 2651 Thom.,
493 2623 534 2653 ill,
551 2631 574 2653 q.
590 2630 666 2652 Lxxx,
682 2627 728 2649 art⁴
745 2626 767 2648 7.

1753 160 1810 189 537

1041 224 1170 255 lendum
1189 227 1270 255 esset
1293 225 1321 255 ei
1344 225 1446 257 facere
1467 227 1679 258 reverentiam
1701 236 1808 257 sacra-

1042 279 1160 308 mento.
1178 277 1210 308 Si
1225 279 1332 308 autem
1349 279 1443 310 sentit
1464 283 1611 311 naturam
1632 280 1737 319 magis
1752 288 1807 311 ex·

1042 331 1192 370 peditam,
1209 333 1239 362 et
1254 331 1387 363 ulterius
1401 333 1526 365 devotio
1549 335 1655 365 trahat
1678 334 1715 365 ad
1738 343 1809 374 per-

1042 385 1216 424 ceptionem
1229 409 1238 423 ,
1256 387 1286 416 et
1301 386 1471 417 solennitas
1487 388 1606 425 trahat,
1624 388 1674 418 vel
1691 387 1808 426 aliquid

1042 438 1126 477 quod
1138 438 1278 469 multum
1293 442 1513 479 recompenset
1522 452 1529 478 ;
1546 443 1622 471 tunc
1641 441 1811 470 arbitrarer

1042 491 1147 530 ipsum
1163 491 1230 522 sine
1246 481 1389 522 remorsu
1408 502 1496 532 posse
1518 493 1676 524 accedere.
1694 493 1808 523 Conce-

1041 543 1181 574 dendum
1204 554 1292 584 ergo,
1319 545 1399 585 quod
1429 546 1531 576 solum
1561 548 1690 585 propter
1710 545 1811 575 carnis
1828 567 1868 586 mg,

1042 597 1275 628 immunditiam
1292 607 1356 629 non
1372 599 1561 638 impeditur;
1580 599 1632 629 sed
1648 599 1724 638 quia
1743 599 1812 629 haec

1042 650 1423 690 immunditia'conjuncta
1438 654 1484 682 est
1499 652 1713 683 immunditiae
1726 661 1812 682 men-

1042 703 1095 740 tis3
1107 713 1163 734 nec
1173 704 1276 734 solum
1290 706 1418 744 propter
1429 705 1666 735 immunditiam
1682 705 1809 742 mentis,

1041 757 1116 796 quia
1133 758 1282 796 cogitatio
1306 758 1367 787 cito
1387 759 1516 796 transit,
1533 759 1585 789 sed
1610 759 1813 789 immunditia

1041 810 1144 840 carnis
1159 811 1324 841 horrorem
1340 811 1505 850 relinquit,
1521 814 1551 841 et
1566 812 1684 842 diutius
1704 812 1810 849 durat,

1041 866 1072 893 et
1088 864 1262 901 inordinat;
1273 866 1303 894 et
1315 864 1384 894 ideo
1395 865 1543 903 quamvis
1553 865 1684 904 pollutio
1694 866 1732 895 sit
1745 874 1813 904 pec-

1041 919 1146 947 catum
1162 917 1295 954 veniale,
1312 918 1418 956 magis
1433 919 1541 947 tamen
1555 918 1697 957 impedit,
1715 927 1812 957 quam

1041 969 1124 999 aliud
1135 969 1269 1006 veniale,
1280 972 1408 1008 propter
1418 969 1560 999 horroris
1569 969 1811 1000 diuturnitatem

1041 1022 1071 1049 et
1087 1021 1240 1059 maJ'orem
1255 1020 1538 1050 deordinationem.

1082 1076 1109 1103 1.
1125 1073 1173 1103 Ad
1188 1073 1263 1103 illud
1288 1073 1371 1112 quod
1387 1073 1546 1112 objicitur,
1572 1072 1654 1112 qnod
1672 1072 1813 1102 immun-

1040 1126 1115 1155 ditia
1131 1125 1310 1165 corporalis,
1322 1126 1397 1165 quia
1411 1126 1592 1165 corporalis,
1610 1126 1741 1164 impedit
1757 1134 1812 1164 per

1040 1179 1156 1216 legem,
1177 1178 1344 1208 dicendum
1365 1178 1449 1217 quod
1470 1188 1533 1208 non
1552 1178 1651 1215 valet3
1666 1178 1741 1217 quia
1761 1178 1811 1208 lex

1040 1232 1112 1262 data
1126 1233 1172 1261 est
1195 1232 1227 1261 in
1249 1240 1331 1262 onus
1354 1234 1383 1261 et
1405 1232 1437 1261 in
1455 1233 1605 1270 figuram,
1624 1233 1654 1261 et
1667 1240 1723 1270 per
1743 1231 1811 1261 illas

1041 1284 1258 1314 immunditias
1287 1285 1510 1323 figurabantur
1541 1284 1719 1324 spirituales
1746 1284 1810 1314 im-

1040 1337 1219 1367 munditiae.

1080 1393 1109 1421 2.
1126 1391 1172 1421 Ad
1190 1391 1265 1422 illud
1280 1392 1365 1431 quod
1375 1391 1524 1431 objicitur
1533 1391 1571 1422 de
1586 1392 1810 1431 conjunctione

1039 1455 1111 1476 eum
1127 1456 1242 1484 uxore,
1260 1447 1431 1477 dicendum
1456 1447 1539 1487 quod
1564 1456 1636 1477 raro
1655 1447 1811 1485 contingit

1038 1500 1123 1539 quod
1134 1500 1230 1530 homo
1242 1501 1458 1540 conjungatur
1472 1501 1645 1530 secundum
1659 1500 1749 1530 illum
1763 1509 1810 1530 ac-

1038 1557 1108 1584 tum
1122 1554 1263 1583 debitum
1279 1554 1436 1592 exigendo
1450 1578 1458 1592 ‚
1475 1554 1554 1593 quin
1579 1553 1618 1583 sit
1636 1553 1679 1583 ibi
1704 1553 1811 1592 aliqua

1038 1607 1146 1646 culpa3
1164 1608 1190 1637 si
1214 1609 1322 1637 antem
1346 1607 1449 1637 solum
1474 1607 1633 1638 reddendo
1654 1607 1808 1644 debitum,

1038 1669 1103 1690 non
1119 1660 1211 1690 credo
1229 1660 1312 1699 quod
1329 1660 1439 1690 debeat
1455 1660 1590 1697 retrahi,
1607 1659 1667 1689 nisi
1681 1659 1719 1689 de
1734 1668 1807 1689 con-

1039 1723 1133 1753 gruo,
1147 1715 1197 1744 vel
1221 1714 1316 1744 etiam
1339 1723 1433 1743 causa
1456 1713 1551 1752 prolis
1573 1724 1578 1742 :
1602 1715 1633 1743 et
1655 1713 1715 1742 hoc
1736 1713 1809 1743 dicit

1038 1767 1225 1806 Gregorius,
1250 1769 1280 1797 et
1300 1767 1447 1804 habetur,
1462 1766 1500 1797 de
1527 1766 1665 1803 Consec„
1687 1766 1760 1796 dist.
1776 1775 1807 1795 11.

1078 1822 1107 1850 3.
1129 1820 1176 1850 Ad
1197 1820 1273 1850 illud
1290 1819 1374 1859 quod
1391 1819 1548 1859 objicitur,
1563 1828 1661 1858 quare
1676 1819 1808 1858 pollutio

1038 1873 1188 1912 impedit,
1221 1872 1389 1902 dicendum
1411 1872 1496 1911 quod
1516 1872 1638 1902 ratione
1661 1872 1809 1911 pollutio—

1037 1926 1086 1956 nis
1115 1926 1217 1955 carnis
1245 1927 1423 1965 conJunclae
1454 1925 1619 1964 pollutioni
1655 1926 1771 1955 mentis
1798 1937 1805 1955 ;

1037 1979 1111 2019 quia
1137 1988 1176 2009 ex
1211 1979 1270 2009 hac
1303 1979 1477 2018 pollutione
1514 1988 1546 2008 se
1586 1979 1806 2017 immundum,

1036 2035 1067 2063 et
1101 2032 1324 2072 indispositum
1363 2034 1511 2071 reputare
1545 2031 1638 2062 debet
1669 2032 1708 2062 ad
1748 2032 1808 2062 hoc.

1035 2088 1269 2116 sacramentum
1284 2085 1404 2115 ratione
1419 2085 1578 2124 praedicta.

1075 2142 1104 2170 4.
1130 2139 1175 2170 Ad
1199 2138 1273 2169 illud
1299 2138 1383 2178 quod
1414 2138 1574 2176 oblicitur,
1591 2138 1675 2178 quod
1701 2139 1807 2177 diligit

1037 2193 1116 2223 Deus
1131 2191 1318 2222 munditiam
1327 2190 1532 2230 corporalem,
1543 2190 1710 2221 dicendum
1723 2191 1807 2230 quod

1035 2256 1147 2277 verum
1159 2248 1205 2276 est
1220 2248 1363 2283 eatenus,
1375 2246 1458 2285 quod
1475 2245 1592 2275 excitat
1605 2245 1806 2276 devotionem

1035 2300 1150 2330 mentis
1168 2310 1173 2329 :
1193 2308 1209 2329 e
1224 2299 1382 2329 contrario
1404 2299 1608 2329 abominatur
1629 2298 1805 2328 immundi-

1034 2354 1111 2384 tiam
1126 2353 1333 2393 corporalem,
1351 2361 1425 2391 quae
1441 2354 1487 2381 est
1505 2352 1556 2382 via
1574 2351 1613 2381 ad
1630 2352 1806 2381 irreveren-

1034 2409 1110 2438 tiam
1126 2407 1243 2437 mentis
1260 2417 1266 2436 :
1282 2408 1314 2436 et
1332 2405 1402 2436 talis
1423 2405 1503 2434 bene
1526 2404 1666 2443 impedit.
1688 2403 1726 2434 Et
1750 2413 1806 2443 per

1034 2462 1094 2491 hoc
1108 2462 1193 2500 patet
1208 2468 1359 2499 sequens;
1374 2458 1448 2497 quia
1466 2457 1641 2487 immundis
1657 2457 1805 2488 manibus

1034 2523 1099 2544 non
1122 2515 1234 2544 tractat
1259 2511 1372 2542 Christi
1395 2520 1527 2550 corpus,
1543 2510 1602 2540 nisi
1628 2510 1725 2540 homo
1747 2511 1803 2550 qui

1035 2566 1190 2597 modicam
1210 2568 1266 2596 aut
1286 2565 1407 2595 nullam
1422 2564 1550 2594 adhibet
1575 2562 1802 2595 reverentiam.

1074 2623 1103 2650 5.
1122 2620 1169 2651 Ad
1184 2619 1268 2650 aliud
1289 2619 1327 2649 de
1351 2618 1555 2650 immunditia
1576 2617 1692 2651 veniali
1717 2619 1804 2658 patet

1828 499 1917 526 Exposi-

1827 534 1855 550 tio
1865 534 1930 550 ralio-
