2017 2948
51 1182 154 1204 Fundam.

591 197 684 229 DlST.
708 198 758 228 XI.
783 196 898 228 PART.
924 197 943 226 l.
969 195 1058 226 ART.
1083 195 1105 226 Ι.
1127 195 1275 233 QUAEST.
1300 196 1338 227 II.

171 266 317 298 dientiae:
341 267 393 298 sed
416 276 453 297 ex
476 268 563 305 parte
578 264 801 302 transmutati,
822 264 876 294 ubi
891 266 937 294 est

172 321 310 361 potentia
327 319 506 357 materialis,
523 327 586 349 non
602 318 733 348 omnino
748 318 868 349 tollitur
882 330 888 350 1
907 322 937 349 et

171 374 240 405 ideo
255 375 395 405 remanet
414 372 491 402 illud
504 396 511 409 ,
536 372 568 401 in
589 381 652 411 quo
670 371 819 401 fundatur
834 382 840 402 :
858 381 937 412 ergo

172 428 297 458 videtur
312 426 394 466 quod
415 425 560 455 similiter
574 426 605 455 in
620 425 680 456 ista
695 425 813 464 aliquid
831 435 934 456 rema-

172 483 262 518 neat,
280 480 313 510 in
327 488 389 518 quo
402 480 544 509 remanet
564 477 750 508 obedientiae
766 479 916 517 potentia.

212 536 240 564 3.
268 533 344 564 Item
365 532 401 562 de
421 532 541 562 ratione
561 531 745 561 mutationis
768 534 832 570 est,
854 533 938 571 quod

171 586 264 624 illud,
288 586 372 625 quod
387 588 538 623 mutatur,
561 585 650 615 aliter
669 594 700 615 se
719 585 814 615 habet
832 595 936 623 nunc,

171 649 269 679 quam
292 639 403 679 prius:
428 639 480 669 sed
499 639 588 678 panis
607 640 748 669 mutatur
771 639 802 668 in
827 647 940 678 corpus

171 693 305 724 Christi:
332 702 410 731 ergo
435 692 525 722 aliter
544 701 576 722 se
597 692 693 722 habet
714 701 818 729 nunc,
843 701 939 732 quam

172 748 260 786 prius
277 758 283 776 z
307 746 360 776 sed
379 746 463 785 quod
479 745 568 776 aliter
589 755 674 776 nunc
688 755 720 775 se
735 746 829 776 habet
844 755 939 785 quam

172 799 278 838 prius,
304 799 409 838 aliquo
432 798 525 829 modo
548 801 675 828 manet:
698 807 777 836 ergo
800 802 829 828 et
852 799 940 838 panis

170 853 344 883 seeundum
360 852 479 891 aliquid
495 852 541 882 sui
558 856 673 882 manet.

211 907 240 935 4.
258 904 336 935 ltem
352 905 617 944 quandocumque
632 905 694 935 duo
707 908 850 936 extrema
860 914 941 936 com-

171 959 335 989 municant
350 959 383 989 in
401 959 524 998 aliquo,
545 959 620 989 illud
636 959 667 989 iu
684 968 746 998 quo
761 960 937 989 communi-

171 1014 260 1050 cant,
281 1014 388 1042 manet
409 1012 492 1041 idem
514 1012 545 1042 in
570 1014 635 1041 tota
656 1012 938 1042 transmutatione:

171 1064 225 1095 sed
243 1065 332 1104 panis
346 1068 375 1095 et
391 1074 505 1103 corpus
522 1064 634 1094 Christi
657 1064 893 1095 communicant
908 1065 939 1094 in

171 1118 302 1148 materia
317 1129 323 1147 :
342 1127 420 1156 ergo
436 1117 567 1147 materia
583 1119 698 1147 manet.

211 1170 342 1201 Contra:
364 1169 486 1201 Virtute
499 1169 588 1199 verbi
608 1170 643 1199 fit
661 1170 939 1201 transsubstantia-

169 1223 232 1253 tio:
248 1223 300 1253 sed
314 1223 448 1253 verbum
459 1222 651 1253 demonstrat
662 1223 870 1253 substantiam
882 1224 941 1254 sub

170 1276 402 1314 accidentibus,
426 1278 543 1313 totam,
562 1275 693 1314 inquam
705 1299 713 1313 ,
733 1276 940 1307 substantiam

171 1329 262 1369 panis
276 1340 282 1359 z
300 1338 377 1368 ergo
392 1331 491 1360 totam
508 1329 672 1359 convertit.

212 1382 299 1420 Item,
315 1382 341 1412 si
355 1383 508 1412 convertit
522 1382 554 1411 iu
569 1384 671 1412 totum
685 1391 799 1422 corpus
814 1383 937 1421 Christi,

170 1444 248 1474 ergo
263 1436 416 1465 convertit
431 1437 460 1465 et
476 1438 576 1465 totum
596 1444 709 1474 panem
721 1460 728 1473 ,
746 1436 820 1475 quia
835 1437 860 1466 si
876 1439 941 1467 tan-

171 1491 239 1519 tum
261 1489 426 1519 materiam
451 1489 558 1527 panis,
580 1490 654 1518 tunc
676 1489 838 1520 videretur
857 1491 939 1530 quod

168 1544 249 1573 esset
265 1542 429 1572 conversio
444 1541 477 1571 in
494 1541 592 1571 solam
608 1542 784 1573 materiam.

210 1595 286 1626 Item
300 1619 307 1632 ,
332 1595 359 1626 si
383 1596 489 1625 manet
511 1594 629 1634 aliquid
651 1595 688 1625 de
709 1604 809 1634 pane,
831 1598 886 1627 aut
905 1598 941 1627 ut

169 1657 340 1679 commune
365 1648 399 1678 in
424 1648 705 1686 transmutatione,
737 1650 793 1679 aut
818 1651 853 1679 ut
875 1658 940 1680 non

168 1711 337 1732 commune
361 1713 368 1732 :
397 1701 423 1731 si
447 1703 482 1731 ut
505 1710 674 1731 commune
690 1725 697 1739 ,
724 1710 803 1740 ergo
826 1711 940 1742 corpus

169 1755 280 1785 Christi
303 1755 433 1785 haberet
446 1754 540 1784 aliam
562 1755 746 1792 materiam,
770 1755 820 1786 vel
845 1756 939 1787 aliam

171 1809 317 1845 formam,
337 1808 421 1848 quod
437 1807 569 1837 stultum
586 1808 767 1844 estdice1·e;
784 1808 810 1837 si
827 1817 890 1838 non
905 1811 940 1838 ut

170 1870 338 1892 commune
351 1885 358 1898 ,
384 1863 459 1891 tunc
481 1860 634 1900 quaeritur
653 1863 763 1890 utrum
778 1864 940 1892 remaneat

170 1914 301 1945 materia
315 1914 382 1943 sine
396 1914 508 1951 forma,
523 1915 578 1943 aut
590 1913 691 1943 forma
705 1913 773 1944 sine
786 1915 918 1946 materia
931 1926 936 1945 :

169 1967 222 1998 sed
238 1969 373 2006 utraque
390 1975 445 2006 per
463 1975 496 1997 se
516 1969 562 1997 est
577 1966 695 1997 otiosa:
718 1967 771 1997 sed
786 1967 818 1998 in
833 1976 936 1999 sacra-

168 2022 274 2050 mento
290 2020 371 2050 nihil
386 2021 516 2051 omuino
532 2022 577 2051 est
592 2020 747 2051 otiosum:
765 2029 843 2060 ergo
858 2031 935 2052 neu-

167 2076 253 2104 trum
268 2076 385 2104 manet.

210 2127 285 2158 Item
297 2151 305 2164 ,
338 2128 363 2157 si
394 2127 589 2157 convertitur
616 2127 791 2158 seeundum
816 2131 936 2168 partem

167 2189 233 2211 suae
253 2181 414 2218 essentiae,
439 2189 548 2219 quaero
573 2181 749 2211 secuudum
770 2191 866 2220 quam
879 2207 886 2220 ,
908 2184 938 2212 et

167 2233 343 2263 ostenditur
367 2234 450 2273 quod
481 2234 655 2264 secundum
680 2235 814 2264 sormam
829 2259 837 2272 ,
862 2235 938 2274 qula

167 2286 220 2316 illa
230 2289 276 2316 est
290 2287 392 2325 magis
405 2286 518 2317 idonea
531 2288 742 2318 conversioni.
759 2287 796 2318 Et
806 2290 933 2327 praeter-

166 2349 202 2369 ea
220 2341 452 2369 sacramentum
475 2342 521 2370 est
540 2341 719 2371 institutum
733 2351 797 2371 non
814 2342 934 2372 ratione

167 2392 328 2430 materiae,
355 2401 428 2432 quae
450 2393 482 2422 in
505 2393 651 2424 omnibus
671 2394 850 2424 communis
870 2397 934 2433 est,

167 2446 220 2476 sed
236 2446 357 2476 ratione
372 2446 482 2476 formae
498 2456 504 2475 :
523 2447 545 2475 si
563 2456 642 2484 ergo
657 2448 755 2478 verba
769 2448 937 2487 respiciant

168 2499 273 2538 magis
288 2500 422 2530 sormam
437 2523 444 2536 ,
462 2502 537 2529 tuuc
552 2500 638 2530 illam
652 2502 851 2531 convertunt.
876 2502 936 2533 Sed

167 2555 276 2583 contra
291 2564 297 2582 :
315 2552 405 2583 Tunc
420 2555 561 2583 remanet
578 2553 710 2583 materia
725 2553 912 2594 incompleta
926 2565 933 2585 ε

168 2605 220 2635 scd
243 2605 359 2636 divinae
380 2605 508 2636 virtutis
527 2615 591 2636 non
611 2608 658 2636 est
680 2606 868 2646 incompleta
889 2608 933 2638 fa-

201 2667 290 2690 ¹Conc.
310 2667 385 2697 Trid„
400 2675 461 2692 sess.
478 2674 536 2697 x1u,
552 2674 608 2692 ean.
624 2669 647 2692 2.

286 2721 359 2743 τοι.
382 2722 415 2744 ν.

1699 200 1753 230 481

993 272 1081 300 cere,
1103 263 1156 294 sed
1172 263 1277 303 potius
1297 263 1486 303 incompleta
1507 265 1685 305 complere:
1708 275 1757 297 cr-

991 326 1051 356 go,
1068 319 1125 347 etc.

1265 383 1488 416 CONCLUSIO.

1009 461 1087 488 Totus
1113 463 1194 496 panis
1223 463 1386 488 convertitur
1411 463 1440 488 z'n
1468 470 1562 497 corpus
1590 462 1692 491 Christi
1719 466 1748 492 in

1046 505 1220 532 Eucharistia
1234 506 1297 533 solis
1311 507 1491 534 accidentibus
1503 509 1706 536 remanentibus.

1034 581 1126 621 Resp.
1143 583 1180 613 ad
1198 592 1267 622 arg.
1293 583 1464 614 Dicendum
1483 585 1568 624 quod
1583 586 1690 625 opinio
1705 587 1762 617 ali-

994 644 1133 675 quorum
1148 636 1215 674 suit,
1233 646 1329 676 quam
1346 639 1450 668 tamen
1466 637 1618 677 Magister
1633 649 1698 670 non
1713 649 1765 680 po·
1779 644 1843 670 Opia·
1864 646 1882 664 ¹·

995 688 1061 725 nit,
1084 689 1159 728 quia
1175 689 1401 719 modernorum
1423 692 1488 728 est,
1509 691 1559 721 vel
1580 692 1674 722 etiam
1691 693 1766 733 quia

996 750 1060 771 non
1077 742 1213 772 multum
1230 744 1275 772 est
1290 743 1477 781 probabilis,
1503 744 1587 783 quod
1603 754 1668 776 non
1683 747 1765 777 totus

996 794 1086 832 panis
1110 796 1305 825 convertitur
1331 796 1504 826 secundum
1532 797 1762 837 substantiam,

996 847 1049 878 sed
1075 848 1180 887 aliqua
1204 858 1276 888 pars
1305 850 1480 879 essentialis
1503 854 1656 882 remanet.
1683 852 1766 883 Con-

996 903 1055 931 stat
1071 901 1155 931 enim
1178 903 1263 941 quod
1282 902 1454 933 accidentia
1472 908 1638 935 remanent
1652 915 1764 937 secun—

996 954 1072 984 dum
1088 964 1154 985 esse
1166 957 1195 985 et
1207 957 1433 994 operationem.
1452 956 1530 993 Quia
1547 958 1670 990 videtur
1683 962 1767 1000 quod

996 1010 1180 1038 remaneant
1200 1008 1374 1038 secundum
1394 1018 1481 1047 esse,
1506 1010 1636 1041 fuerunt
1651 1012 1705 1052 qui
1720 1013 1766 1043 di-

996 1063 1102 1090 cerent
1116 1061 1198 1100 quod
1216 1065 1358 1092 remanet
1372 1063 1467 1093 etiam
1483 1064 1613 1094 materia
1628 1074 1700 1104 quae
1715 1065 1768 1097 illa

996 1114 1147 1152 sustinet,
1165 1116 1195 1145 et
1211 1115 1322 1145 transit
1337 1116 1447 1146 forma.
1466 1117 1525 1147 Sed
1540 1117 1600 1148 hoc
1615 1119 1694 1149 nihil
1708 1121 1765 1158 est,
1783 1125 1879 1153 Improb-

996 1167 1071 1206 quia
1087 1169 1217 1198 materia
1233 1178 1296 1199 non
1312 1172 1357 1199 est
1371 1172 1445 1200 nata
1459 1171 1613 1202 sustinere
1630 1172 1769 1203 acciden-

997 1220 1059 1258 tia,
1082 1230 1139 1251 nec
1160 1231 1227 1252 esse
1247 1222 1278 1251 iu
1302 1225 1374 1253 actu
1397 1223 1456 1253 nisi
1478 1234 1551 1255 cum
1572 1225 1683 1256 forma.
1706 1226 1768 1258 Alii
1783 1236 1845 1263 opin.
1868 1238 1887 1257 2.

997 1274 1137 1305 videntes
1166 1276 1251 1314 quod
1275 1276 1446 1307 accidentia
1470 1277 1587 1309 habent
1612 1279 1767 1319 operatio-

997 1337 1088 1366 nem,
1107 1331 1137 1359 et
1148 1329 1250 1359 omnis
1261 1330 1401 1369 operatio
1413 1333 1519 1362 ortum
1534 1332 1627 1363 habet
1639 1343 1657 1364 a
1669 1334 1768 1365 forma

997 1382 1215 1420 substantiali,
1233 1383 1383 1414 dixerunt
1399 1384 1481 1423 quod
1498 1386 1610 1416 transit
1624 1389 1765 1427 materia,

997 1438 1026 1464 et
1041 1438 1184 1466 remanet
1200 1436 1311 1466 forma.
1330 1436 1391 1467 Sed
1404 1437 1465 1468 hoc
1480 1438 1593 1469 iterum
1609 1440 1689 1470 nihil
1706 1443 1767 1480 est,
1783 1448 1880 1476 Improb.

997 1488 1072 1526 quia
1096 1488 1197 1519 forma
1220 1498 1284 1519 uon
1310 1493 1460 1529 operatur
1483 1491 1544 1521 nisi
1567 1492 1600 1522 in
1624 1494 1767 1525 materia.

998 1540 1129 1580 Propter
1155 1541 1235 1579 hoc,
1261 1543 1410 1582 quamvis
1433 1543 1509 1574 illud
1535 1549 1769 1578 sacramentum
1785 1554 1880 1576 netem.

996 1593 1036 1623 sit
1054 1593 1184 1632 plenum
1204 1595 1384 1634 miraculis,
1406 1596 1482 1636 quia
1502 1600 1608 1628 tamen
1629 1608 1692 1630 non
1711 1609 1767 1640 po-

997 1649 1118 1678 nuntur
1133 1657 1202 1678 esse
1222 1649 1283 1679 nisi
1302 1658 1373 1689 quae
1389 1650 1507 1680 faciunt
1525 1651 1563 1682 ad
1582 1654 1769 1685 sacramenti

997 1701 1161 1731 verItatem
1185 1704 1215 1732 et
1236 1703 1304 1742 ejus
1328 1703 1588 1742 occultationem,
1618 1705 1687 1737 ideo
1711 1715 1767 1746 po—

997 1756 1077 1784 nunt
1088 1755 1299 1785 communiter
1306 1755 1459 1793 doctores,
1475 1757 1560 1796 quod
1571 1760 1672 1789 totum
1685 1762 1769 1790 tran-

996 1807 1036 1836 sit
1057 1807 1089 1837 in
1109 1810 1209 1838 totum
1223 1833 1231 1846 ,
1255 1809 1328 1839 solis
1349 1809 1562 1841 accidentibus
1576 1813 1767 1843 remanenti-

996 1861 1055 1891 bus
1077 1871 1173 1892 causa
1198 1863 1374 1894 necessaria
1396 1866 1426 1894 et
1444 1864 1524 1895 utili.
1545 1864 1583 1896 Et
1604 1868 1769 1906 propterea

998 1914 1105 1944 relicta
1129 1915 1232 1954 prima
1254 1916 1419 1955 opinione,
1444 1926 1517 1957 quae
1540 1917 1619 1949 tollit
1635 1927 1769 1950 conver-

995 1968 1116 1998 sionem
1133 1969 1276 1999 materiae
1289 1980 1296 2006 ;
1315 1969 1424 2000 relicta
1438 1970 1499 2000 alia
1513 1980 1586 2010 quae
1601 1971 1680 2002 tollit
1692 1981 1767 2003 con-

996 2020 1174 2052 versionem
1195 2022 1326 2060 formae,
1352 2023 1457 2062 magis
1479 2024 1666 2055 catholicam
1680 2027 1768 2057 tene-

995 2083 1078 2111 muS,
1094 2075 1178 2113 quod
1192 2077 1274 2106 totus
1288 2076 1377 2115 panis
1392 2076 1424 2106 in
1439 2085 1553 2116 corpus
1568 2077 1681 2108 Christi
1693 2087 1767 2109 con-

996 2127 1140 2165 vertitur,
1175 2129 1206 2158 et
1236 2128 1355 2168 optimo
1390 2129 1483 2160 modo
1517 2129 1576 2160 ista
1603 2131 1767 2162 conversio

996 2180 1305 2211 transsubstantiatio
1316 2181 1430 2212 dicitur
1442 2184 1462 2212 ¹.
1478 2181 1509 2212 Si
1522 2184 1629 2213 autem
1642 2165 1788 2223 quaerasl

994 2234 1054 2263 sub
1073 2243 1136 2273 quo
1160 2243 1279 2272 genere
1295 2236 1400 2265 motus
1422 2235 1472 2265 vel
1492 2235 1676 2266 mutationis
1691 2245 1765 2267 con-

994 2287 1144 2324 tineatur,
1169 2287 1337 2318 dicendum
1362 2288 1446 2327 quod
1470 2288 1539 2319 haec
1562 2290 1609 2319 est
1631 2289 1766 2321 mutatio

995 2340 1167 2378 singularis
1178 2365 1185 2378 ,
1209 2350 1281 2380 quae
1300 2342 1425 2372 nullum
1440 2342 1543 2372 simile
1556 2342 1686 2381 plenum
1705 2343 1764 2374 ha-

994 2393 1056 2423 bet.
1079 2393 1285 2424 Assimilatur
1299 2396 1406 2425 tamen
1422 2395 1452 2424 iu
1468 2395 1573 2435 aliquo
1589 2395 1668 2426 aliis.
1686 2395 1766 2433 Quia

994 2446 1079 2476 euim
1094 2447 1126 2477 in
1140 2447 1200 2477 hac
1216 2448 1391 2478 mutatione
1413 2449 1492 2478 nihil
1512 2458 1681 2480 commune
1696 2459 1764 2481 ma-

994 2502 1065 2537 net,
1083 2501 1275 2531 assimilatur
1291 2502 1450 2532 creationi.
1465 2501 1545 2539 Quia
1559 2512 1635 2533 vero
1651 2503 1766 2543 princi-

994 2555 1082 2593 pium
1097 2554 1216 2585 initiale
1228 2564 1292 2585 non
1306 2557 1351 2585 est
1364 2555 1453 2592 nihil,
1469 2555 1523 2586 sed
1538 2555 1657 2596 aliquid
1670 2568 1678 2595 ;
1694 2556 1766 2588 ideo

992 2608 1150 2638 dissimilis
1175 2610 1221 2638 est
1244 2608 1414 2646 creationi,
1438 2610 1469 2639 et
1493 2609 1605 2640 similis
1628 2619 1763 2649 genera-

992 2661 1079 2692 tioni.
1101 2661 1183 2698 Quia
1199 2670 1274 2692 vero
1295 2662 1469 2693 terminum
1484 2662 1612 2694 finalem
1625 2672 1690 2694 non
1704 2663 1761 2694 ha-

1606 2718 1640 2747 31
