2017 2948
614 159 711 190 DlST.
734 157 879 189 XXXVII.
904 154 993 186 ART.
1016 154 1055 185 II.
1079 153 1226 191 QUAEST.
1250 155 1295 184 ll.

161 229 352 269 cupiscentia
363 228 475 266 cordis,
490 227 602 258 ultimo
616 226 684 257 loco
707 226 925 256 nominantur.

202 284 232 312 4.
250 282 338 320 Item,
353 281 440 321 prior
461 282 507 311 est
521 283 609 310 actus
624 279 771 320 potentiae
786 278 925 308 rationa-

162 335 211 373 lis,
221 344 317 375 quam
328 333 587 373 concupiscibilis,
597 334 627 363 et
637 341 733 372 quam
744 330 924 361 irascibilis:

162 397 241 427 ergo
269 387 454 417 mandatum
480 386 556 416 illud
588 386 621 415 in
648 393 710 424 quo
742 383 929 423 prohibetur

162 440 357 471 deordinatio
372 439 544 476 rationalis⁷
561 439 651 469 debet
662 437 838 477 praecedere
851 436 928 466 illud

162 494 195 523 in
209 502 271 533 quo
286 493 472 532 prohibetur
492 491 687 521 deordinatio
705 489 880 526 irascibiliS‚
898 491 929 519 et

161 544 409 584 concupiscibilis
427 555 434 574 :
453 545 544 583 cnjiis
558 543 752 573 contrarium
767 542 930 573 invenitur

161 598 195 627 in
226 598 336 628 ordine
371 597 593 627 mandatorum
614 620 623 634 ‚
657 596 730 635 quia
763 596 851 635 prius
885 597 930 625 est

161 651 347 681 mandatum
380 650 417 680 de
448 659 512 680 non
543 649 765 679 committendo
795 647 928 678 homici-

161 704 271 741 dium,
294 712 390 743 quam
409 703 448 734 de
466 711 532 732 non
553 702 683 733 dicendo
704 702 818 732 salsum
840 701 929 732 testi-

161 757 315 787 monium.

201 811 230 840 5.
253 809 346 846 Item,
368 809 494 839 videtur
515 808 599 847 quod
618 808 656 837 sit
678 808 719 837 ibi
741 807 860 837 ordinis
878 817 927 838 re-

160 862 338 902 pugnantia
371 861 452 891 inter
494 861 643 890 mandata
676 860 853 890 ordinantia
891 861 929 891 ad

160 915 271 951 Deum,
284 917 314 945 et
330 914 478 944 mandata
490 913 668 943 ordinantia
678 914 717 943 ad
732 914 926 952 proximum,

161 968 236 1008 quia
251 968 334 997 inter
350 966 496 997 mandata
511 966 689 996 ordinantia
699 966 737 996 ad
747 966 856 1001 Deum,
873 975 929 996 ne-

162 1021 270 1060 gativa
283 1019 532 1060 praemittuntnr,
554 1021 583 1049 et
606 1018 834 1049 affirmativum
851 1020 928 1049 sub-

156 1074 319 1113 jungitur,
337 1073 413 1103 illud
430 1072 574 1102 videlicet
595 1083 601 1101 :
620 1072 772 1103 Memento
792 1074 828 1103 ut
845 1072 928 1103 diem

160 1127 286 1158 sabbati
312 1125 507 1163 sanctifices.
536 1124 559 1154 E
584 1128 692 1154 contra
718 1133 793 1154 vero
822 1128 867 1155 est
894 1125 928 1155 in

160 1179 315 1209 mandatis
335 1177 554 1209 ordinantibus
575 1177 612 1207 ad
634 1177 830 1216 proximum,
853 1179 928 1217 quia

159 1233 387 1263 affirmativum
409 1231 624 1271 praemittitur,
640 1233 669 1261 et
685 1231 835 1270 negativa
852 1232 919 1262 sub-

155 1287 354 1325 junguntur.

198 1341 226 1369 6.
243 1339 331 1376 Item,
348 1339 407 1369 hoc
418 1338 545 1369 videtur
557 1338 618 1368 alia
637 1338 758 1368 ratione
778 1349 784 1368 :
805 1338 880 1377 qnia
895 1338 926 1368 in

156 1392 311 1423 mandatis
330 1391 443 1431 primae
459 1390 574 1421 tabulae
590 1390 823 1421 nobilissimum
839 1391 928 1430 poni-

155 1447 208 1475 tur
226 1445 339 1476 ultimo
354 1445 438 1481 loco3
455 1444 489 1474 in
504 1444 658 1474 mandatis
673 1453 748 1474 vero
780 1444 927 1474 secundae

155 1497 286 1537 ponitur
296 1497 447 1537 primum.
470 1496 502 1527 Si
517 1497 601 1527 dicas
621 1496 704 1536 quod
722 1496 781 1527 hoc
802 1506 867 1527 non
882 1500 928 1526 est

154 1550 395 1587 inconveniens,
422 1550 496 1589 quia
516 1550 606 1580 aliter
624 1549 719 1579 habet
734 1550 830 1579 homo
847 1549 927 1580 ordi-

156 1603 224 1634 nari
240 1603 278 1633 ad
299 1603 408 1640 Deum⁷
425 1603 515 1633 aliter
535 1602 574 1633 ad
599 1602 800 1642 proximum3
818 1605 927 1633 contra

155 1657 215 1687 hoc
230 1659 287 1693 est,
304 1657 379 1696 quia
397 1656 505 1695 imago
523 1656 614 1686 debet
634 1656 878 1695 correspondere
899 1657 927 1686 ei

155 1711 246 1749 quus
262 1711 309 1739 est
325 1710 442 1747 imago,
467 1711 497 1739 et
519 1709 702 1748 exemplum
726 1709 898 1748 exemplari
917 1720 923 1739 ε

155 1772 232 1801 ergo
250 1762 335 1793 idem
358 1762 445 1798 ordo,
472 1762 525 1801 qui
547 1764 694 1791 servatur
714 1762 746 1791 in
770 1761 927 1791 mandatis

155 1815 374 1846 ordinantibus
401 1815 440 1845 ad
470 1814 569 1845 Deum
583 1838 590 1851 ,
622 1814 713 1844 dehet
743 1815 862 1844 servari
894 1815 926 1844 in

157 1868 310 1898 mandatis
330 1867 548 1897 ordinantibus
565 1867 604 1896 ad
632 1867 828 1906 proximum.

197 1923 225 1950 7.
244 1920 320 1950 Item
334 1920 367 1949 in
386 1919 542 1949 mandatis
552 1919 698 1949 secundae
713 1920 831 1950 tabulae
843 1929 925 1959 prae-

156 1976 245 2013 cepta
270 1972 468 2012 respicientia
496 1973 601 2001 actum
629 1972 729 2002 cordis
758 1975 926 2011 ponuntur

155 2026 279 2063 ultimo,
297 2026 329 2055 in
344 2025 500 2055 mandatis
522 2034 596 2055 vero
613 2025 724 2063 primae
741 2025 859 2055 tabulae
881 2028 927 2056 est

155 2090 172 2110 e
186 2079 340 2110 contrario
358 2089 364 2108 :
380 2085 458 2117 ergo
480 2077 606 2108 videtur
624 2078 707 2116 quod
730 2078 769 2108 sit
784 2078 826 2108 ibi
843 2079 926 2109 ordi-

155 2135 203 2164 nis
220 2133 445 2173 repugnantia.
466 2132 504 2162 Et
518 2132 598 2162 ratio
618 2133 715 2172 hujus
735 2133 873 2163 sumitur
888 2143 926 2163 ex

155 2187 226 2224 hoc,
242 2186 327 2225 quod
341 2185 463 2216 dilectio
478 2185 616 2225 proximi
629 2186 819 2216 conformari
835 2187 927 2217 dcbet

156 2239 314 2270 dilectioni
331 2239 383 2269 Dei
400 2250 407 2269 z
424 2239 631 2278 ergo‘eodem
649 2239 771 2277 ordine,
788 2249 851 2279 qno
873 2249 926 2270 or-

157 2292 307 2322 dinantur
335 2292 482 2322 mandata
506 2292 617 2332 primae
650 2292 786 2329 tabulae,
811 2293 926 2323 debent

159 2344 298 2375 ordinari
312 2344 459 2374 mandata
473 2345 631 2375 secundae.

195 2400 225 2427 8.
243 2397 320 2427 Item
342 2397 466 2427 videtur
489 2397 573 2436 quod
593 2397 701 2427 nullus
724 2398 763 2428 sit
781 2398 823 2427 ibi
848 2399 925 2429 ordo

156 2451 388 2482 observandus:
405 2450 480 2489 quia
495 2460 513 2480 a
525 2451 664 2490 quolibet
680 2452 821 2492 ipsorum
835 2462 926 2482 man-

156 2504 302 2535 datorum
317 2505 417 2543 potest
433 2503 505 2542 quis
523 2503 660 2543 Incipere
673 2504 753 2534 bene
768 2505 879 2543 facere,
895 2508 926 2536 et

156 2566 176 2588 a
188 2557 331 2597 quolibet
347 2558 448 2596 potest
464 2556 600 2596 incipere
619 2557 736 2595 peccati
748 2559 926 2597 transgres-

157 2611 278 2641 sionem
293 2620 300 2640 :
317 2619 396 2650 ergo
411 2618 474 2649 qua
486 2608 610 2639 ratione
623 2618 725 2640 unum
739 2609 830 2641 debet
844 2619 925 2650 prae-

1691 151 1745 178 17¹

982 222 1066 262 poni,
1084 221 1192 252 eadem
1214 221 1334 251 ratione
1348 222 1378 250 et
1391 220 1551 259 quodlibet
1566 230 1572 248 z
1588 226 1666 257 ergo
1683 225 1748 247 non

983 274 1108 306 videtur
1121 274 1227 314 aliqua
1243 274 1292 304 vis
1306 273 1446 304 facienda
1460 282 1526 302 esse
1542 272 1574 302 in
1586 270 1705 302 ordine.

1257 390 1482 422 CONCLUSIO.

983 481 1119 514 Praecepta
1134 480 1260 513 Decaloqi
1276 479 1338 505 bone
1352 478 1480 504 ordinata
1493 479 1570 509 sunt,
1586 477 1640 502 sive
1662 478 1751 502 atten-

1020 525 1113 551 damus
1126 525 1245 558 regulam
1259 524 1323 558 fidei
1338 523 1478 555 (lietscinis,
1493 522 1547 547 sive
1562 521 1684 555 regulam
1695 520 1753 554 jus-

1021 570 1090 594 titz'oe
1104 569 1262 602 eaeequetztz's.

1024 648 1115 687 Resp.
1136 648 1175 677 ad
1197 656 1268 686 arg.
1293 646 1488 682 Dicendum,
1510 645 1592 685 quod
1614 645 1696 676 sicut
1719 646 1752 676 in

985 702 1140 732 mandatis
1167 701 1311 740 Decalogi
1343 700 1558 730 consideratur
1595 709 1752 731 numerus

984 755 1160 792 sufficienS,
1184 755 1227 784 ita
1254 754 1348 784 etiam
1368 754 1524 793 reperitur
1543 753 1619 784 ordo
1640 763 1754 783 conve-

984 809 1086 846 niens,
1100 808 1274 838 secundum
1290 816 1386 846 quem
1401 806 1543 836 ordinem
1564 806 1630 845 ipse
1653 806 1753 845 legis-

983 861 1063 891 lator
1076 861 1200 891 ordinat
1212 870 1248 890 ea
1263 859 1556 890 convenientissime
1575 870 1581 889 :
1602 859 1686 889 illius
1702 868 1754 889 au-

983 916 1048 943 tem
1072 912 1192 942 ordinis
1215 912 1469 942 convenientiam
1493 911 1660 950 dupliciter
1687 920 1755 950 pos-

983 976 1095 997 sumus
1110 967 1286 1003 advertere,
1305 965 1449 996 videlicet
1469 964 1644 994 secundum
1660 973 1754 1002 regu-

983 1020 1046 1049 lam
1068 1019 1141 1049 fidei
1161 1018 1340 1057 dirigentis,
1360 1021 1390 1048 et
1410 1017 1586 1047 secundum
1606 1017 1754 1056 regulam

979 1072 1113 1112 justitiee
1131 1072 1328 1111 exequentiS.
1348 1070 1438 1101 Fides
1453 1073 1559 1101 autem
1580 1070 1675 1100 dictat
1698 1080 1754 1101 nos

983 1125 1086 1165 primo
1101 1125 1239 1155 ordinari
1262 1125 1300 1154 ad
1324 1124 1434 1162 licum,
1452 1124 1565 1155 deinde
1589 1124 1627 1154 ad
1650 1125 1755 1163 proxi-

983 1188 1071 1208 mum
1085 1178 1259 1208 secundum
1275 1177 1526 1208 conformitatem
1538 1177 1576 1207 ad
1590 1177 1700 1207 Deum.
1719 1177 1754 1207 In

982 1231 1090 1261 ordine
1110 1233 1215 1261 autem
1240 1231 1278 1261 ad
1300 1231 1410 1268 Deum,
1432 1231 1535 1269 primo
1554 1231 1649 1260 dictat
1678 1230 1754 1260 fides

982 1292 1039 1314 nos
1054 1283 1190 1313 ordinari
1206 1284 1244 1314 ad
1262 1284 1397 1321 Patrem,
1422 1283 1600 1314 exhibendo
1622 1284 1681 1314 sibi
1698 1284 1752 1314 de-

982 1337 1080 1367 bitam
1095 1337 1323 1374 reverentiam3
1343 1337 1482 1367 secundo
1501 1337 1539 1367 ad
1554 1336 1682 1374 Filium,
1703 1346 1752 1367 re-

982 1390 1134 1428 fugiendo
1158 1391 1227 1429 ejus
1250 1391 1401 1429 injuriam
1415 1415 1422 1428 ,
1443 1392 1478 1420 ut
1499 1399 1563 1420 non
1587 1390 1753 1420 credamus

981 1451 1056 1472 eum
1085 1452 1151 1473 esse
1179 1445 1373 1480 creaturam3
1404 1443 1497 1473 tertio
1531 1443 1570 1483 ad
1598 1442 1751 1481 Spiritum

981 1497 1142 1533 sanctum,
1181 1496 1386 1535 praeparando
1427 1495 1486 1525 sihi
1524 1495 1753 1525 habitationem

981 1551 1133 1578 sanctam.
1148 1548 1183 1578 Et
1198 1549 1250 1578 hic
1261 1551 1306 1579 est
1316 1550 1420 1579 rectus
1431 1549 1507 1579 ordo
1525 1557 1532 1577 z
1545 1548 1620 1588 quia
1633 1547 1723 1578 Pater
1734 1557 1753 1578 a

981 1602 1080 1640 nullo,
1098 1602 1195 1633 Filius
1210 1612 1227 1632 a
1242 1603 1329 1633 Patre
1341 1603 1417 1639 solo7
1428 1602 1563 1641 SpirItus
1573 1610 1649 1632 vero
1665 1610 1754 1631 sanc-

981 1658 1032 1685 tus
1052 1656 1190 1694 procedit
1213 1656 1307 1686 simul
1332 1665 1350 1685 a
1374 1655 1465 1686 Patre
1489 1657 1519 1685 et
1539 1654 1627 1684 Filio.
1654 1655 1752 1685 Juxta

980 1708 1066 1738 hunc.
1085 1708 1229 1738 ordinem
1245 1709 1332 1739 docet
1347 1708 1487 1739 ordinari
1500 1708 1538 1738 ad
1554 1708 1749 1747 proximum,

980 1761 1014 1791 in
1030 1764 1187 1800 quantum
1202 1762 1296 1792 habet
1312 1762 1562 1792 conformitatem
1583 1761 1620 1791 ad
1637 1761 1749 1790 Deum.

982 1813 1069 1844 Unde
1090 1814 1266 1844 secundum
1293 1815 1377 1853 quod
1407 1814 1622 1844 conformatur
1646 1813 1749 1851 Patri,

982 1866 1085 1905 primo
1104 1866 1192 1896 docet
1204 1866 1347 1896 exhiberi
1371 1867 1430 1897 sibi
1452 1866 1679 1903 reverentianr,
1697 1875 1749 1896 se-

981 1919 1122 1949 cundum
1141 1919 1224 1958 quod
1248 1919 1464 1949 conformatur
1488 1919 1576 1956 Filio,
1598 1919 1687 1949 docet
1702 1919 1750 1950 vi-

981 1974 1046 2002 tare
1057 1973 1127 2010 ejus
1142 1971 1303 2010 injuriam,
1318 1972 1403 2011 quod
1418 1974 1518 2011 potest
1530 1972 1596 2002 fieri
1615 1973 1752 2011 quadru-

982 2024 1113 2064 pliciter,
1140 2034 1195 2064 per
1220 2024 1438 2061 homicidium,
1465 2025 1748 2064 per‘adultcrium,

981 2087 1036 2117 per
1059 2078 1200 2115 furtum,
1225 2079 1255 2107 et
1282 2086 1337 2117 per
1364 2077 1479 2107 falsum
1509 2078 1748 2116 testimonium3

981 2133 1154 2170 postremo,
1180 2131 1354 2161 secundum
1375 2130 1458 2169 quod
1483 2131 1580 2160 homo
1599 2131 1693 2162 habet
1718 2141 1750 2161 se

981 2184 1176 2214 conformare
1187 2183 1317 2223 Spiritui
1328 2186 1445 2220 sancto,
1456 2183 1550 2213 dictat
1562 2184 1750 2222 fugiendam

981 2246 1047 2267 esse
1061 2236 1357 2276 concupiscentIam,
1379 2245 1434 2276 per
1450 2245 1546 2275 quam
1562 2237 1751 2276 inquinatur

981 2290 1083 2320 cordis
1098 2289 1331 2327 habitaculum,
1348 2292 1377 2319 et
1401 2290 1461 2319 hoc
1484 2290 1610 2329 quidem
1634 2290 1668 2319 fit
1692 2299 1748 2328 per

981 2343 1044 2373 duo
1059 2343 1207 2373 mandata
1219 2344 1376 2382 postrema
1389 2352 1394 2370 :
1413 2345 1442 2372 et
1457 2343 1500 2372 sic
1515 2344 1598 2381 patet
1612 2343 1689 2372 ordo
1704 2343 1712 2372 i
1717 2352 1749 2382 p-

981 2405 1088 2425 sorum
1106 2395 1327 2425 mandatorum
1347 2395 1493 2433 Decalogi
1509 2395 1682 2425 secundum
1699 2404 1748 2425 re-

980 2448 1091 2488 gulam
1114 2448 1291 2478 dictaminis
1313 2448 1409 2487 ipsius
1437 2447 1521 2478 fidei.
1553 2447 1622 2477 Alio
1651 2447 1748 2478 etiam

981 2502 1074 2532 modo
1095 2501 1292 2532 considerare
1313 2510 1484 2540 possumus
1506 2500 1748 2539 congruentiam

980 2555 1100 2585 ordinis
1116 2554 1338 2585 mandatorum
1359 2553 1514 2592 necalogi‚
1533 2553 1679 2583 videlicet
1694 2562 1750 2584 se·-

982 2608 1122 2639 cundum
1137 2607 1330 2647 exigentiam
1341 2606 1696 2646 obligationisjustitiae.
1710 2606 1748 2638 Et

1782 641 1860 661 Conve-

1781 672 1859 691 mentia

1776 702 1863 728 duplex.
