2017 2948
184 143 243 171 430

224 209 253 236 6.
276 205 354 236 Item
372 205 427 235 ubi
442 203 669 243 transumptio,
692 202 735 232 ibi
756 203 830 231 sunt
848 200 955 239 plures

186 259 378 296 intellectus,
395 257 511 287 scilicet
527 257 674 297 proprius
691 280 698 293 ,
724 258 754 285 et
775 257 956 292 transump-

186 315 236 343 tus
254 322 260 340 z
278 311 331 341 sed
348 310 564 350 multiplicitas
582 309 800 339 intellectuum
816 309 862 336 est
876 305 956 336 ratio

185 364 356 404 evagandi,
372 364 455 403 quod
478 363 653 403 specialiter
676 361 767 391 delict
792 369 859 390 esse
884 359 957 389 alie-

185 427 264 448 num
279 427 297 447 a
320 417 518 457 dispensante
533 418 563 446 et
577 414 761 446 conficiente
777 413 837 443 hoc
852 421 955 442 sacra-

186 472 330 501 mentum
347 480 353 500 :
371 478 467 507 ergo,
483 471 541 499 ete.

227 526 255 553 7.
273 522 427 561 Objicitur
442 524 549 551 autem
565 519 649 550 ultra
664 519 702 549 de
716 518 794 556 hoc,
811 517 895 558 quod
910 519 957 547 est

186 576 360 616 sanguinis,
378 575 411 605 Si
426 575 511 605 enim
527 573 588 604 hoc
604 576 649 603 est
672 572 843 612 principale
858 572 891 601 in
907 580 956 601 sa-

186 632 362 666 cramento,
383 628 510 658 videtur
529 626 615 666 quod
634 626 746 656 debeat
767 625 902 665 exprimi
926 625 958 654 in

185 685 270 714 recto
286 682 406 722 potius,
422 689 521 720 quam
538 680 569 710 in
586 679 728 718 obliquo.

226 739 255 766 8.
273 735 351 766 ltem
371 734 397 764 si
421 733 502 764 calix
522 735 584 763 stat
604 733 647 762 ibi
669 741 726 772 pro
748 733 911 768 contento,
929 732 959 761 et

186 791 370 821 contentum
385 797 450 818 non
465 787 570 817 differt
591 795 609 816 a
629 785 805 825 sanguine,
830 787 861 814 et
881 783 961 814 obli-

186 843 242 883 qui
258 844 332 872 sunt
345 841 520 877 transitivi3
538 849 617 877 ergo
636 849 701 870 non
720 839 813 869 debet
835 837 908 877 poni
928 837 961 867 in

187 896 327 935 obliquo.
344 894 503 931 Qnaeritur
519 894 613 923 etiam
630 893 715 923 ultra
728 892 766 922 de
778 892 858 928 hoc,
875 889 961 930 quod

187 950 301 980 dicitur
324 949 398 979 novi
423 952 449 979 et
475 948 588 979 (eterni
614 946 796 979 testamenti
813 954 824 974 .·
845 944 921 983 quia
935 943 961 972 si

187 1004 412 1033 testamentum
432 1009 551 1031 novum
567 1024 574 1037 ,
595 1008 660 1029 non
680 1007 759 1037 ergo
779 1000 936 1028 aeternum
952 1007 958 1026 ε

188 1064 265 1093 ergo
279 1054 360 1084 male
375 1053 583 1092 conjungitur
598 1062 699 1083 unum
720 1061 794 1082 cum
809 1051 919 1081 altero.

228 1109 257 1137 9.
286 1107 362 1137 ltem
388 1106 514 1136 videtur
535 1106 619 1145 quod
643 1114 706 1135 non
733 1105 861 1135 deberet
884 1103 960 1143 poni

189 1160 376 1199 Mysterium
396 1159 493 1197 fidei,
515 1159 591 1198 quia
613 1158 645 1188 in
668 1158 737 1188 aliis
759 1158 963 1188 sacramentis

189 1217 235 1246 est
250 1214 436 1253 mysterium
452 1212 525 1242 fidei
539 1222 545 1241 :
563 1214 594 1242 et
608 1214 715 1242 tamen
732 1220 796 1242 non
810 1211 938 1251 ponitur
953 1222 959 1241 :

190 1277 267 1306 ergo
282 1276 340 1297 nec
358 1267 390 1296 in
406 1267 464 1296 isto
477 1266 569 1296 dehet
586 1265 671 1305 poni.

230 1325 278 1351 110.
303 1321 382 1352 item
404 1320 551 1350 additur:
580 1319 640 1354 Qut·
660 1326 718 1358 pro
740 1318 848 1355 vobis,
865 1320 894 1349 et
907 1324 964 1356 pro

190 1376 299 1406 multis
315 1374 494 1414 effundetur
506 1384 518 1405 .·
533 1382 632 1413 quare
646 1372 791 1403 similiter
809 1380 873 1402 non
888 1371 963 1402 diei-

190 1432 242 1460 tur
255 1429 292 1459 de
307 1437 438 1468 corpore
453 1438 459 1457 :
482 1426 637 1458 Tradetur
649 1427 665 1457 Ρ

231 1485 280 1512 11.
290 1481 367 1512 Item
376 1490 475 1520 quare
482 1479 668 1518 distinguit?
682 1478 760 1509 Cum
769 1478 965 1517 0010133003-

191 1535 263 1565 liter
278 1544 335 1574 pro
350 1534 500 1565 omnibus
520 1533 560 1562 sit
575 1532 695 1563 effusus
709 1555 716 1568 ,
739 1531 865 1561 videtur
880 1530 964 1569 quod

192 1597 257 1618 non
272 1587 397 1618 deberet
407 1587 509 1617 dicere
523 1597 528 1616 :
541 1593 598 1625 pro
614 1584 702 1616 vobis
717 1588 747 1616 et
759 1592 818 1623 pro
833 1584 965 1622 νηπίω-,-

193 1640 245 1671 sed
260 1650 268 1670 :
283 1648 340 1679 pre
356 1640 512 1671 ommibus.

446 1753 706 1785 CONCLUSIO.

194 1841 289 1868 Forma
311 1839 517 1866 consecrationis
539 1839 653 1871 calicis,
676 1837 800 1864 videlicet
824 1846 831 1863 :
856 1837 908 1863 Hic
930 1838 967 1864 est

230 1885 305 1911 calice
322 1884 462 1917 sanfluz‘nis
475 1884 540 1914 mei,
558 1885 593 1909 cst
612 1884 698 1912 recta,
715 1884 737 1908 et
760 1883 849 1914 certa,
871 1883 894 1907 et
912 1883 967 1907 tota

230 1936 366 1962 congrua:
382 1927 451 1962 quod
468 1929 558 1954 autem
573 1926 694 1958 additur,
710 1928 747 1953 est
759 1925 791 1952 de
806 1926 867 1952 bene
880 1933 940 1952 esse.

236 2012 328 2051 Resp.
342 2011 381 2042 ad
394 2020 465 2050 arg.
480 2010 653 2042 Dicendum
665 2010 751 2049 quod
763 2009 832 2040 haee
843 2009 945 2040 forma
958 2020 964 2039 ε

195 2065 256 2096 Hic
268 2068 312 2096 esc
324 2064 414 2096 calm·
427 2064 597 2103 sanyuz'nis
610 2064 683 2100 mei,
700 2065 747 2092 est
759 2063 859 2092 forma
871 2064 965 2100 reeta,

196 2121 227 2149 et
245 2120 345 2155 certa,
370 2119 400 2147 et
420 2118 523 2147 forma
544 2125 706 2155 congrua:
732 2115 786 2145 sed
802 2118 911 2146 utrum
929 2115 968 2145 sit

197 2174 279 2209 tota,
306 2180 346 2201 an
366 2170 451 2209 quod
473 2170 616 2209 sequitur
641 2170 680 2199 sit
703 2169 741 2199 de
764 2169 966 2207 integritate,

197 2225 331 2256 dubium
347 2226 393 2254 est
409 2234 415 2254 z
441 2223 580 2253 creditur
599 2225 704 2252 tamen
721 2222 805 2261 quod
825 2224 873 2252 est
892 2224 966 2252 tota.

197 2278 316 2309 Tamen
331 2277 416 2317 quod
441 2276 586 2315 sequitur
608 2285 673 2305 non
690 2278 734 2306 est
749 2276 866 2305 frustra
880 2275 969 2305 addi-

198 2335 279 2368 tum,
295 2340 353 2361 nec
365 2330 455 2360 debet
466 2329 583 2368 aliquid
596 2329 740 2359 resecari.
760 2329 849 2366 Quod
863 2331 969 2359 autem

199 2386 259 2415 ista
275 2384 314 2414 sit
328 2384 429 2414 forma
444 2384 544 2419 recta,
563 2383 646 2421 patet
660 2391 716 2420 per
731 2381 791 2412 hoc
801 2406 810 2419 ,
827 2382 911 2421 quod
924 2382 968 2421 ip-

200 2447 268 2468 sam
289 2438 373 2467 tenet
398 2435 538 2466 Romana
561 2434 719 2471 Ecclesia,
752 2443 826 2474 quae
850 2435 908 2465 fuit
931 2436 970 2466 ab

201 2490 415 2529 apostolorum
430 2487 624 2528 principibus
644 2487 762 2518 edocta.
777 2487 864 2519 Unde
878 2488 970 2519 Inno-

202 2543 363 2574 centius¹z
392 2554 407 2572 α
421 2542 564 2573 Romana
587 2540 724 2572 Ecclesia
746 2540 825 2572 iilud
847 2550 971 2581 semper

202 2596 328 2635 integra
340 2596 401 2626 fide
418 2595 578 2634 servavit,
593 2594 678 2634 quod
692 2594 731 2625 ah
748 2594 825 2635 ipsis
843 2597 967 2634 aposto-

746 107 1055 166 SENTENTI'ARUM
1078 131 1150 162 LlB.
1173 133 1222 164 lv.

1009 198 1060 236 iis,
1077 199 1132 238 qni
1146 208 1215 230 earn
1228 200 1468 240 praesentialiter
1485 201 1571 231 factis
1585 203 1616 231 et
1631 201 1779 232 doctrinis

1012 252 1233 283 ecclesiasticos
1246 253 1325 283 ritus
1333 253 1518 290 docuerunt,
1528 253 1646 293 accepit
1661 264 1667 284 :
1685 254 1724 284 ab
1737 255 1781 294 ip-

1011 305 1052 334 sis
1067 306 1182 336 scilicet
1194 306 1342 346 apostolis
1356 306 1449 336 Petro
1464 309 1494 336 et
1511 306 1608 338 Paulo
1621 331 1628 343 ‚
1645 316 1724 347 qnos
1736 308 1781 338 vi-

1012 368 1068 389 vos
1077 362 1220 389 auctores
1232 359 1353 396 habuit,
1367 360 1529 390 defunctos
1539 361 1683 398 custodit,
1697 361 1781 392 hune

1012 412 1108 442 ritum
1123 412 1266 442 sacrificii
1283 414 1419 452 accepit,
1436 422 1531 452 quem
1549 414 1702 444 haetenus
1717 415 1780 445 im·

1013 465 1120 495 mobili
1138 466 1225 496 cultu
1247 467 1396 497 servavit.
1415 478 1429 494 »
1449 467 1637 506 Accipienda
1658 469 1705 498 est
1718 468 1780 507 igi-

1012 521 1064 549 tur
1078 519 1180 548 forma
1194 528 1212 549 a
1227 519 1351 549 Canone
1363 543 1371 556 ,
1396 520 1472 559 quia
1490 519 1541 550 ille
1564 520 1698 551 traditur
1719 530 1783 552 non

1013 580 1069 611 per
1091 572 1220 602 modum
1243 573 1452 610 narrationis,
1476 573 1529 603 sed
1553 574 1781 604 institutionis:

1014 624 1165 663 Magister
1180 628 1285 656 autem
1302 635 1367 656 non
1382 626 1517 656 intendit
1533 626 1607 656 dare
1627 627 1761 657 formam
1773 651 1783 665 ‚

1014 678 1093 709 sient
1108 688 1165 709 nec
1189 679 1221 708 in
1244 679 1313 708 aliis
1335 680 1539 709 sacramentis
1561 680 1650 717 fecit,
1673 680 1726 711 sed
1741 680 1785 711 illi

1015 731 1209 762 consimilem
1224 732 1396 762 insinuare.
1418 732 1606 772 Accipienda
1623 735 1669 763 est
1684 733 1786 772 igitur

1014 784 1053 814 ab
1072 784 1146 824 ipsis
1162 785 1322 824 apostolis,
1339 794 1401 816 non
1415 786 1454 815 ab
1478 786 1692 824 evangelistis,
1711 787 1786 827 quia

1015 838 1146 877 apostoli
1176 837 1345 868 Ecclesiam
1374 839 1580 870 instituerunt
1611 841 1786 871 secundum

1015 891 1099 930 qnod
1110 900 1128 921 a
1137 892 1268 922 Domino
1277 894 1479 932 acceperunt;
1493 893 1699 931 evangelistae
1710 903 1788 924 vero

1016 944 1123 974 dlvina
1146 945 1243 975 verba
1264 948 1295 975 et
1317 954 1411 984 opera
1433 948 1664 983 narraverunt,
1686 947 1788 976 atten-

1016 998 1123 1029 dentes
1139 999 1177 1029 ad
1193 999 1386 1029 intellectum
1398 1024 1406 1037 ,
1431 1008 1494 1029 non
1509 999 1547 1030 ad
1564 1008 1687 1030 vocem.
1715 999 1787 1030 ideo

1017 1060 1074 1082 nec
1089 1052 1293 1090 evangelistae
1311 1052 1344 1082 in
1359 1054 1460 1082 forma
1482 1053 1694 1089 conveniunt,
1713 1052 1787 1092 quia

1016 1105 1149 1134 formam
1166 1105 1304 1135 fortassis
1318 1105 1439 1135 tradere
1452 1114 1515 1136 uon
1531 1106 1718 1143 intendunt3
1733 1105 1787 1136 sed

1017 1158 1212 1188 conveniunt
1234 1158 1266 1188 in
1291 1168 1406 1195 sensu,
1431 1168 1526 1198 quem
1550 1168 1680 1189 narrare
1702 1158 1787 1190 vole-

1018 1212 1105 1242 bant.
1122 1211 1157 1242 Et
1170 1212 1213 1242 sic
1224 1214 1306 1251 patet
1318 1213 1401 1252 quod
1414 1213 1483 1242 haec
1493 1215 1537 1243 cst
1549 1213 1660 1243 forma.
1675 1211 1789 1243 Utrum

1018 1267 1126 1295 antem
1145 1265 1198 1295 illa
1210 1289 1217 1302 ‚
1241 1274 1313 1304 quae
1329 1266 1464 1295 traditur
1479 1265 1512 1295 in
1527 1265 1712 1304 Evangeliis
1724 1290 1732 1303 ,
1749 1265 1791 1295 sit

1018 1319 1119 1349 forma
1142 1318 1174 1348 in
1198 1327 1262 1358 qua
1284 1319 1480 1357 conficiatur,
1504 1319 1576 1358 quis
1599 1318 1712 1349 audeat
1734 1327 1790 1348 ne-

1019 1382 1107 1412 gare,
1124 1376 1178 1402 aut
1192 1372 1264 1412 quis
1277 1374 1449 1412 praesumat
1465 1381 1615 1410 asserere,
1634 1381 1708 1402 cum
1720 1381 1792 1402 nes-

1018 1426 1150 1463 ciamus,
1163 1436 1204 1456 an
1213 1426 1272 1465 ipsi
1285 1426 1474 1457 intenderint
1486 1426 1524 1465 (a)
1536 1426 1669 1456 sormam
1681 1425 1792 1456 descri-

1018 1480 1092 1510 bere
1105 1503 1113 1516 ,
1138 1489 1177 1510 an
1202 1480 1299 1509 verba
1320 1480 1474 1509 narrare?
1495 1479 1582 1515 Quod
1601 1479 1627 1509 si
1648 1479 1790 1509 intende—

1020 1531 1095 1559 runt
1109 1530 1243 1559 sormam
1258 1529 1331 1559 dare
1344 1553 1350 1566 ,
1369 1529 1470 1558 forma
1484 1529 1517 1558 in
1531 1528 1591 1558 illis
1606 1527 1711 1558 verbis
1726 1536 1792 1558 om·

1020 1580 1114 1610 nibus
1138 1579 1299 1609 salvatur:
1325 1581 1356 1610 et
1380 1580 1503 1609 modica
1525 1579 1658 1609 variatio
1681 1578 1790 1616 verbi,

1020 1633 1107 1663 salvo
1122 1642 1217 1663 sensu
1229 1656 1238 1669 ,
1262 1634 1394 1662 sormam
1416 1641 1479 1662 non
1496 1634 1616 1662 mutat:
1640 1634 1670 1662 et
1690 1632 1733 1661 ita
1752 1639 1791 1661 ex

1020 1687 1080 1717 hoc
1094 1696 1158 1717 non
1173 1686 1318 1722 habetur,
1342 1686 1426 1724 quod
1442 1685 1500 1716 ista
1516 1694 1587 1724 quae
1608 1684 1742 1715 habetur
1758 1684 1791 1714 in

1021 1748 1157 1776 canone,
1174 1748 1237 1769 non
1253 1739 1291 1769 sit
1307 1740 1427 1775 forma;
1444 1739 1508 1768 imo
1524 1747 1597 1768 vere
1611 1739 1657 1768 est
1671 1737 1789 1773 forma,

1022 1802 1094 1823 cum
1110 1794 1143 1823 in
1157 1802 1252 1823 sensu
1275 1801 1348 1822 cum
1363 1792 1431 1821 aliis
1453 1790 1629 1821 conveniat.
1656 1788 1744 1826 Quod
1765 1789 1792 1819 si

1023 1856 1086 1877 non
1116 1846 1300 1883 intendant,
1335 1848 1411 1874 tunc
1435 1846 1532 1874 restat
1557 1842 1641 1882 quod
1665 1842 1723 1872 ista
1746 1843 1793 1872 est

1022 1900 1144 1937 forma,
1169 1908 1204 1929 ac
1227 1908 1282 1939 per
1303 1898 1362 1928 hoc
1383 1898 1451 1928 haec
1473 1897 1574 1927 forma
1597 1897 1642 1926 est
1661 1897 1745 1926 recta
1764 1896 1794 1925 et

1022 1955 1116 1984 certa.

1064 2010 1077 2037 1
1094 2031 1101 2044 ,
1118 2009 1136 2038 2
1149 2031 1157 2044 ‚
1175 2009 1192 2037 3
1207 2008 1237 2036 et
1250 2008 1280 2036 t.
1302 2005 1339 2036 Et
1360 2007 1443 2044 patet
1461 2002 1622 2044 responsio
1637 2002 1676 2033 ad
1691 2001 1794 2042 prima

1023 2061 1087 2091 duo
1102 2061 1234 2099 objecta.
1251 2059 1304 2090 Est
1319 2059 1413 2089 etiam
1429 2066 1582 2097 congrua,
1599 2056 1674 2096 quia
1688 2055 1720 2086 in
1733 2055 1794 2086 hoc

1024 2116 1218 2144 sacramento
1244 2113 1442 2151 significatur
1466 2110 1600 2149 sanguis
1625 2109 1737 2140 Christi
1758 2110 1793 2139 ut

1025 2167 1145 2198 effusus
1166 2167 1199 2197 in
1219 2166 1376 2206 pretium,
1399 2167 1427 2194 et
1450 2166 1485 2194 ut
1503 2162 1743 2194 administratus
1762 2161 1795 2192 in

1025 2223 1158 2261 potum:
1189 2220 1323 2258 sanguis
1345 2221 1494 2248 neutrum
1521 2217 1595 2247 dicit
1621 2217 1658 2247 de
1682 2224 1716 2246 se
1739 2224 1794 2246 ex-

1025 2282 1130 2313 presse
1142 2297 1149 2310 ,
1173 2272 1227 2303 sed
1248 2281 1301 2312 per
1320 2271 1576 2310 conjunctionem
1592 2278 1666 2300 eum
1680 2268 1774 2299 calice
1785 2290 1794 2306 ,

1026 2326 1101 2366 quia
1116 2325 1249 2364 sanguis
1262 2326 1294 2356 in
1307 2325 1402 2355 calice
1418 2326 1451 2354 ut
1464 2323 1583 2354 effusus
1598 2324 1629 2353 et
1641 2321 1796 2362 potandus

1026 2380 1224 2419 proponitur.
1251 2378 1322 2409 Ideo
1337 2378 1419 2409 calix
1441 2378 1473 2408 in
1495 2377 1656 2416 Scriptura
1670 2374 1794 2414 signifi-

1027 2435 1076 2463 cat
1098 2432 1267 2472 aliquando
1290 2432 1468 2472 passionem
1479 2455 1487 2469 ,
1503 2433 1538 2461 ut
1552 2430 1585 2460 in
1599 2427 1750 2460 Matthoeo
1762 2429 1773 2445 ²
1783 2435 1794 2456 .·

1027 2486 1164 2518 Potestis
1179 2485 1277 2517 bibere
1291 2485 1420 2517 calicem
1432 2508 1440 2522 ,
1460 2492 1556 2524 quam
1571 2490 1624 2522 eqo
1639 2481 1795 2514 bibiturus

1062 2567 1070 2583 ¹
1080 2567 1178 2595 innoc,
1194 2566 1236 2596 lli,
1249 2565 1278 2589 cle
1292 2566 1362 2590 δας».
1372 2565 1450 2589 altar.
1465 2565 1548 2595 myst„
1562 2562 1606 2587 lib.
1622 2562 1665 2593 lv,
1682 2568 1704 2585 c.
1720 2566 1756 2584 Vl.
1766 2571 1795 2579 --

1029 2606 1037 2619 ²
1048 2602 1150 2632 Metili..
1164 2608 1208 2632 xx,
1220 2603 1261 2627 22.
1273 2614 1303 2619 —
1316 2602 1348 2632 (a)
1365 2601 1407 2626 Al.
1424 2599 1594 2624 intenderunt.

1808 1227 1900 1253 Oumstio

1804 1259 1910 1279 incidens.
