<?xml version="1.0" encoding="UTF-8"?>
<!DOCTYPE html PUBLIC "-//W3C//DTD XHTML 1.0 Transitional//EN"
    "http://www.w3.org/TR/xhtml1/DTD/xhtml1-transitional.dtd">
<html xmlns="http://www.w3.org/1999/xhtml" xml:lang="en" lang="en">
 <head>
  <title>
</title>
<meta http-equiv="Content-Type" content="text/html;charset=utf-8" />
  <meta name='ocr-system' content='tesseract 3.04.00' />
  <meta name='ocr-capabilities' content='ocr_page ocr_carea ocr_par ocr_line ocrx_word'/>
</head>
<body>
  <div class='ocr_page' id='page_1' title='image "./operaomniasixtiv05bonauoft/operaomniasixtiv05bonauoft_0327.png"; bbox 0 0 2017 2948; ppageno 0'>
   <div class='ocr_carea' id='block_1_1' title="bbox 768 149 1220 182">
    <p class='ocr_par' dir='ltr' id='par_1_1' title="bbox 768 149 1220 182">
     <span class='ocr_line' id='line_1_1' title="bbox 768 149 1220 182; baseline 0.004 -3"><span class='ocrx_word' id='word_1_1' title='bbox 768 149 956 181; x_wconf 70' lang='lat' dir='ltr'>DISTINGT.</span> <span class='ocrx_word' id='word_1_2' title='bbox 982 150 1020 182; x_wconf 89' lang='lat'>11.</span> <span class='ocrx_word' id='word_1_3' title='bbox 1045 151 1158 181; x_wconf 78' lang='lat' dir='ltr'>PARS.</span> <span class='ocrx_word' id='word_1_4' title='bbox 1184 150 1220 180; x_wconf 83' lang='grc' dir='ltr'>ΙΙ.</span> 
     </span>
    </p>
   </div>
   <div class='ocr_carea' id='block_1_2' title="bbox 1737 158 1791 186">
    <p class='ocr_par' dir='ltr' id='par_1_2' title="bbox 1737 158 1791 186">
     <span class='ocr_line' id='line_1_2' title="bbox 1737 158 1791 186; baseline 0 0"><span class='ocrx_word' id='word_1_5' title='bbox 1737 158 1791 186; x_wconf 78' lang='lat'>311</span> 
     </span>
    </p>
   </div>
   <div class='ocr_carea' id='block_1_3' title="bbox 195 216 1788 437">
    <p class='ocr_par' dir='ltr' id='par_1_3' title="bbox 197 216 1785 315">
     <span class='ocr_line' id='line_1_3' title="bbox 197 216 1785 266; baseline 0.003 -15"><span class='ocrx_word' id='word_1_6' title='bbox 197 218 455 261; x_wconf 81' lang='lat' dir='ltr'><strong>immergantur,</strong></span> <span class='ocrx_word' id='word_1_7' title='bbox 472 227 588 250; x_wconf 86' lang='lat' dir='ltr'>verum</span> <span class='ocrx_word' id='word_1_8' title='bbox 611 216 770 261; x_wconf 84' lang='lat' dir='ltr'>baptisma</span> <span class='ocrx_word' id='word_1_9' title='bbox 792 217 965 261; x_wconf 85' lang='lat' dir='ltr'>accipiunt.</span> <span class='ocrx_word' id='word_1_10' title='bbox 983 217 1023 249; x_wconf 91' lang='lat' dir='ltr'>Et</span> <span class='ocrx_word' id='word_1_11' title='bbox 1037 217 1093 261; x_wconf 84' lang='lat' dir='ltr'>qui</span> <span class='ocrx_word' id='word_1_12' title='bbox 1109 217 1208 249; x_wconf 90' lang='lat' dir='ltr'>semel</span> <span class='ocrx_word' id='word_1_13' title='bbox 1224 217 1390 261; x_wconf 79' lang='lat' dir='ltr'>immergit</span> <span class='ocrx_word' id='word_1_14' title='bbox 1411 223 1554 263; x_wconf 82' lang='lat' dir='ltr'>tantum,</span> <span class='ocrx_word' id='word_1_15' title='bbox 1581 233 1647 255; x_wconf 87' lang='lat' dir='ltr'>non</span> <span class='ocrx_word' id='word_1_16' title='bbox 1664 227 1785 266; x_wconf 84' lang='lat' dir='ltr'>peccat,</span> 
     </span>
     <span class='ocr_line' id='line_1_4' title="bbox 200 273 1568 315; baseline 0.003 -7"><span class='ocrx_word' id='word_1_17' title='bbox 200 276 263 309; x_wconf 89' lang='lat' dir='ltr'>nisi</span> <span class='ocrx_word' id='word_1_18' title='bbox 277 274 477 308; x_wconf 77' lang='lat' dir='ltr'><strong>consuetudo</strong></span> <span class='ocrx_word' id='word_1_19' title='bbox 490 273 638 306; x_wconf 82' lang='lat' dir='ltr'>Ecclesiae</span> <span class='ocrx_word' id='word_1_20' title='bbox 653 274 804 315; x_wconf 85' lang='lat' dir='ltr'>obsistat,</span> <span class='ocrx_word' id='word_1_21' title='bbox 821 274 873 307; x_wconf 64' lang='lat' dir='ltr'>vol</span> <span class='ocrx_word' id='word_1_22' title='bbox 888 274 948 307; x_wconf 87' lang='lat' dir='ltr'>hoc</span> <span class='ocrx_word' id='word_1_23' title='bbox 963 274 1059 307; x_wconf 91' lang='lat' dir='ltr'>modo</span> <span class='ocrx_word' id='word_1_24' title='bbox 1074 278 1203 307; x_wconf 83' lang='lat' dir='ltr'>tantum</span> <span class='ocrx_word' id='word_1_25' title='bbox 1218 275 1334 308; x_wconf 84' lang='lat' dir='ltr'>debere</span> <span class='ocrx_word' id='word_1_26' title='bbox 1351 277 1423 310; x_wconf 89' lang='lat' dir='ltr'>ficri</span> <span class='ocrx_word' id='word_1_27' title='bbox 1438 283 1568 312; x_wconf 83' lang='lat' dir='ltr'>asserat.</span> 
     </span>
    </p>

    <p class='ocr_par' dir='ltr' id='par_1_4' title="bbox 195 331 1788 437">
     <span class='ocr_line' id='line_1_5' title="bbox 240 331 1786 381; baseline 0.003 -15"><span class='ocrx_word' id='word_1_28' title='bbox 240 333 330 366; x_wconf 84' lang='lat' dir='ltr'>Solet</span> <span class='ocrx_word' id='word_1_29' title='bbox 346 332 444 365; x_wconf 84' lang='lat' dir='ltr'>etiam</span> <span class='ocrx_word' id='word_1_30' title='bbox 460 331 564 375; x_wconf 65' lang='lat' dir='ltr'>quaeri</span> <span class='ocrx_word' id='word_1_31' title='bbox 578 357 585 371; x_wconf 92' lang='lat'>‚</span> <span class='ocrx_word' id='word_1_32' title='bbox 613 331 639 363; x_wconf 89' lang='lat' dir='ltr'>si</span> <span class='ocrx_word' id='word_1_33' title='bbox 661 331 862 363; x_wconf 71' lang='lat' dir='ltr'>circumcisio</span> <span class='ocrx_word' id='word_1_34' title='bbox 878 332 986 364; x_wconf 87' lang='lat' dir='ltr'>amisit</span> <span class='ocrx_word' id='word_1_35' title='bbox 1000 332 1109 364; x_wconf 85' lang='lat' dir='ltr'>statim</span> <span class='ocrx_word' id='word_1_36' title='bbox 1128 331 1195 364; x_wconf 81' lang='lat' dir='ltr'>vim</span> <span class='ocrx_word' id='word_1_37' title='bbox 1220 343 1313 365; x_wconf 83' lang='lat' dir='ltr'>suam</span> <span class='ocrx_word' id='word_1_38' title='bbox 1336 334 1376 366; x_wconf 90' lang='lat' dir='ltr'>ab</span> <span class='ocrx_word' id='word_1_39' title='bbox 1401 334 1604 369; x_wconf 73' lang='lat' dir='ltr'>institutione</span> <span class='ocrx_word' id='word_1_40' title='bbox 1622 337 1786 381; x_wconf 79' lang='lat' dir='ltr'>baptismi.</span> 
     </span>
     <span class='ocr_line' id='line_1_6' title="bbox 195 388 1788 437; baseline 0.003 -14"><span class='ocrx_word' id='word_1_41' title='bbox 195 391 245 423; x_wconf 87' lang='lat' dir='ltr'>Ad</span> <span class='ocrx_word' id='word_1_42' title='bbox 261 389 349 434; x_wconf 85' lang='lat' dir='ltr'>quod</span> <span class='ocrx_word' id='word_1_43' title='bbox 364 389 502 421; x_wconf 83' lang='lat' dir='ltr'>dicimus</span> <span class='ocrx_word' id='word_1_44' title='bbox 518 388 552 420; x_wconf 92' lang='lat' dir='ltr'>in</span> <span class='ocrx_word' id='word_1_45' title='bbox 566 388 685 421; x_wconf 83' lang='lat' dir='ltr'>Christi</span> <span class='ocrx_word' id='word_1_46' title='bbox 703 393 805 421; x_wconf 86' lang='lat' dir='ltr'>morte</span> <span class='ocrx_word' id='word_1_47' title='bbox 821 392 829 408; x_wconf 83' lang='lat'><strong>¹</strong></span> <span class='ocrx_word' id='word_1_48' title='bbox 846 390 1017 422; x_wconf 70' lang='lat' dir='ltr'>terminata</span> <span class='ocrx_word' id='word_1_49' title='bbox 1038 401 1104 422; x_wconf 79' lang='lat' dir='ltr'>csse</span> <span class='ocrx_word' id='word_1_50' title='bbox 1127 389 1245 433; x_wconf 80' lang='lat' dir='ltr'>legalia</span> <span class='ocrx_word' id='word_1_51' title='bbox 1261 391 1381 424; x_wconf 81' lang='lat' dir='ltr'>onmia.</span> <span class='ocrx_word' id='word_1_52' title='bbox 1400 391 1447 424; x_wconf 78' lang='lat' dir='ltr'>Ex</span> <span class='ocrx_word' id='word_1_53' title='bbox 1466 397 1542 425; x_wconf 92' lang='lat' dir='ltr'>tunc</span> <span class='ocrx_word' id='word_1_54' title='bbox 1559 405 1635 437; x_wconf 82' lang='lat' dir='ltr'>ergo</span> <span class='ocrx_word' id='word_1_55' title='bbox 1650 395 1788 427; x_wconf 82' lang='lat' dir='ltr'>circum-</span> 
     </span>
    </p>
   </div>
   <div class='ocr_carea' id='block_1_4' title="bbox 193 446 1788 609">
    <p class='ocr_par' dir='ltr' id='par_1_5' title="bbox 193 446 1788 609">
     <span class='ocr_line' id='line_1_7' title="bbox 194 446 1788 492; baseline 0.003 -12"><span class='ocrx_word' id='word_1_56' title='bbox 194 447 271 480; x_wconf 87' lang='lat' dir='ltr'>cisio</span> <span class='ocrx_word' id='word_1_57' title='bbox 288 446 428 491; x_wconf 82' lang='lat' dir='ltr'>perdidit</span> <span class='ocrx_word' id='word_1_58' title='bbox 443 446 510 478; x_wconf 90' lang='lat' dir='ltr'>vim</span> <span class='ocrx_word' id='word_1_59' title='bbox 534 457 625 478; x_wconf 87' lang='lat' dir='ltr'>suam</span> <span class='ocrx_word' id='word_1_60' title='bbox 639 472 646 487; x_wconf 93' lang='lat'>‚</span> <span class='ocrx_word' id='word_1_61' title='bbox 671 446 716 479; x_wconf 88' lang='lat' dir='ltr'>ita</span> <span class='ocrx_word' id='word_1_62' title='bbox 738 447 823 490; x_wconf 82' lang='lat' dir='ltr'>quod</span> <span class='ocrx_word' id='word_1_63' title='bbox 841 451 949 491; x_wconf 85' lang='lat' dir='ltr'>postea</span> <span class='ocrx_word' id='word_1_64' title='bbox 964 458 1029 480; x_wconf 91' lang='lat' dir='ltr'>non</span> <span class='ocrx_word' id='word_1_65' title='bbox 1045 447 1236 491; x_wconf 73' lang='lat' dir='ltr'>profecerit,</span> <span class='ocrx_word' id='word_1_66' title='bbox 1253 448 1307 481; x_wconf 87' lang='lat' dir='ltr'>sed</span> <span class='ocrx_word' id='word_1_67' title='bbox 1323 450 1430 492; x_wconf 88' lang='lat' dir='ltr'>potius</span> <span class='ocrx_word' id='word_1_68' title='bbox 1445 450 1586 483; x_wconf 87' lang='lat' dir='ltr'>obfuerit</span> <span class='ocrx_word' id='word_1_69' title='bbox 1601 451 1788 484; x_wconf 84' lang='lat' dir='ltr'>observato-</span> 
     </span>
     <span class='ocr_line' id='line_1_8' title="bbox 194 503 1788 552; baseline 0.003 -15"><span class='ocrx_word' id='word_1_70' title='bbox 194 505 286 537; x_wconf 81' lang='lat' dir='ltr'>ribus</span> <span class='ocrx_word' id='word_1_71' title='bbox 311 504 389 536; x_wconf 88' lang='lat' dir='ltr'>suis.</span> <span class='ocrx_word' id='word_1_72' title='bbox 420 503 483 536; x_wconf 87' lang='lat' dir='ltr'>Sed</span> <span class='ocrx_word' id='word_1_73' title='bbox 507 514 611 548; x_wconf 77' lang='lat' dir='ltr'>usque</span> <span class='ocrx_word' id='word_1_74' title='bbox 627 503 665 536; x_wconf 86' lang='lat' dir='ltr'>ad</span> <span class='ocrx_word' id='word_1_75' title='bbox 682 503 880 537; x_wconf 86' lang='lat' dir='ltr'>oblationem</span> <span class='ocrx_word' id='word_1_76' title='bbox 896 516 981 537; x_wconf 54' lang='lat' dir='ltr'>verae</span> <span class='ocrx_word' id='word_1_77' title='bbox 995 504 1109 537; x_wconf 57' lang='lat' dir='ltr'>hostiae</span> <span class='ocrx_word' id='word_1_78' title='bbox 1133 505 1241 549; x_wconf 89' lang='lat' dir='ltr'>potuit</span> <span class='ocrx_word' id='word_1_79' title='bbox 1262 506 1423 549; x_wconf 79' lang='lat' dir='ltr'>prodesse.</span> <span class='ocrx_word' id='word_1_80' title='bbox 1442 506 1477 540; x_wconf 85' lang='lat' dir='ltr'>Si</span> <span class='ocrx_word' id='word_1_81' title='bbox 1496 507 1583 540; x_wconf 89' lang='lat' dir='ltr'>enim</span> <span class='ocrx_word' id='word_1_82' title='bbox 1613 512 1688 540; x_wconf 89' lang='lat' dir='ltr'>ante</span> <span class='ocrx_word' id='word_1_83' title='bbox 1717 520 1788 552; x_wconf 85' lang='lat' dir='ltr'>pas·</span> 
     </span>
     <span class='ocr_line' id='line_1_9' title="bbox 193 560 1787 609; baseline 0.003 -15"><span class='ocrx_word' id='word_1_84' title='bbox 193 562 317 594; x_wconf 90' lang='lat' dir='ltr'>sionem</span> <span class='ocrx_word' id='word_1_85' title='bbox 348 561 465 604; x_wconf 80' lang='lat' dir='ltr'>legalia</span> <span class='ocrx_word' id='word_1_86' title='bbox 489 560 588 593; x_wconf 83' lang='lat' dir='ltr'>finem</span> <span class='ocrx_word' id='word_1_87' title='bbox 614 560 826 602; x_wconf 83' lang='lat' dir='ltr'>habuissent,</span> <span class='ocrx_word' id='word_1_88' title='bbox 856 573 921 594; x_wconf 89' lang='lat' dir='ltr'>non</span> <span class='ocrx_word' id='word_1_89' title='bbox 946 573 984 594; x_wconf 82' lang='lat' dir='ltr'>ea</span> <span class='ocrx_word' id='word_1_90' title='bbox 1008 562 1201 595; x_wconf 79' lang='lat' dir='ltr'>imminente</span> <span class='ocrx_word' id='word_1_91' title='bbox 1226 567 1320 595; x_wconf 74' lang='lat' dir='ltr'>vetus</span> <span class='ocrx_word' id='word_1_92' title='bbox 1345 563 1464 607; x_wconf 82' lang='lat' dir='ltr'>pascha</span> <span class='ocrx_word' id='word_1_93' title='bbox 1485 567 1495 583; x_wconf 84' lang='lat'><strong>²</strong></span> <span class='ocrx_word' id='word_1_94' title='bbox 1519 576 1594 597; x_wconf 90' lang='lat' dir='ltr'>cum</span> <span class='ocrx_word' id='word_1_95' title='bbox 1619 565 1787 609; x_wconf 84' lang='lat' dir='ltr'>discipulis</span> 
     </span>
    </p>
   </div>
   <div class='ocr_carea' id='block_1_5' title="bbox 197 619 430 652">
    <p class='ocr_par' dir='ltr' id='par_1_6' title="bbox 197 619 430 652">
     <span class='ocr_line' id='line_1_10' title="bbox 197 619 430 652; baseline 0.004 -1"><span class='ocrx_word' id='word_1_96' title='bbox 197 619 430 652; x_wconf 81' lang='lat' dir='ltr'>manducasset.</span> 
     </span>
    </p>
   </div>
   <div class='ocr_carea' id='block_1_6' title="bbox 193 676 1860 778">
    <p class='ocr_par' dir='ltr' id='par_1_7' title="bbox 193 676 1860 778">
     <span class='ocr_line' id='line_1_11' title="bbox 238 676 1786 724; baseline 0.003 -15"><span class='ocrx_word' id='word_1_97' title='bbox 238 676 342 710; x_wconf 84' lang='lat' dir='ltr'>Causa</span> <span class='ocrx_word' id='word_1_98' title='bbox 369 687 444 709; x_wconf 79' lang='lat' dir='ltr'>vero</span> <span class='ocrx_word' id='word_1_99' title='bbox 465 676 679 709; x_wconf 83' lang='lat' dir='ltr'>institutionis</span> <span class='ocrx_word' id='word_1_100' title='bbox 700 676 853 720; x_wconf 80' lang='lat' dir='ltr'>baptismi</span> <span class='ocrx_word' id='word_1_101' title='bbox 876 680 923 708; x_wconf 86' lang='lat' dir='ltr'>cst</span> <span class='ocrx_word' id='word_1_102' title='bbox 942 676 1110 710; x_wconf 84' lang='lat' dir='ltr'>innovatio</span> <span class='ocrx_word' id='word_1_103' title='bbox 1137 678 1271 720; x_wconf 83' lang='lat' dir='ltr'>mentis,</span> <span class='ocrx_word' id='word_1_104' title='bbox 1296 684 1332 711; x_wconf 86' lang='lat' dir='ltr'>ut</span> <span class='ocrx_word' id='word_1_105' title='bbox 1352 678 1450 712; x_wconf 88' lang='lat' dir='ltr'>homo</span> <span class='ocrx_word' id='word_1_106' title='bbox 1470 680 1527 723; x_wconf 87' lang='lat' dir='ltr'>qui</span> <span class='ocrx_word' id='word_1_107' title='bbox 1543 691 1600 724; x_wconf 85' lang='lat' dir='ltr'>per</span> <span class='ocrx_word' id='word_1_108' title='bbox 1620 684 1786 724; x_wconf 87' lang='lat' dir='ltr'>peccatum</span> 
     </span>
     <span class='ocr_line' id='line_1_12' title="bbox 193 732 1860 778; baseline 0.002 -12"><span class='ocrx_word' id='word_1_109' title='bbox 193 736 285 766; x_wconf 83' lang='lat' dir='ltr'>vetus</span> <span class='ocrx_word' id='word_1_110' title='bbox 300 732 423 774; x_wconf 81' lang='lat' dir='ltr'>fuerat,</span> <span class='ocrx_word' id='word_1_111' title='bbox 439 744 496 777; x_wconf 84' lang='lat' dir='ltr'>per</span> <span class='ocrx_word' id='word_1_112' title='bbox 516 732 654 775; x_wconf 76' lang='lat' dir='ltr'>gratiam</span> <span class='ocrx_word' id='word_1_113' title='bbox 671 732 824 776; x_wconf 75' lang='lat' dir='ltr'>baptismi</span> <span class='ocrx_word' id='word_1_114' title='bbox 842 736 1018 765; x_wconf 83' lang='lat' dir='ltr'>renovetur</span> <span class='ocrx_word' id='word_1_115' title='bbox 1036 744 1041 764; x_wconf 94' lang='lat'>:</span> <span class='ocrx_word' id='word_1_116' title='bbox 1064 733 1151 777; x_wconf 71' lang='lat' dir='ltr'>quod</span> <span class='ocrx_word' id='word_1_117' title='bbox 1166 733 1203 765; x_wconf 77' lang='lat' dir='ltr'>fit</span> <span class='ocrx_word' id='word_1_118' title='bbox 1221 734 1421 778; x_wconf 76' lang='lat' dir='ltr'>depositione</span> <span class='ocrx_word' id='word_1_119' title='bbox 1440 734 1596 768; x_wconf 75' lang='lat' dir='ltr'>vitiorum</span> <span class='ocrx_word' id='word_1_120' title='bbox 1611 762 1618 778; x_wconf 89' lang='lat'>,</span> <span class='ocrx_word' id='word_1_121' title='bbox 1635 741 1666 769; x_wconf 90' lang='lat' dir='ltr'>et</span> <span class='ocrx_word' id='word_1_122' title='bbox 1689 736 1788 769; x_wconf 81' lang='lat' dir='ltr'>colla—</span> <span class='ocrx_word' id='word_1_123' title='bbox 1807 749 1860 769; x_wconf 77' lang='lat' dir='ltr'>ouis.</span> 
     </span>
    </p>
   </div>
   <div class='ocr_carea' id='block_1_7' title="bbox 192 789 1912 1009">
    <p class='ocr_par' dir='ltr' id='par_1_8' title="bbox 192 789 1787 948">
     <span class='ocr_line' id='line_1_13' title="bbox 193 789 1787 837; baseline 0.003 -15"><span class='ocrx_word' id='word_1_124' title='bbox 193 790 280 822; x_wconf 87' lang='lat' dir='ltr'>tione</span> <span class='ocrx_word' id='word_1_125' title='bbox 294 790 466 823; x_wconf 86' lang='lat' dir='ltr'>virtutum.</span> <span class='ocrx_word' id='word_1_126' title='bbox 494 789 547 822; x_wconf 80' lang='lat' dir='ltr'>Sic</span> <span class='ocrx_word' id='word_1_127' title='bbox 561 789 648 822; x_wconf 90' lang='lat' dir='ltr'>enim</span> <span class='ocrx_word' id='word_1_128' title='bbox 664 790 701 822; x_wconf 90' lang='lat' dir='ltr'>fit</span> <span class='ocrx_word' id='word_1_129' title='bbox 722 790 861 834; x_wconf 83' lang='lat' dir='ltr'>quisque</span> <span class='ocrx_word' id='word_1_130' title='bbox 877 800 983 822; x_wconf 87' lang='lat' dir='ltr'>novus</span> <span class='ocrx_word' id='word_1_131' title='bbox 998 790 1116 832; x_wconf 84' lang='lat' dir='ltr'>homo,</span> <span class='ocrx_word' id='word_1_132' title='bbox 1133 802 1207 824; x_wconf 88' lang='lat' dir='ltr'>cum</span> <span class='ocrx_word' id='word_1_133' title='bbox 1229 792 1359 824; x_wconf 85' lang='lat' dir='ltr'>abolitis</span> <span class='ocrx_word' id='word_1_134' title='bbox 1377 793 1514 837; x_wconf 84' lang='lat' dir='ltr'>peccatis</span> <span class='ocrx_word' id='word_1_135' title='bbox 1529 797 1665 827; x_wconf 84' lang='lat' dir='ltr'>ornatur</span> <span class='ocrx_word' id='word_1_136' title='bbox 1682 794 1787 827; x_wconf 85' lang='lat' dir='ltr'>virtu-</span> 
     </span>
     <span class='ocr_line' id='line_1_14' title="bbox 192 847 1785 892; baseline 0.003 -12"><span class='ocrx_word' id='word_1_137' title='bbox 192 847 289 881; x_wconf 86' lang='lat' dir='ltr'>tibus.</span> <span class='ocrx_word' id='word_1_138' title='bbox 315 847 461 880; x_wconf 75' lang='lat' dir='ltr'>Abolitio</span> <span class='ocrx_word' id='word_1_139' title='bbox 476 851 678 890; x_wconf 82' lang='lat' dir='ltr'>peccatorum</span> <span class='ocrx_word' id='word_1_140' title='bbox 701 847 792 892; x_wconf 81' lang='lat' dir='ltr'>pellit</span> <span class='ocrx_word' id='word_1_141' title='bbox 808 848 1004 890; x_wconf 79' lang='lat' dir='ltr'>soe·iitatem;</span> <span class='ocrx_word' id='word_1_142' title='bbox 1021 848 1178 892; x_wconf 82' lang='lat' dir='ltr'>appositio</span> <span class='ocrx_word' id='word_1_143' title='bbox 1201 850 1363 883; x_wconf 85' lang='lat' dir='ltr'>virtutum</span> <span class='ocrx_word' id='word_1_144' title='bbox 1379 851 1473 885; x_wconf 77' lang='lat' dir='ltr'>affert</span> <span class='ocrx_word' id='word_1_145' title='bbox 1487 853 1634 885; x_wconf 78' lang='lat' dir='ltr'>decorem</span> <span class='ocrx_word' id='word_1_146' title='bbox 1647 879 1656 892; x_wconf 91' lang='lat'><em>‚</em></span> <span class='ocrx_word' id='word_1_147' title='bbox 1680 857 1711 886; x_wconf 89' lang='lat' dir='ltr'>et</span> <span class='ocrx_word' id='word_1_148' title='bbox 1725 852 1785 885; x_wconf 91' lang='lat' dir='ltr'>hoc</span> 
     </span>
     <span class='ocr_line' id='line_1_15' title="bbox 192 904 1115 948; baseline 0.001 -11"><span class='ocrx_word' id='word_1_149' title='bbox 192 909 238 938; x_wconf 87' lang='lat' dir='ltr'>est</span> <span class='ocrx_word' id='word_1_150' title='bbox 253 916 302 937; x_wconf 86' lang='lat' dir='ltr'>res</span> <span class='ocrx_word' id='word_1_151' title='bbox 316 904 417 948; x_wconf 82' lang='lat' dir='ltr'>hujus</span> <span class='ocrx_word' id='word_1_152' title='bbox 431 905 636 946; x_wconf 75' lang='lat' dir='ltr'>sacramenti,</span> <span class='ocrx_word' id='word_1_153' title='bbox 653 905 776 937; x_wconf 77' lang='lat' dir='ltr'>scilicet</span> <span class='ocrx_word' id='word_1_154' title='bbox 790 906 926 938; x_wconf 88' lang='lat' dir='ltr'>interior</span> <span class='ocrx_word' id='word_1_155' title='bbox 941 906 1115 938; x_wconf 79' lang='lat' dir='ltr'>munditia.</span> 
     </span>
    </p>

    <p class='ocr_par' dir='ltr' id='par_1_9' title="bbox 236 961 1912 1009">
     <span class='ocr_line' id='line_1_16' title="bbox 236 961 1912 1009; baseline 0.002 -14"><span class='ocrx_word' id='word_1_156' title='bbox 236 961 272 995; x_wconf 85' lang='lat' dir='ltr'>Si</span> <span class='ocrx_word' id='word_1_157' title='bbox 284 962 442 1006; x_wconf 58' lang='lat' dir='ltr'>(iuaeritur</span> <span class='ocrx_word' id='word_1_158' title='bbox 452 966 564 994; x_wconf 83' lang='lat' dir='ltr'>utrum</span> <span class='ocrx_word' id='word_1_159' title='bbox 578 962 757 1006; x_wconf 79' lang='lat' dir='ltr'>baptismus</span> <span class='ocrx_word' id='word_1_160' title='bbox 774 963 938 1006; x_wconf 81' lang='lat' dir='ltr'>aperuerit</span> <span class='ocrx_word' id='word_1_161' title='bbox 949 963 1080 1005; x_wconf 84' lang='lat' dir='ltr'>coelum,</span> <span class='ocrx_word' id='word_1_162' title='bbox 1096 964 1184 1007; x_wconf 79' lang='lat' dir='ltr'>quod</span> <span class='ocrx_word' id='word_1_163' title='bbox 1195 974 1260 997; x_wconf 91' lang='lat' dir='ltr'>non</span> <span class='ocrx_word' id='word_1_164' title='bbox 1273 965 1400 1009; x_wconf 88' lang='lat' dir='ltr'>aperuit</span> <span class='ocrx_word' id='word_1_165' title='bbox 1413 966 1613 1000; x_wconf 84' lang='lat' dir='ltr'>circumcisio</span> <span class='ocrx_word' id='word_1_166' title='bbox 1627 980 1634 1009; x_wconf 81' lang='grc'>,-</span> <span class='ocrx_word' id='word_1_167' title='bbox 1648 967 1786 1001; x_wconf 86' lang='lat' dir='ltr'>dicimus</span> <span class='ocrx_word' id='word_1_168' title='bbox 1804 973 1912 998; x_wconf 72' lang='lat' dir='ltr'>Quaeritur</span> 
     </span>
    </p>
   </div>
   <div class='ocr_carea' id='block_1_8' title="bbox 1807 351 1915 464">
    <p class='ocr_par' dir='ltr' id='par_1_10' title="bbox 1807 351 1915 464">
     <span class='ocr_line' id='line_1_17' title="bbox 1822 351 1910 375; baseline 0.011 -4"><span class='ocrx_word' id='word_1_169' title='bbox 1822 351 1910 375; x_wconf 61' lang='lat' dir='ltr'>Quando</span> 
     </span>
     <span class='ocr_line' id='line_1_18' title="bbox 1821 382 1911 402; baseline 0.011 -1"><span class='ocrx_word' id='word_1_170' title='bbox 1821 382 1911 402; x_wconf 63' lang='lat' dir='ltr'>circum⁴</span> 
     </span>
     <span class='ocr_line' id='line_1_19' title="bbox 1807 412 1915 433; baseline 0.009 -2"><span class='ocrx_word' id='word_1_171' title='bbox 1807 412 1915 433; x_wconf 79' lang='lat' dir='ltr'>cisioanii·</span> 
     </span>
     <span class='ocr_line' id='line_1_20' title="bbox 1807 443 1915 464; baseline 0.019 -2"><span class='ocrx_word' id='word_1_172' title='bbox 1807 443 1834 463; x_wconf 74' lang='lat' dir='ltr'>sit</span> <span class='ocrx_word' id='word_1_173' title='bbox 1863 444 1915 464; x_wconf 74' lang='lat' dir='ltr'>vim.</span> 
     </span>
    </p>
   </div>
   <div class='ocr_carea' id='block_1_9' title="bbox 1808 688 1912 738">
    <p class='ocr_par' dir='ltr' id='par_1_11' title="bbox 1808 688 1912 738">
     <span class='ocr_line' id='line_1_21' title="bbox 1808 688 1911 708; baseline 0 0"><span class='ocrx_word' id='word_1_174' title='bbox 1808 688 1838 708; x_wconf 84' lang='lat' dir='ltr'>De</span> <span class='ocrx_word' id='word_1_175' title='bbox 1849 694 1911 708; x_wconf 76' lang='lat' dir='ltr'>causa</span> 
     </span>
     <span class='ocr_line' id='line_1_22' title="bbox 1816 719 1912 738; baseline 0 0"><span class='ocrx_word' id='word_1_176' title='bbox 1816 719 1912 738; x_wconf 73' lang='lat' dir='ltr'>iustituti-</span> 
     </span>
    </p>
   </div>
   <div class='ocr_carea' id='block_1_10' title="bbox 1805 1004 1912 1030">
    <p class='ocr_par' dir='ltr' id='par_1_12' title="bbox 1805 1004 1912 1030">
     <span class='ocr_line' id='line_1_23' title="bbox 1805 1004 1912 1030; baseline 0 -6"><span class='ocrx_word' id='word_1_177' title='bbox 1805 1010 1831 1024; x_wconf 80' lang='lat' dir='ltr'>an</span> <span class='ocrx_word' id='word_1_178' title='bbox 1861 1004 1912 1030; x_wconf 84' lang='lat' dir='ltr'>bap-</span> 
     </span>
    </p>
   </div>
   <div class='ocr_carea' id='block_1_11' title="bbox 192 1019 1893 1066">
    <p class='ocr_par' dir='ltr' id='par_1_13' title="bbox 192 1019 1893 1066">
     <span class='ocr_line' id='line_1_24' title="bbox 192 1019 1893 1066; baseline 0.004 -14"><span class='ocrx_word' id='word_1_179' title='bbox 192 1019 269 1064; x_wconf 84' lang='lat' dir='ltr'>quia</span> <span class='ocrx_word' id='word_1_180' title='bbox 283 1030 342 1052; x_wconf 88' lang='lat' dir='ltr'>nec</span> <span class='ocrx_word' id='word_1_181' title='bbox 356 1020 534 1064; x_wconf 83' lang='lat' dir='ltr'>baptismus</span> <span class='ocrx_word' id='word_1_182' title='bbox 550 1046 557 1061; x_wconf 88' lang='lat'>‚</span> <span class='ocrx_word' id='word_1_183' title='bbox 582 1031 640 1052; x_wconf 86' lang='lat' dir='ltr'>nec</span> <span class='ocrx_word' id='word_1_184' title='bbox 659 1020 861 1053; x_wconf 82' lang='lat' dir='ltr'>circumcisio</span> <span class='ocrx_word' id='word_1_185' title='bbox 876 1021 969 1064; x_wconf 80' lang='lat' dir='ltr'>regni</span> <span class='ocrx_word' id='word_1_186' title='bbox 983 1020 1076 1054; x_wconf 87' lang='lat' dir='ltr'>nobis</span> <span class='ocrx_word' id='word_1_187' title='bbox 1091 1021 1217 1054; x_wconf 83' lang='lat' dir='ltr'>aditum</span> <span class='ocrx_word' id='word_1_188' title='bbox 1233 1023 1377 1065; x_wconf 80' lang='lat' dir='ltr'>aperuit,</span> <span class='ocrx_word' id='word_1_189' title='bbox 1393 1023 1448 1056; x_wconf 89' lang='lat' dir='ltr'>sed</span> <span class='ocrx_word' id='word_1_190' title='bbox 1464 1024 1569 1057; x_wconf 86' lang='lat' dir='ltr'>hostia</span> <span class='ocrx_word' id='word_1_191' title='bbox 1584 1024 1782 1066; x_wconf 83' lang='lat' dir='ltr'>Salvatoris3</span> <span class='ocrx_word' id='word_1_192' title='bbox 1820 1036 1893 1055; x_wconf 64' lang='lat' dir='ltr'>tismus</span> 
     </span>
    </p>
   </div>
   <div class='ocr_carea' id='block_1_12' title="bbox 1821 1066 1904 1086">
    <p class='ocr_par' dir='ltr' id='par_1_14' title="bbox 1821 1066 1904 1086">
     <span class='ocr_line' id='line_1_25' title="bbox 1821 1066 1904 1086; baseline 0 -1"><span class='ocrx_word' id='word_1_193' title='bbox 1821 1072 1829 1085; x_wconf 81' lang='lat' dir='ltr'>a</span> <span class='ocrx_word' id='word_1_194' title='bbox 1849 1066 1904 1086; x_wconf 74' lang='lat' dir='ltr'>eruit</span> 
     </span>
    </p>
   </div>
   <div class='ocr_carea' id='block_1_13' title="bbox 192 1073 1904 1124">
    <p class='ocr_par' dir='ltr' id='par_1_15' title="bbox 192 1073 1904 1124">
     <span class='ocr_line' id='line_1_26' title="bbox 192 1073 1904 1124; baseline 0.005 -15"><span class='ocrx_word' id='word_1_195' title='bbox 192 1087 263 1121; x_wconf 83' lang='lat' dir='ltr'>quae</span> <span class='ocrx_word' id='word_1_196' title='bbox 278 1077 305 1109; x_wconf 90' lang='lat' dir='ltr'>si</span> <span class='ocrx_word' id='word_1_197' title='bbox 320 1082 463 1121; x_wconf 87' lang='lat' dir='ltr'>tempore</span> <span class='ocrx_word' id='word_1_198' title='bbox 477 1077 731 1110; x_wconf 84' lang='lat' dir='ltr'>circumcisionis</span> <span class='ocrx_word' id='word_1_199' title='bbox 746 1078 854 1110; x_wconf 86' lang='lat' dir='ltr'>oblata</span> <span class='ocrx_word' id='word_1_200' title='bbox 865 1078 991 1120; x_wconf 87' lang='lat' dir='ltr'>fnisset,</span> <span class='ocrx_word' id='word_1_201' title='bbox 1009 1078 1100 1111; x_wconf 83' lang='lat' dir='ltr'>illius</span> <span class='ocrx_word' id='word_1_202' title='bbox 1114 1079 1269 1123; x_wconf 80' lang='lat' dir='ltr'>temporis</span> <span class='ocrx_word' id='word_1_203' title='bbox 1279 1079 1428 1114; x_wconf 88' lang='lat' dir='ltr'>homines</span> <span class='ocrx_word' id='word_1_204' title='bbox 1443 1092 1581 1124; x_wconf 77' lang='lat' dir='ltr'>regnum</span> <span class='ocrx_word' id='word_1_205' title='bbox 1596 1082 1782 1116; x_wconf 78' lang='lat' dir='ltr'>intrassent.</span> <span class='ocrx_word' id='word_1_206' title='bbox 1818 1073 1904 1117; x_wconf 44' lang='lat' dir='ltr'>egium,</span> 
     </span>
    </p>
   </div>
   <div class='ocr_carea' id='block_1_14' title="bbox 191 1134 944 1179">
    <p class='ocr_par' dir='ltr' id='par_1_16' title="bbox 191 1134 944 1179">
     <span class='ocr_line' id='line_1_27' title="bbox 191 1134 944 1179; baseline 0.004 -13"><span class='ocrx_word' id='word_1_207' title='bbox 191 1134 254 1167; x_wconf 83' lang='lat' dir='ltr'>Res</span> <span class='ocrx_word' id='word_1_208' title='bbox 270 1145 347 1178; x_wconf 84' lang='lat' dir='ltr'>ergo</span> <span class='ocrx_word' id='word_1_209' title='bbox 362 1134 461 1178; x_wconf 87' lang='lat' dir='ltr'>hujus</span> <span class='ocrx_word' id='word_1_210' title='bbox 475 1135 667 1168; x_wconf 84' lang='lat' dir='ltr'>sacramenti</span> <span class='ocrx_word' id='word_1_211' title='bbox 680 1135 869 1179; x_wconf 85' lang='lat' dir='ltr'>justificatio</span> <span class='ocrx_word' id='word_1_212' title='bbox 885 1140 944 1169; x_wconf 88' lang='lat' dir='ltr'>est.</span> 
     </span>
    </p>
   </div>
   <div class='ocr_carea' id='block_1_15' title="bbox 377 1281 769 1313">
    <p class='ocr_par' dir='ltr' id='par_1_17' title="bbox 377 1281 769 1313">
     <span class='ocr_line' id='line_1_28' title="bbox 377 1281 769 1313; baseline 0.003 -1"><span class='ocrx_word' id='word_1_213' title='bbox 377 1281 581 1313; x_wconf 80' lang='lat' dir='ltr'>EXPOSITIO</span> <span class='ocrx_word' id='word_1_214' title='bbox 603 1281 769 1313; x_wconf 78' lang='lat' dir='ltr'>TEXTUS.</span> 
     </span>
    </p>
   </div>
   <div class='ocr_carea' id='block_1_16' title="bbox 215 1373 931 1440">
    <p class='ocr_par' dir='ltr' id='par_1_18' title="bbox 215 1373 931 1440">
     <span class='ocr_line' id='line_1_29' title="bbox 215 1373 931 1404; baseline 0.001 -8"><span class='ocrx_word' id='word_1_215' title='bbox 215 1374 250 1396; x_wconf 83' lang='lat' dir='ltr'>De</span> <span class='ocrx_word' id='word_1_216' title='bbox 268 1373 424 1397; x_wconf 82' lang='lat' dir='ltr'>institutione</span> <span class='ocrx_word' id='word_1_217' title='bbox 442 1373 574 1403; x_wconf 75' lang='lat' dir='ltr'>baptismi,</span> <span class='ocrx_word' id='word_1_218' title='bbox 593 1373 695 1404; x_wconf 80' lang='lat' dir='ltr'>quando</span> <span class='ocrx_word' id='word_1_219' title='bbox 714 1373 835 1404; x_wconf 69' lang='lat' dir='ltr'>coeperit,</span> <span class='ocrx_word' id='word_1_220' title='bbox 854 1373 931 1397; x_wconf 82' lang='lat' dir='ltr'>variae</span> 
     </span>
     <span class='ocr_line' id='line_1_30' title="bbox 330 1408 682 1440; baseline 0 -8"><span class='ocrx_word' id='word_1_221' title='bbox 330 1409 333 1413; x_wconf 95' lang='grc'><strong>“</strong></span> <span class='ocrx_word' id='word_1_222' title='bbox 463 1410 522 1432; x_wconf 77' lang='lat' dir='ltr'>sunt</span> <span class='ocrx_word' id='word_1_223' title='bbox 539 1408 682 1440; x_wconf 81' lang='lat' dir='ltr'>opiniones.</span> 
     </span>
    </p>
   </div>
   <div class='ocr_carea' id='block_1_17' title="bbox 181 1495 959 2651">
    <p class='ocr_par' dir='ltr' id='par_1_19' title="bbox 181 1495 959 2597">
     <span class='ocr_line' id='line_1_31' title="bbox 228 1495 958 1535; baseline -0.001 -9"><span class='ocrx_word' id='word_1_224' title='bbox 228 1495 329 1535; x_wconf 83' lang='lat' dir='ltr'>Supra</span> <span class='ocrx_word' id='word_1_225' title='bbox 352 1495 420 1534; x_wconf 77' lang='lat' dir='ltr'>egit</span> <span class='ocrx_word' id='word_1_226' title='bbox 443 1495 596 1534; x_wconf 81' lang='lat' dir='ltr'>Magister</span> <span class='ocrx_word' id='word_1_227' title='bbox 614 1495 653 1526; x_wconf 86' lang='lat' dir='ltr'>de</span> <span class='ocrx_word' id='word_1_228' title='bbox 671 1496 827 1535; x_wconf 84' lang='lat' dir='ltr'>baptismo</span> <span class='ocrx_word' id='word_1_229' title='bbox 852 1504 958 1535; x_wconf 84' lang='lat' dir='ltr'>quan-</span> 
     </span>
     <span class='ocr_line' id='line_1_32' title="bbox 190 1548 959 1588; baseline -0.001 -9"><span class='ocrx_word' id='word_1_230' title='bbox 190 1552 254 1579; x_wconf 85' lang='lat' dir='ltr'>tum</span> <span class='ocrx_word' id='word_1_231' title='bbox 270 1548 310 1579; x_wconf 88' lang='lat' dir='ltr'>ad</span> <span class='ocrx_word' id='word_1_232' title='bbox 324 1557 356 1579; x_wconf 89' lang='lat' dir='ltr'>se</span> <span class='ocrx_word' id='word_1_233' title='bbox 367 1572 374 1585; x_wconf 90' lang='lat'>‚</span> <span class='ocrx_word' id='word_1_234' title='bbox 391 1548 442 1579; x_wconf 81' lang='lat' dir='ltr'>vei</span> <span class='ocrx_word' id='word_1_235' title='bbox 458 1550 614 1588; x_wconf 84' lang='lat' dir='ltr'>quantum</span> <span class='ocrx_word' id='word_1_236' title='bbox 630 1548 667 1579; x_wconf 86' lang='lat' dir='ltr'>ad</span> <span class='ocrx_word' id='word_1_237' title='bbox 682 1557 718 1579; x_wconf 84' lang='lat' dir='ltr'>ea</span> <span class='ocrx_word' id='word_1_238' title='bbox 732 1557 804 1588; x_wconf 81' lang='lat' dir='ltr'>quae</span> <span class='ocrx_word' id='word_1_239' title='bbox 818 1550 959 1588; x_wconf 80' lang='lat' dir='ltr'>spectant</span> 
     </span>
     <span class='ocr_line' id='line_1_33' title="bbox 186 1601 957 1641; baseline 0 -10"><span class='ocrx_word' id='word_1_240' title='bbox 186 1602 225 1632; x_wconf 87' lang='lat' dir='ltr'>ad</span> <span class='ocrx_word' id='word_1_241' title='bbox 240 1602 455 1640; x_wconf 86' lang='lat' dir='ltr'>integritatem</span> <span class='ocrx_word' id='word_1_242' title='bbox 471 1602 679 1639; x_wconf 81' lang='lat' dir='ltr'>sacramenti3</span> <span class='ocrx_word' id='word_1_243' title='bbox 702 1601 754 1632; x_wconf 90' lang='lat' dir='ltr'>hic</span> <span class='ocrx_word' id='word_1_244' title='bbox 772 1601 839 1640; x_wconf 82' lang='lat' dir='ltr'>agit</span> <span class='ocrx_word' id='word_1_245' title='bbox 854 1601 892 1632; x_wconf 84' lang='lat' dir='ltr'>de</span> <span class='ocrx_word' id='word_1_246' title='bbox 909 1601 957 1641; x_wconf 85' lang='lat' dir='ltr'>ip-</span> 
     </span>
     <span class='ocr_line' id='line_1_34' title="bbox 187 1653 957 1694; baseline -0.001 -9"><span class='ocrx_word' id='word_1_247' title='bbox 187 1655 251 1685; x_wconf 90' lang='lat' dir='ltr'>sius</span> <span class='ocrx_word' id='word_1_248' title='bbox 266 1654 474 1685; x_wconf 88' lang='lat' dir='ltr'>institutione.</span> <span class='ocrx_word' id='word_1_249' title='bbox 490 1653 528 1685; x_wconf 89' lang='lat' dir='ltr'>Et</span> <span class='ocrx_word' id='word_1_250' title='bbox 539 1654 633 1685; x_wconf 85' lang='lat' dir='ltr'>hahet</span> <span class='ocrx_word' id='word_1_251' title='bbox 643 1654 713 1685; x_wconf 83' lang='lat' dir='ltr'>haec</span> <span class='ocrx_word' id='word_1_252' title='bbox 728 1663 800 1694; x_wconf 84' lang='lat' dir='ltr'>pars</span> <span class='ocrx_word' id='word_1_253' title='bbox 811 1656 874 1685; x_wconf 87' lang='lat' dir='ltr'>tres</span> <span class='ocrx_word' id='word_1_254' title='bbox 889 1663 957 1694; x_wconf 82' lang='lat' dir='ltr'>par-</span> 
     </span>
     <span class='ocr_line' id='line_1_35' title="bbox 187 1707 954 1748; baseline -0.001 -10"><span class='ocrx_word' id='word_1_255' title='bbox 187 1710 252 1739; x_wconf 89' lang='lat' dir='ltr'>tes:</span> <span class='ocrx_word' id='word_1_256' title='bbox 278 1708 311 1738; x_wconf 91' lang='lat' dir='ltr'>in</span> <span class='ocrx_word' id='word_1_257' title='bbox 333 1707 437 1748; x_wconf 86' lang='lat' dir='ltr'>prima</span> <span class='ocrx_word' id='word_1_258' title='bbox 451 1708 516 1746; x_wconf 83' lang='lat' dir='ltr'>agit</span> <span class='ocrx_word' id='word_1_259' title='bbox 532 1708 569 1738; x_wconf 90' lang='lat' dir='ltr'>de</span> <span class='ocrx_word' id='word_1_260' title='bbox 585 1707 678 1738; x_wconf 89' lang='lat' dir='ltr'>modo</span> <span class='ocrx_word' id='word_1_261' title='bbox 700 1709 730 1738; x_wconf 87' lang='lat' dir='ltr'>et</span> <span class='ocrx_word' id='word_1_262' title='bbox 750 1709 891 1747; x_wconf 86' lang='lat' dir='ltr'>tempore</span> <span class='ocrx_word' id='word_1_263' title='bbox 906 1707 954 1737; x_wconf 87' lang='lat' dir='ltr'>in-</span> 
     </span>
     <span class='ocr_line' id='line_1_36' title="bbox 185 1760 956 1800; baseline -0.003 -8"><span class='ocrx_word' id='word_1_264' title='bbox 185 1761 382 1800; x_wconf 86' lang='lat' dir='ltr'>stitutionis;</span> <span class='ocrx_word' id='word_1_265' title='bbox 406 1761 438 1791; x_wconf 88' lang='lat' dir='ltr'>in</span> <span class='ocrx_word' id='word_1_266' title='bbox 460 1761 597 1792; x_wconf 86' lang='lat' dir='ltr'>secunda</span> <span class='ocrx_word' id='word_1_267' title='bbox 622 1761 660 1791; x_wconf 79' lang='lat' dir='ltr'>de</span> <span class='ocrx_word' id='word_1_268' title='bbox 684 1760 956 1791; x_wconf 84' lang='lat' dir='ltr'>administratione</span> 
     </span>
     <span class='ocr_line' id='line_1_37' title="bbox 181 1814 956 1854; baseline 0 -9"><span class='ocrx_word' id='word_1_269' title='bbox 181 1816 249 1854; x_wconf 68' lang='lat' dir='ltr'>¹jam</span> <span class='ocrx_word' id='word_1_270' title='bbox 272 1815 425 1852; x_wconf 84' lang='lat' dir='ltr'>instituti,</span> <span class='ocrx_word' id='word_1_271' title='bbox 447 1815 511 1845; x_wconf 86' lang='lat' dir='ltr'>ibi:</span> <span class='ocrx_word' id='word_1_272' title='bbox 543 1817 584 1846; x_wconf 77' lang='lat' dir='ltr'>De</span> <span class='ocrx_word' id='word_1_273' title='bbox 600 1816 803 1846; x_wconf 74' lang='lat' dir='ltr'>immersione</span> <span class='ocrx_word' id='word_1_274' title='bbox 818 1822 890 1846; x_wconf 75' lang='lat' dir='ltr'>vero</span> <span class='ocrx_word' id='word_1_275' title='bbox 909 1814 956 1845; x_wconf 81' lang='lat' dir='ltr'>sic</span> 
     </span>
     <span class='ocr_line' id='line_1_38' title="bbox 186 1868 956 1907; baseline -0.003 -8"><span class='ocrx_word' id='word_1_276' title='bbox 186 1869 359 1907; x_wconf 59' lang='lat' dir='ltr'>quemnam</span> <span class='ocrx_word' id='word_1_277' title='bbox 376 1868 411 1897; x_wconf 91' lang='lat' dir='ltr'>in</span> <span class='ocrx_word' id='word_1_278' title='bbox 426 1868 517 1898; x_wconf 85' lang='lat' dir='ltr'>tertia</span> <span class='ocrx_word' id='word_1_279' title='bbox 528 1877 606 1898; x_wconf 89' lang='lat' dir='ltr'>vero</span> <span class='ocrx_word' id='word_1_280' title='bbox 617 1868 655 1898; x_wconf 84' lang='lat' dir='ltr'>dc</span> <span class='ocrx_word' id='word_1_281' title='bbox 668 1877 773 1904; x_wconf 73' lang='lat' dir='ltr'>causa,</span> <span class='ocrx_word' id='word_1_282' title='bbox 790 1870 821 1898; x_wconf 86' lang='lat' dir='ltr'>et</span> <span class='ocrx_word' id='word_1_283' title='bbox 834 1868 956 1898; x_wconf 86' lang='lat' dir='ltr'>ratione</span> 
     </span>
     <span class='ocr_line' id='line_1_39' title="bbox 185 1920 956 1960; baseline 0.001 -9"><span class='ocrx_word' id='word_1_284' title='bbox 185 1921 331 1960; x_wconf 85' lang='lat' dir='ltr'>adquam</span> <span class='ocrx_word' id='word_1_285' title='bbox 342 1921 412 1959; x_wconf 83' lang='lat' dir='ltr'>ejus</span> <span class='ocrx_word' id='word_1_286' title='bbox 422 1920 575 1950; x_wconf 78' lang='lat' dir='ltr'>institutio</span> <span class='ocrx_word' id='word_1_287' title='bbox 586 1920 761 1957; x_wconf 79' lang='lat' dir='ltr'>ordinatur,</span> <span class='ocrx_word' id='word_1_288' title='bbox 774 1921 816 1950; x_wconf 83' lang='lat' dir='ltr'>ibi</span> <span class='ocrx_word' id='word_1_289' title='bbox 830 1931 837 1950; x_wconf 90' lang='lat'>:</span> <span class='ocrx_word' id='word_1_290' title='bbox 852 1920 956 1952; x_wconf 74' lang='lat' dir='ltr'>Causa</span> 
     </span>
     <span class='ocr_line' id='line_1_40' title="bbox 185 1973 952 2012; baseline -0.003 -7"><span class='ocrx_word' id='word_1_291' title='bbox 185 1981 255 2005; x_wconf 82' lang='lat' dir='ltr'>vero</span> <span class='ocrx_word' id='word_1_292' title='bbox 282 1973 501 2005; x_wconf 73' lang='lat' dir='ltr'>institutionis</span> <span class='ocrx_word' id='word_1_293' title='bbox 530 1973 681 2012; x_wconf 78' lang='lat' dir='ltr'>baptismi</span> <span class='ocrx_word' id='word_1_294' title='bbox 705 1977 749 2005; x_wconf 77' lang='lat' dir='ltr'>est</span> <span class='ocrx_word' id='word_1_295' title='bbox 775 1974 952 2005; x_wconf 71' lang='lat' dir='ltr'>innovatio.</span> 
     </span>
     <span class='ocr_line' id='line_1_41' title="bbox 185 2025 954 2065; baseline 0 -9"><span class='ocrx_word' id='word_1_296' title='bbox 185 2025 338 2063; x_wconf 59' lang='lat' dir='ltr'>Quaelibet</span> <span class='ocrx_word' id='word_1_297' title='bbox 360 2025 475 2056; x_wconf 81' lang='lat' dir='ltr'>harum</span> <span class='ocrx_word' id='word_1_298' title='bbox 492 2026 631 2065; x_wconf 86' lang='lat' dir='ltr'>partium</span> <span class='ocrx_word' id='word_1_299' title='bbox 648 2026 726 2057; x_wconf 87' lang='lat' dir='ltr'>duas</span> <span class='ocrx_word' id='word_1_300' title='bbox 740 2026 856 2057; x_wconf 78' lang='lat' dir='ltr'>habet:</span> <span class='ocrx_word' id='word_1_301' title='bbox 878 2035 954 2056; x_wconf 88' lang='lat' dir='ltr'>nam</span> 
     </span>
     <span class='ocr_line' id='line_1_42' title="bbox 184 2078 952 2118; baseline 0.001 -9"><span class='ocrx_word' id='word_1_302' title='bbox 184 2079 217 2109; x_wconf 92' lang='lat' dir='ltr'>in</span> <span class='ocrx_word' id='word_1_303' title='bbox 231 2079 304 2117; x_wconf 69' lang='lat' dir='ltr'>illa7</span> <span class='ocrx_word' id='word_1_304' title='bbox 328 2079 360 2109; x_wconf 92' lang='lat' dir='ltr'>in</span> <span class='ocrx_word' id='word_1_305' title='bbox 379 2087 442 2118; x_wconf 84' lang='lat' dir='ltr'>qua</span> <span class='ocrx_word' id='word_1_306' title='bbox 464 2078 653 2109; x_wconf 83' lang='lat' dir='ltr'>determinat</span> <span class='ocrx_word' id='word_1_307' title='bbox 673 2078 711 2109; x_wconf 90' lang='lat' dir='ltr'>de</span> <span class='ocrx_word' id='word_1_308' title='bbox 732 2079 952 2118; x_wconf 79' lang='lat' dir='ltr'>institutione,</span> 
     </span>
     <span class='ocr_line' id='line_1_43' title="bbox 185 2132 953 2172; baseline 0.001 -10"><span class='ocrx_word' id='word_1_309' title='bbox 185 2132 287 2171; x_wconf 89' lang='lat' dir='ltr'>primo</span> <span class='ocrx_word' id='word_1_310' title='bbox 302 2132 492 2163; x_wconf 84' lang='lat' dir='ltr'>determinat</span> <span class='ocrx_word' id='word_1_311' title='bbox 512 2134 638 2172; x_wconf 83' lang='lat' dir='ltr'>tempus</span> <span class='ocrx_word' id='word_1_312' title='bbox 652 2132 880 2170; x_wconf 85' lang='lat' dir='ltr'>institutionis;</span> <span class='ocrx_word' id='word_1_313' title='bbox 900 2142 953 2163; x_wconf 87' lang='lat' dir='ltr'>se-</span> 
     </span>
     <span class='ocr_line' id='line_1_44' title="bbox 184 2184 954 2224; baseline 0.004 -9"><span class='ocrx_word' id='word_1_314' title='bbox 184 2185 286 2215; x_wconf 86' lang='lat' dir='ltr'>cundo</span> <span class='ocrx_word' id='word_1_315' title='bbox 313 2185 477 2215; x_wconf 80' lang='lat' dir='ltr'>materiam</span> <span class='ocrx_word' id='word_1_316' title='bbox 504 2184 538 2214; x_wconf 92' lang='lat' dir='ltr'>in</span> <span class='ocrx_word' id='word_1_317' title='bbox 562 2194 645 2224; x_wconf 83' lang='lat' dir='ltr'>qua,</span> <span class='ocrx_word' id='word_1_318' title='bbox 670 2185 739 2216; x_wconf 85' lang='lat' dir='ltr'>ibi:</span> <span class='ocrx_word' id='word_1_319' title='bbox 775 2185 954 2218; x_wconf 74' lang='lat' dir='ltr'>Celebracm·</span> 
     </span>
     <span class='ocr_line' id='line_1_45' title="bbox 184 2238 954 2279; baseline 0.003 -10"><span class='ocrx_word' id='word_1_320' title='bbox 184 2242 290 2270; x_wconf 77' lang='lat' dir='ltr'>autem</span> <span class='ocrx_word' id='word_1_321' title='bbox 304 2238 358 2269; x_wconf 74' lang='lat' dir='ltr'>hoc</span> <span class='ocrx_word' id='word_1_322' title='bbox 375 2240 621 2276; x_wconf 78' lang='lat' dir='ltr'>sacramentum,</span> <span class='ocrx_word' id='word_1_323' title='bbox 638 2240 697 2269; x_wconf 80' lang='lat' dir='ltr'>etc.</span> <span class='ocrx_word' id='word_1_324' title='bbox 714 2238 865 2270; x_wconf 75' lang='lat' dir='ltr'>Similiter</span> <span class='ocrx_word' id='word_1_325' title='bbox 880 2249 954 2279; x_wconf 84' lang='lat' dir='ltr'>pars</span> 
     </span>
     <span class='ocr_line' id='line_1_46' title="bbox 184 2290 953 2332; baseline 0.003 -10"><span class='ocrx_word' id='word_1_326' title='bbox 184 2291 222 2322; x_wconf 90' lang='lat' dir='ltr'>de</span> <span class='ocrx_word' id='word_1_327' title='bbox 239 2300 301 2322; x_wconf 91' lang='lat' dir='ltr'>usu</span> <span class='ocrx_word' id='word_1_328' title='bbox 311 2292 379 2331; x_wconf 72' lang='lat' dir='ltr'>Jam</span> <span class='ocrx_word' id='word_1_329' title='bbox 399 2290 535 2321; x_wconf 84' lang='lat' dir='ltr'>instituti</span> <span class='ocrx_word' id='word_1_330' title='bbox 555 2291 635 2321; x_wconf 89' lang='lat' dir='ltr'>duas</span> <span class='ocrx_word' id='word_1_331' title='bbox 654 2291 749 2322; x_wconf 83' lang='lat' dir='ltr'>hahet</span> <span class='ocrx_word' id='word_1_332' title='bbox 765 2303 771 2323; x_wconf 93' lang='lat'><strong>:</strong></span> <span class='ocrx_word' id='word_1_333' title='bbox 795 2292 829 2322; x_wconf 89' lang='lat' dir='ltr'>in</span> <span class='ocrx_word' id='word_1_334' title='bbox 849 2293 953 2332; x_wconf 84' lang='lat' dir='ltr'>prima</span> 
     </span>
     <span class='ocr_line' id='line_1_47' title="bbox 183 2344 953 2383; baseline 0.004 -8"><span class='ocrx_word' id='word_1_335' title='bbox 183 2344 372 2375; x_wconf 85' lang='lat' dir='ltr'>determinat</span> <span class='ocrx_word' id='word_1_336' title='bbox 392 2344 551 2383; x_wconf 86' lang='lat' dir='ltr'>quomodo</span> <span class='ocrx_word' id='word_1_337' title='bbox 572 2344 632 2375; x_wconf 89' lang='lat' dir='ltr'>hoc</span> <span class='ocrx_word' id='word_1_338' title='bbox 652 2348 886 2377; x_wconf 86' lang='lat' dir='ltr'>sacramentum</span> <span class='ocrx_word' id='word_1_339' title='bbox 906 2350 953 2378; x_wconf 92' lang='lat' dir='ltr'>est</span> 
     </span>
     <span class='ocr_line' id='line_1_48' title="bbox 183 2396 948 2438; baseline 0.005 -11"><span class='ocrx_word' id='word_1_340' title='bbox 183 2396 468 2427; x_wconf 83' lang='lat' dir='ltr'>administrandum</span> <span class='ocrx_word' id='word_1_341' title='bbox 481 2407 488 2434; x_wconf 81' lang='lat'>3</span> <span class='ocrx_word' id='word_1_342' title='bbox 514 2396 547 2426; x_wconf 84' lang='lat' dir='ltr'>in</span> <span class='ocrx_word' id='word_1_343' title='bbox 562 2397 700 2428; x_wconf 86' lang='lat' dir='ltr'>secunda</span> <span class='ocrx_word' id='word_1_344' title='bbox 713 2407 790 2429; x_wconf 90' lang='lat' dir='ltr'>vero</span> <span class='ocrx_word' id='word_1_345' title='bbox 804 2399 948 2438; x_wconf 84' lang='lat' dir='ltr'>ostendit,</span> 
     </span>
     <span class='ocr_line' id='line_1_49' title="bbox 183 2450 953 2490; baseline 0.004 -9"><span class='ocrx_word' id='word_1_346' title='bbox 183 2450 268 2490; x_wconf 88' lang='lat' dir='ltr'>quod</span> <span class='ocrx_word' id='word_1_347' title='bbox 295 2450 330 2480; x_wconf 90' lang='lat' dir='ltr'>in</span> <span class='ocrx_word' id='word_1_348' title='bbox 359 2450 458 2489; x_wconf 85' lang='lat' dir='ltr'>hujus</span> <span class='ocrx_word' id='word_1_349' title='bbox 483 2451 670 2481; x_wconf 84' lang='lat' dir='ltr'>sacramenti</span> <span class='ocrx_word' id='word_1_350' title='bbox 700 2451 897 2483; x_wconf 83' lang='lat' dir='ltr'>institutione</span> <span class='ocrx_word' id='word_1_351' title='bbox 922 2455 953 2484; x_wconf 88' lang='lat' dir='ltr'>et</span> 
     </span>
     <span class='ocr_line' id='line_1_50' title="bbox 183 2503 952 2542; baseline 0.008 -10"><span class='ocrx_word' id='word_1_352' title='bbox 183 2512 244 2533; x_wconf 88' lang='lat' dir='ltr'>usu</span> <span class='ocrx_word' id='word_1_353' title='bbox 269 2504 421 2533; x_wconf 85' lang='lat' dir='ltr'>evacuata</span> <span class='ocrx_word' id='word_1_354' title='bbox 454 2505 502 2533; x_wconf 84' lang='lat' dir='ltr'>est</span> <span class='ocrx_word' id='word_1_355' title='bbox 526 2503 743 2542; x_wconf 85' lang='lat' dir='ltr'>circumcisio,</span> <span class='ocrx_word' id='word_1_356' title='bbox 775 2504 839 2536; x_wconf 89' lang='lat' dir='ltr'>ibi:</span> <span class='ocrx_word' id='word_1_357' title='bbox 867 2506 952 2538; x_wconf 75' lang='lat' dir='ltr'>Solet</span> 
     </span>
     <span class='ocr_line' id='line_1_51' title="bbox 182 2556 949 2597; baseline 0.003 -9"><span class='ocrx_word' id='word_1_358' title='bbox 182 2557 281 2589; x_wconf 82' lang='lat' dir='ltr'>etiam</span> <span class='ocrx_word' id='word_1_359' title='bbox 305 2557 426 2597; x_wconf 83' lang='lat' dir='ltr'>quoeri,</span> <span class='ocrx_word' id='word_1_360' title='bbox 454 2556 485 2588; x_wconf 88' lang='lat' dir='ltr'>si</span> <span class='ocrx_word' id='word_1_361' title='bbox 509 2557 710 2588; x_wconf 76' lang='lat' dir='ltr'>circumcisio</span> <span class='ocrx_word' id='word_1_362' title='bbox 735 2558 863 2597; x_wconf 77' lang='lat' dir='ltr'>amisii,</span> <span class='ocrx_word' id='word_1_363' title='bbox 891 2561 949 2590; x_wconf 80' lang='lat' dir='ltr'>etc.</span> 
     </span>
    </p>

    <p class='ocr_par' dir='ltr' id='par_1_20' title="bbox 215 2619 952 2651">
     <span class='ocr_line' id='line_1_52' title="bbox 215 2619 952 2651; baseline 0.004 -8"><span class='ocrx_word' id='word_1_364' title='bbox 215 2619 222 2636; x_wconf 80' lang='lat'>¹</span> <span class='ocrx_word' id='word_1_365' title='bbox 240 2619 320 2650; x_wconf 58' lang='lat' dir='ltr'>Joan„</span> <span class='ocrx_word' id='word_1_366' title='bbox 339 2626 394 2651; x_wconf 70' lang='lat' dir='ltr'>xxx,</span> <span class='ocrx_word' id='word_1_367' title='bbox 413 2620 452 2650; x_wconf 81' lang='lat'>30,</span> <span class='ocrx_word' id='word_1_368' title='bbox 473 2619 516 2645; x_wconf 92' lang='lat' dir='ltr'>ubi</span> <span class='ocrx_word' id='word_1_369' title='bbox 534 2619 594 2645; x_wconf 80' lang='lat' dir='ltr'>dicit</span> <span class='ocrx_word' id='word_1_370' title='bbox 614 2627 619 2645; x_wconf 89' lang='lat'>:</span> <span class='ocrx_word' id='word_1_371' title='bbox 641 2619 840 2645; x_wconf 80' lang='lat' dir='ltr'>eonsummatum</span> <span class='ocrx_word' id='word_1_372' title='bbox 861 2623 905 2646; x_wconf 77' lang='lat' dir='ltr'>est.</span> <span class='ocrx_word' id='word_1_373' title='bbox 921 2636 952 2642; x_wconf 91' lang='lat'><strong>—</strong></span> 
     </span>
    </p>
   </div>
   <div class='ocr_carea' id='block_1_18' title="bbox 1013 1282 1789 1641">
    <p class='ocr_par' dir='ltr' id='par_1_21' title="bbox 1013 1282 1789 1641">
     <span class='ocr_line' id='line_1_53' title="bbox 1014 1282 1787 1324; baseline 0.005 -12"><span class='ocrx_word' id='word_1_374' title='bbox 1014 1282 1164 1313; x_wconf 82' lang='lat' dir='ltr'>Similiter</span> <span class='ocrx_word' id='word_1_375' title='bbox 1188 1283 1280 1314; x_wconf 85' lang='lat' dir='ltr'>tertia</span> <span class='ocrx_word' id='word_1_376' title='bbox 1308 1293 1381 1324; x_wconf 85' lang='lat' dir='ltr'>pars</span> <span class='ocrx_word' id='word_1_377' title='bbox 1401 1285 1439 1315; x_wconf 88' lang='lat' dir='ltr'>de</span> <span class='ocrx_word' id='word_1_378' title='bbox 1461 1294 1554 1315; x_wconf 87' lang='lat' dir='ltr'>causa</span> <span class='ocrx_word' id='word_1_379' title='bbox 1577 1285 1787 1317; x_wconf 87' lang='lat' dir='ltr'>institutionis</span> 
     </span>
     <span class='ocr_line' id='line_1_54' title="bbox 1014 1335 1789 1376; baseline 0.004 -10"><span class='ocrx_word' id='word_1_380' title='bbox 1014 1335 1093 1366; x_wconf 86' lang='lat' dir='ltr'>duas</span> <span class='ocrx_word' id='word_1_381' title='bbox 1120 1335 1236 1366; x_wconf 81' lang='lat' dir='ltr'>habet:</span> <span class='ocrx_word' id='word_1_382' title='bbox 1264 1336 1297 1366; x_wconf 88' lang='lat' dir='ltr'>in</span> <span class='ocrx_word' id='word_1_383' title='bbox 1321 1337 1424 1376; x_wconf 83' lang='lat' dir='ltr'>prima</span> <span class='ocrx_word' id='word_1_384' title='bbox 1446 1338 1635 1368; x_wconf 83' lang='lat' dir='ltr'>determinat</span> <span class='ocrx_word' id='word_1_385' title='bbox 1658 1347 1789 1369; x_wconf 86' lang='lat' dir='ltr'>causam</span> 
     </span>
     <span class='ocr_line' id='line_1_55' title="bbox 1014 1389 1786 1429; baseline 0.005 -10"><span class='ocrx_word' id='word_1_386' title='bbox 1014 1398 1070 1428; x_wconf 85' lang='lat' dir='ltr'>per</span> <span class='ocrx_word' id='word_1_387' title='bbox 1095 1398 1127 1419; x_wconf 89' lang='lat' dir='ltr'>se</span> <span class='ocrx_word' id='word_1_388' title='bbox 1157 1389 1256 1429; x_wconf 83' lang='lat' dir='ltr'>ipsius</span> <span class='ocrx_word' id='word_1_389' title='bbox 1284 1390 1505 1429; x_wconf 70' lang='lat' dir='ltr'>institutionis,</span> <span class='ocrx_word' id='word_1_390' title='bbox 1537 1391 1605 1421; x_wconf 84' lang='lat' dir='ltr'>sive</span> <span class='ocrx_word' id='word_1_391' title='bbox 1635 1391 1712 1422; x_wconf 84' lang='lat' dir='ltr'>illud</span> <span class='ocrx_word' id='word_1_392' title='bbox 1747 1392 1786 1423; x_wconf 86' lang='lat' dir='ltr'>ad</span> 
     </span>
     <span class='ocr_line' id='line_1_56' title="bbox 1013 1441 1788 1483; baseline 0.005 -12"><span class='ocrx_word' id='word_1_393' title='bbox 1013 1441 1098 1481; x_wconf 83' lang='lat' dir='ltr'>quod</span> <span class='ocrx_word' id='word_1_394' title='bbox 1125 1441 1302 1481; x_wconf 83' lang='lat' dir='ltr'>baptismus</span> <span class='ocrx_word' id='word_1_395' title='bbox 1330 1443 1495 1474; x_wconf 87' lang='lat' dir='ltr'>ordinatur</span> <span class='ocrx_word' id='word_1_396' title='bbox 1517 1453 1574 1483; x_wconf 90' lang='lat' dir='ltr'>per</span> <span class='ocrx_word' id='word_1_397' title='bbox 1597 1453 1653 1482; x_wconf 87' lang='lat' dir='ltr'>se;</span> <span class='ocrx_word' id='word_1_398' title='bbox 1680 1445 1713 1475; x_wconf 91' lang='lat' dir='ltr'>in</span> <span class='ocrx_word' id='word_1_399' title='bbox 1735 1453 1788 1475; x_wconf 86' lang='lat' dir='ltr'>se-</span> 
     </span>
     <span class='ocr_line' id='line_1_57' title="bbox 1014 1495 1787 1538; baseline 0.005 -13"><span class='ocrx_word' id='word_1_400' title='bbox 1014 1495 1117 1526; x_wconf 87' lang='lat' dir='ltr'>cunda</span> <span class='ocrx_word' id='word_1_401' title='bbox 1137 1504 1213 1526; x_wconf 88' lang='lat' dir='ltr'>vero</span> <span class='ocrx_word' id='word_1_402' title='bbox 1230 1496 1306 1526; x_wconf 86' lang='lat' dir='ltr'>illud</span> <span class='ocrx_word' id='word_1_403' title='bbox 1326 1497 1363 1526; x_wconf 84' lang='lat' dir='ltr'>ad</span> <span class='ocrx_word' id='word_1_404' title='bbox 1388 1497 1473 1536; x_wconf 84' lang='lat' dir='ltr'>qnod</span> <span class='ocrx_word' id='word_1_405' title='bbox 1487 1497 1650 1528; x_wconf 86' lang='lat' dir='ltr'>ordinatur</span> <span class='ocrx_word' id='word_1_406' title='bbox 1666 1507 1722 1538; x_wconf 87' lang='lat' dir='ltr'>per</span> <span class='ocrx_word' id='word_1_407' title='bbox 1736 1507 1787 1529; x_wconf 89' lang='lat' dir='ltr'>ac-</span> 
     </span>
     <span class='ocr_line' id='line_1_58' title="bbox 1014 1548 1788 1591; baseline 0.006 -13"><span class='ocrx_word' id='word_1_408' title='bbox 1014 1548 1139 1586; x_wconf 32' lang='lat' dir='ltr'>cidon&amp;</span> <span class='ocrx_word' id='word_1_409' title='bbox 1159 1551 1188 1579; x_wconf 88' lang='lat' dir='ltr'>et</span> <span class='ocrx_word' id='word_1_410' title='bbox 1203 1548 1263 1579; x_wconf 87' lang='lat' dir='ltr'>hoc</span> <span class='ocrx_word' id='word_1_411' title='bbox 1278 1549 1321 1579; x_wconf 85' lang='lat' dir='ltr'>ibi</span> <span class='ocrx_word' id='word_1_412' title='bbox 1336 1558 1343 1580; x_wconf 72' lang='grc' dir='ltr'><strong><em>ι</em></strong></span> <span class='ocrx_word' id='word_1_413' title='bbox 1363 1550 1406 1582; x_wconf 80' lang='lat' dir='ltr'>Si</span> <span class='ocrx_word' id='word_1_414' title='bbox 1420 1551 1576 1590; x_wconf 73' lang='lat' dir='ltr'>qurerz&#39;iur</span> <span class='ocrx_word' id='word_1_415' title='bbox 1592 1552 1696 1582; x_wconf 75' lang='lat' dir='ltr'>utrum</span> <span class='ocrx_word' id='word_1_416' title='bbox 1712 1551 1788 1591; x_wconf 81' lang='lat' dir='ltr'>bap-</span> 
     </span>
     <span class='ocr_line' id='line_1_59' title="bbox 1014 1602 1525 1641; baseline 0.002 -9"><span class='ocrx_word' id='word_1_417' title='bbox 1014 1602 1127 1633; x_wconf 74' lang='lat' dir='ltr'>tismus</span> <span class='ocrx_word' id='word_1_418' title='bbox 1145 1602 1308 1641; x_wconf 74' lang='lat' dir='ltr'>aperuerit</span> <span class='ocrx_word' id='word_1_419' title='bbox 1321 1602 1451 1639; x_wconf 76' lang='lat' dir='ltr'>coelum,</span> <span class='ocrx_word' id='word_1_420' title='bbox 1467 1604 1525 1633; x_wconf 87' lang='lat' dir='ltr'>etc.</span> 
     </span>
    </p>
   </div>
   <div class='ocr_carea' id='block_1_19' title="bbox 1345 1721 1457 1743">
    <p class='ocr_par' dir='ltr' id='par_1_22' title="bbox 1345 1721 1457 1743">
     <span class='ocr_line' id='line_1_60' title="bbox 1345 1721 1457 1743; baseline 0.009 -1"><span class='ocrx_word' id='word_1_421' title='bbox 1345 1721 1412 1743; x_wconf 86' lang='lat' dir='ltr'>DUB.</span> <span class='ocrx_word' id='word_1_422' title='bbox 1437 1722 1457 1743; x_wconf 84' lang='lat'>1.</span> 
     </span>
    </p>
   </div>
   <div class='ocr_carea' id='block_1_20' title="bbox 1103 1791 1695 1824">
    <p class='ocr_par' dir='ltr' id='par_1_23' title="bbox 1103 1791 1695 1824">
     <span class='ocr_line' id='line_1_61' title="bbox 1103 1791 1695 1824; baseline 0.008 -10"><span class='ocrx_word' id='word_1_423' title='bbox 1103 1791 1159 1814; x_wconf 87' lang='lat' dir='ltr'>Jam</span> <span class='ocrx_word' id='word_1_424' title='bbox 1176 1797 1237 1822; x_wconf 78' lang='lat' dir='ltr'>ergo</span> <span class='ocrx_word' id='word_1_425' title='bbox 1256 1791 1384 1816; x_wconf 84' lang='lat' dir='ltr'>institutus</span> <span class='ocrx_word' id='word_1_426' title='bbox 1402 1794 1456 1816; x_wconf 85' lang='lat' dir='ltr'>erat</span> <span class='ocrx_word' id='word_1_427' title='bbox 1472 1792 1627 1824; x_wconf 78' lang='lat' dir='ltr'>baptismus,</span> <span class='ocrx_word' id='word_1_428' title='bbox 1647 1797 1695 1819; x_wconf 78' lang='lat' dir='ltr'>etc.</span> 
     </span>
    </p>
   </div>
   <div class='ocr_carea' id='block_1_21' title="bbox 1006 1872 1783 2553">
    <p class='ocr_par' dir='ltr' id='par_1_24' title="bbox 1009 1872 1782 2123">
     <span class='ocr_line' id='line_1_62' title="bbox 1051 1872 1782 1919; baseline 0.01 -17"><span class='ocrx_word' id='word_1_429' title='bbox 1051 1872 1181 1903; x_wconf 80' lang='lat' dir='ltr'>Videtur</span> <span class='ocrx_word' id='word_1_430' title='bbox 1195 1882 1235 1903; x_wconf 80' lang='lat' dir='ltr'>ex</span> <span class='ocrx_word' id='word_1_431' title='bbox 1249 1873 1309 1903; x_wconf 85' lang='lat' dir='ltr'>hoc</span> <span class='ocrx_word' id='word_1_432' title='bbox 1321 1897 1328 1911; x_wconf 81' lang='lat'>‚</span> <span class='ocrx_word' id='word_1_433' title='bbox 1346 1874 1431 1914; x_wconf 77' lang='lat' dir='ltr'>quod</span> <span class='ocrx_word' id='word_1_434' title='bbox 1445 1884 1519 1906; x_wconf 88' lang='lat' dir='ltr'>cum</span> <span class='ocrx_word' id='word_1_435' title='bbox 1535 1876 1689 1908; x_wconf 83' lang='lat' dir='ltr'>institutio</span> <span class='ocrx_word' id='word_1_436' title='bbox 1703 1878 1782 1919; x_wconf 87' lang='lat' dir='ltr'>bap-</span> 
     </span>
     <span class='ocr_line' id='line_1_63' title="bbox 1010 1925 1782 1970; baseline 0.009 -15"><span class='ocrx_word' id='word_1_437' title='bbox 1010 1925 1097 1956; x_wconf 89' lang='lat' dir='ltr'>tismi</span> <span class='ocrx_word' id='word_1_438' title='bbox 1113 1926 1203 1957; x_wconf 83' lang='lat' dir='ltr'>cadat</span> <span class='ocrx_word' id='word_1_439' title='bbox 1217 1927 1278 1957; x_wconf 88' lang='lat' dir='ltr'>sub</span> <span class='ocrx_word' id='word_1_440' title='bbox 1291 1930 1463 1968; x_wconf 64' lang='lat' dir='ltr'>praecepto,</span> <span class='ocrx_word' id='word_1_441' title='bbox 1480 1929 1565 1968; x_wconf 88' lang='lat' dir='ltr'>quod</span> <span class='ocrx_word' id='word_1_442' title='bbox 1580 1932 1652 1961; x_wconf 89' lang='lat' dir='ltr'>ante</span> <span class='ocrx_word' id='word_1_443' title='bbox 1667 1931 1782 1970; x_wconf 88' lang='lat' dir='ltr'>passio-</span> 
     </span>
     <span class='ocr_line' id='line_1_64' title="bbox 1010 1979 1781 2023; baseline 0.01 -15"><span class='ocrx_word' id='word_1_444' title='bbox 1010 1987 1085 2009; x_wconf 89' lang='lat' dir='ltr'>nem</span> <span class='ocrx_word' id='word_1_445' title='bbox 1099 1979 1289 2010; x_wconf 83' lang='lat' dir='ltr'>tenebantur</span> <span class='ocrx_word' id='word_1_446' title='bbox 1304 1989 1415 2011; x_wconf 88' lang='lat' dir='ltr'>omnes</span> <span class='ocrx_word' id='word_1_447' title='bbox 1429 1981 1602 2022; x_wconf 79' lang='lat' dir='ltr'>baptizari:</span> <span class='ocrx_word' id='word_1_448' title='bbox 1620 1992 1700 2023; x_wconf 83' lang='lat' dir='ltr'>ergo</span> <span class='ocrx_word' id='word_1_449' title='bbox 1713 1993 1781 2016; x_wconf 90' lang='lat' dir='ltr'>om-</span> 
     </span>
     <span class='ocr_line' id='line_1_65' title="bbox 1009 2034 1780 2075; baseline 0.01 -14"><span class='ocrx_word' id='word_1_450' title='bbox 1009 2040 1065 2062; x_wconf 88' lang='lat' dir='ltr'>nes</span> <span class='ocrx_word' id='word_1_451' title='bbox 1080 2034 1170 2062; x_wconf 87' lang='lat' dir='ltr'>erant</span> <span class='ocrx_word' id='word_1_452' title='bbox 1184 2034 1435 2072; x_wconf 81' lang='lat' dir='ltr'>transgressores</span> <span class='ocrx_word' id='word_1_453' title='bbox 1448 2045 1455 2065; x_wconf 76' lang='grc' dir='ltr'>ε</span> <span class='ocrx_word' id='word_1_454' title='bbox 1478 2036 1563 2075; x_wconf 84' lang='lat' dir='ltr'>quod</span> <span class='ocrx_word' id='word_1_455' title='bbox 1579 2036 1705 2068; x_wconf 82' lang='lat' dir='ltr'>videtur</span> <span class='ocrx_word' id='word_1_456' title='bbox 1719 2037 1780 2068; x_wconf 83' lang='lat' dir='ltr'>ini-</span> 
     </span>
     <span class='ocr_line' id='line_1_66' title="bbox 1009 2093 1122 2123; baseline 0 -9"><span class='ocrx_word' id='word_1_457' title='bbox 1009 2093 1122 2123; x_wconf 85' lang='lat' dir='ltr'>quum.</span> 
     </span>
    </p>

    <p class='ocr_par' dir='ltr' id='par_1_25' title="bbox 1006 2136 1783 2553">
     <span class='ocr_line' id='line_1_67' title="bbox 1048 2136 1779 2180; baseline 0.011 -14"><span class='ocrx_word' id='word_1_458' title='bbox 1048 2136 1096 2167; x_wconf 85' lang='lat' dir='ltr'>Ad</span> <span class='ocrx_word' id='word_1_459' title='bbox 1118 2136 1179 2168; x_wconf 84' lang='lat' dir='ltr'>hoc</span> <span class='ocrx_word' id='word_1_460' title='bbox 1202 2138 1371 2178; x_wconf 85' lang='lat' dir='ltr'>respondet</span> <span class='ocrx_word' id='word_1_461' title='bbox 1394 2139 1490 2180; x_wconf 78' lang='lat' dir='ltr'>Hugo</span> <span class='ocrx_word' id='word_1_462' title='bbox 1514 2141 1553 2172; x_wconf 88' lang='lat' dir='ltr'>de</span> <span class='ocrx_word' id='word_1_463' title='bbox 1576 2141 1609 2173; x_wconf 89' lang='lat' dir='ltr'>S.</span> <span class='ocrx_word' id='word_1_464' title='bbox 1636 2141 1779 2174; x_wconf 84' lang='lat' dir='ltr'>Victore:</span> 
     </span>
     <span class='ocr_line' id='line_1_68' title="bbox 1014 2189 1783 2236; baseline 0.01 -17"><span class='ocrx_word' id='word_1_465' title='bbox 1014 2200 1027 2217; x_wconf 74' lang='lat' dir='ltr'>a</span> <span class='ocrx_word' id='word_1_466' title='bbox 1041 2189 1110 2220; x_wconf 91' lang='lat' dir='ltr'>Non</span> <span class='ocrx_word' id='word_1_467' title='bbox 1131 2192 1178 2221; x_wconf 87' lang='lat' dir='ltr'>est</span> <span class='ocrx_word' id='word_1_468' title='bbox 1197 2190 1371 2230; x_wconf 86' lang='lat' dir='ltr'>culpandus</span> <span class='ocrx_word' id='word_1_469' title='bbox 1393 2193 1528 2233; x_wconf 75' lang='lat' dir='ltr'>aliquis,</span> <span class='ocrx_word' id='word_1_470' title='bbox 1551 2194 1613 2225; x_wconf 87' lang='lat' dir='ltr'>nisi</span> <span class='ocrx_word' id='word_1_471' title='bbox 1633 2204 1673 2226; x_wconf 83' lang='lat' dir='ltr'>ex</span> <span class='ocrx_word' id='word_1_472' title='bbox 1688 2195 1783 2236; x_wconf 83' lang='lat' dir='ltr'>culpa</span> 
     </span>
     <span class='ocr_line' id='line_1_69' title="bbox 1008 2243 1783 2288; baseline 0.01 -16"><span class='ocrx_word' id='word_1_473' title='bbox 1008 2251 1066 2273; x_wconf 88' lang='lat' dir='ltr'>sua</span> <span class='ocrx_word' id='word_1_474' title='bbox 1080 2243 1120 2274; x_wconf 92' lang='lat' dir='ltr'>sit</span> <span class='ocrx_word' id='word_1_475' title='bbox 1134 2243 1282 2283; x_wconf 80' lang='lat' dir='ltr'>ingratus</span> <span class='ocrx_word' id='word_1_476' title='bbox 1302 2246 1421 2276; x_wconf 85' lang='lat' dir='ltr'>consilii</span> <span class='ocrx_word' id='word_1_477' title='bbox 1435 2270 1444 2285; x_wconf 90' lang='lat'><em>,</em></span> <span class='ocrx_word' id='word_1_478' title='bbox 1465 2248 1522 2278; x_wconf 87' lang='lat' dir='ltr'>aut</span> <span class='ocrx_word' id='word_1_479' title='bbox 1536 2249 1684 2288; x_wconf 82' lang='lat' dir='ltr'>praeccpti</span> <span class='ocrx_word' id='word_1_480' title='bbox 1699 2259 1706 2280; x_wconf 92' lang='lat'>:</span> <span class='ocrx_word' id='word_1_481' title='bbox 1723 2249 1783 2280; x_wconf 85' lang='lat' dir='ltr'>fuit</span> 
     </span>
     <span class='ocr_line' id='line_1_70' title="bbox 1008 2296 1781 2340; baseline 0.009 -15"><span class='ocrx_word' id='word_1_482' title='bbox 1008 2296 1116 2326; x_wconf 88' lang='lat' dir='ltr'>autem</span> <span class='ocrx_word' id='word_1_483' title='bbox 1130 2296 1299 2328; x_wconf 88' lang='lat' dir='ltr'>Nicodcmo</span> <span class='ocrx_word' id='word_1_484' title='bbox 1319 2299 1495 2330; x_wconf 86' lang='lat' dir='ltr'>revelatum</span> <span class='ocrx_word' id='word_1_485' title='bbox 1508 2302 1659 2340; x_wconf 86' lang='lat' dir='ltr'>tanquam</span> <span class='ocrx_word' id='word_1_486' title='bbox 1675 2301 1781 2332; x_wconf 92' lang='lat' dir='ltr'>consi-</span> 
     </span>
     <span class='ocr_line' id='line_1_71' title="bbox 1007 2348 1779 2392; baseline 0.009 -14"><span class='ocrx_word' id='word_1_487' title='bbox 1007 2348 1086 2379; x_wconf 91' lang='lat' dir='ltr'>lium</span> <span class='ocrx_word' id='word_1_488' title='bbox 1110 2349 1222 2380; x_wconf 88' lang='lat' dir='ltr'>amico.</span> <span class='ocrx_word' id='word_1_489' title='bbox 1249 2350 1327 2381; x_wconf 88' lang='lat' dir='ltr'>Cum</span> <span class='ocrx_word' id='word_1_490' title='bbox 1352 2354 1458 2383; x_wconf 86' lang='lat' dir='ltr'>autem</span> <span class='ocrx_word' id='word_1_491' title='bbox 1479 2353 1597 2383; x_wconf 87' lang='lat' dir='ltr'>dictum</span> <span class='ocrx_word' id='word_1_492' title='bbox 1622 2355 1689 2384; x_wconf 89' lang='lat' dir='ltr'>est:</span> <span class='ocrx_word' id='word_1_493' title='bbox 1714 2354 1779 2392; x_wconf 71' lang='lat' dir='ltr'>Ite,</span> 
     </span>
     <span class='ocr_line' id='line_1_72' title="bbox 1006 2401 1776 2446; baseline 0.005 -13"><span class='ocrx_word' id='word_1_494' title='bbox 1006 2401 1111 2434; x_wconf 78' lang='lat' dir='ltr'>docete</span> <span class='ocrx_word' id='word_1_495' title='bbox 1142 2409 1248 2435; x_wconf 76' lang='lat' dir='ltr'>omnes</span> <span class='ocrx_word' id='word_1_496' title='bbox 1276 2407 1381 2444; x_wconf 60' lang='lat' dir='ltr'>fientes</span> <span class='ocrx_word' id='word_1_497' title='bbox 1393 2428 1402 2443; x_wconf 90' lang='lat'><em>,</em></span> <span class='ocrx_word' id='word_1_498' title='bbox 1441 2405 1663 2445; x_wconf 73' lang='lat' dir='ltr'>baptizantes,</span> <span class='ocrx_word' id='word_1_499' title='bbox 1694 2408 1753 2437; x_wconf 89' lang='lat' dir='ltr'>etc.</span> <span class='ocrx_word' id='word_1_500' title='bbox 1767 2431 1776 2446; x_wconf 83' lang='lat'><em>,</em></span> 
     </span>
     <span class='ocr_line' id='line_1_73' title="bbox 1007 2455 1778 2499; baseline 0.008 -14"><span class='ocrx_word' id='word_1_501' title='bbox 1007 2455 1155 2486; x_wconf 89' lang='lat' dir='ltr'>omnibus</span> <span class='ocrx_word' id='word_1_502' title='bbox 1182 2456 1389 2489; x_wconf 79' lang='lat' dir='ltr'>informandis</span> <span class='ocrx_word' id='word_1_503' title='bbox 1419 2459 1599 2498; x_wconf 81' lang='lat' dir='ltr'>expositum</span> <span class='ocrx_word' id='word_1_504' title='bbox 1623 2460 1670 2490; x_wconf 83' lang='lat' dir='ltr'>cst</span> <span class='ocrx_word' id='word_1_505' title='bbox 1691 2469 1778 2499; x_wconf 81' lang='lat' dir='ltr'>prae·</span> 
     </span>
     <span class='ocr_line' id='line_1_74' title="bbox 1006 2509 1778 2553; baseline 0.006 -14"><span class='ocrx_word' id='word_1_506' title='bbox 1006 2510 1144 2548; x_wconf 83' lang='lat' dir='ltr'>ceptum.</span> <span class='ocrx_word' id='word_1_507' title='bbox 1171 2509 1394 2551; x_wconf 86' lang='lat' dir='ltr'>Unusquisque</span> <span class='ocrx_word' id='word_1_508' title='bbox 1409 2514 1515 2542; x_wconf 88' lang='lat' dir='ltr'>autem</span> <span class='ocrx_word' id='word_1_509' title='bbox 1529 2521 1569 2542; x_wconf 78' lang='lat' dir='ltr'>ex</span> <span class='ocrx_word' id='word_1_510' title='bbox 1584 2521 1621 2543; x_wconf 90' lang='lat' dir='ltr'>eo</span> <span class='ocrx_word' id='word_1_511' title='bbox 1636 2514 1778 2553; x_wconf 88' lang='lat' dir='ltr'>tempore</span> 
     </span>
    </p>
   </div>
   <div class='ocr_carea' id='block_1_22' title="bbox 1006 2587 1777 2655">
    <p class='ocr_par' dir='ltr' id='par_1_26' title="bbox 1006 2587 1777 2655">
     <span class='ocr_line' id='line_1_75' title="bbox 1006 2587 1777 2623; baseline 0.008 -12"><span class='ocrx_word' id='word_1_512' title='bbox 1006 2588 1016 2605; x_wconf 85' lang='lat'>¹</span> <span class='ocrx_word' id='word_1_513' title='bbox 1030 2587 1134 2619; x_wconf 63' lang='lat' dir='ltr'>Martii„</span> <span class='ocrx_word' id='word_1_514' title='bbox 1154 2595 1225 2619; x_wconf 54' lang='lat' dir='ltr'>xxvi„</span> <span class='ocrx_word' id='word_1_515' title='bbox 1245 2591 1287 2620; x_wconf 74' lang='lat'>¹85</span> <span class='ocrx_word' id='word_1_516' title='bbox 1308 2590 1396 2618; x_wconf 60' lang='lat' dir='ltr'>Marc„</span> <span class='ocrx_word' id='word_1_517' title='bbox 1421 2596 1472 2621; x_wconf 82' lang='lat' dir='ltr'>xiv,</span> <span class='ocrx_word' id='word_1_518' title='bbox 1496 2592 1537 2621; x_wconf 73' lang='lat'>143</span> <span class='ocrx_word' id='word_1_519' title='bbox 1561 2591 1627 2622; x_wconf 64' lang='lat' dir='ltr'>Luc„</span> <span class='ocrx_word' id='word_1_520' title='bbox 1648 2597 1712 2623; x_wconf 69' lang='lat' dir='ltr'>xxii,</span> <span class='ocrx_word' id='word_1_521' title='bbox 1734 2595 1777 2621; x_wconf 74' lang='lat' dir='ltr'>ti.-</span> 
     </span>
     <span class='ocr_line' id='line_1_76' title="bbox 1006 2622 1198 2655; baseline 0.01 -8"><span class='ocrx_word' id='word_1_522' title='bbox 1006 2622 1088 2655; x_wconf 63' lang='lat' dir='ltr'>Joan„</span> <span class='ocrx_word' id='word_1_523' title='bbox 1101 2629 1161 2655; x_wconf 71' lang='lat' dir='ltr'>xm„</span> <span class='ocrx_word' id='word_1_524' title='bbox 1176 2626 1198 2649; x_wconf 81' lang='lat'>¹.</span> 
     </span>
    </p>
   </div>
   <div class='ocr_carea' id='block_1_23' title="bbox 1804 1123 1911 1232">
    <p class='ocr_par' dir='ltr' id='par_1_27' title="bbox 1805 1123 1911 1201">
     <span class='ocr_line' id='line_1_77' title="bbox 1805 1123 1911 1149; baseline 0 -6"><span class='ocrx_word' id='word_1_525' title='bbox 1805 1123 1862 1149; x_wconf 83' lang='lat' dir='ltr'>quod</span> <span class='ocrx_word' id='word_1_526' title='bbox 1869 1130 1911 1143; x_wconf 87' lang='lat' dir='ltr'>non</span> 
     </span>
     <span class='ocr_line' id='line_1_78' title="bbox 1818 1155 1902 1185; baseline 0 -11"><span class='ocrx_word' id='word_1_527' title='bbox 1818 1155 1902 1185; x_wconf 77' lang='lat' dir='ltr'>aperuit</span> 
     </span>
     <span class='ocr_line' id='line_1_79' title="bbox 1818 1187 1907 1201; baseline 0 0"><span class='ocrx_word' id='word_1_528' title='bbox 1818 1187 1907 1201; x_wconf 80' lang='lat' dir='ltr'>circum-</span> 
     </span>
    </p>

    <p class='ocr_par' dir='ltr' id='par_1_28' title="bbox 1804 1212 1864 1232">
     <span class='ocr_line' id='line_1_80' title="bbox 1804 1212 1864 1232; baseline 0.017 -1"><span class='ocrx_word' id='word_1_529' title='bbox 1804 1212 1864 1232; x_wconf 79' lang='lat' dir='ltr'>cisio.</span> 
     </span>
    </p>
   </div>
  </div>
 </body>
</html>
