2017 2948
192 130 251 160 260

192 196 299 225 turam
313 193 488 224 secundum
501 191 645 223 ordinem
660 191 777 222 divinae
788 190 963 221 misericor-

192 247 264 285 diae,
281 247 362 278 sicut
377 246 482 277 virtus
495 247 541 277 est
555 245 588 275 in
603 245 680 284 igne
703 243 891 283 purgatorio
914 252 962 273 se-

193 300 334 330 cundum
349 300 493 330 ordinem
508 299 624 330 divina}
638 297 770 337 ¹iustitiae
791 304 888 335 supra
906 305 962 326 na-

193 355 296 384 turam
313 353 417 392 ignis;
434 354 465 384 et
488 351 569 392 quod
595 351 734 390 amplius
753 351 800 379 est
821 358 861 379 ex
876 352 963 389 parte

192 408 263 447 hac,
278 409 363 448 quod
378 410 612 439 sacramentnm
635 415 698 436 non
720 406 767 435 est
786 404 964 443 subjectum

191 462 347 500 naturale,
366 462 433 493 sive
454 461 628 491 secundum
652 461 799 489 naturam
818 467 824 486 :
841 460 872 488 et
894 457 964 488 ideo

192 523 259 546 non
284 518 330 546 est
352 515 469 546 mirum
493 514 519 545 si
547 513 662 544 habeat
690 513 838 543 virtutem
867 521 963 552 supra

192 570 352 599 naturam.

232 624 263 653 2.
279 622 327 653 Ad
342 621 419 652 illud
436 620 521 661 quod
535 619 702 660 quaeritur,
718 621 829 650 utrum
844 619 883 649 sit
906 619 963 650 bo-

192 684 273 706 num
300 675 497 713 maximum,
521 676 600 712 etc.,
624 673 731 704 dicunt
754 672 839 712 quod
861 672 964 703 virtus

192 729 245 760 illa
258 729 402 768 ponenda
416 730 463 758 est
484 728 565 758 inter
585 727 669 757 hona
687 725 870 764 mediocria,
889 725 965 765 quia

191 784 237 813 est
252 782 333 812 infra
347 781 496 821 gratiam,
519 783 549 811 et
569 789 664 819 supra
683 788 808 819 corpus.
830 778 864 809 Si
883 778 964 818 obji-

191 836 267 874 cias,
283 835 366 876 quod
382 835 444 866 tale
467 835 588 865 honum
609 835 655 863 est
677 832 794 863 animae
811 832 961 871 potentia,

191 889 300 921 dicunt
313 889 397 929 quod
413 888 613 928 Augustinus
631 895 695 916 non
710 886 849 916 excludit
866 895 963 925 prop-

192 946 240 975 ter
253 944 324 983 1100,
341 944 420 984 (111111
435 943 496 973 alia
510 943 573 973 sint
586 953 593 980 ;
611 941 665 972 sed
679 941 757 971 illud
772 941 845 971 dicit
860 950 965 972 exem-

192 997 319 1038 plando,
336 997 386 1027 vel
403 996 552 1027 arctando
567 995 690 1025 bonum
704 994 743 1023 ad
765 993 964 1033 suppositum

192 1051 383 1082 humanum.
401 1051 432 1081 Si
447 1060 522 1081 vero
538 1049 781 1089 objiciturquod
798 1059 863 1079 non
876 1052 963 1088 agat,

192 1105 243 1135 vel
258 1105 369 1134 inssuat
384 1104 417 1134 in
431 1103 585 1143 potentias
601 1102 728 1139 animae,
745 1111 819 1132 rum
844 1102 881 1131 sit
898 1112 964 1132 me-

193 1157 309 1196 diocre,
337 1160 367 1187 et
392 1157 532 1186 influxus
555 1156 596 1186 sit
617 1165 635 1185 a
659 1155 833 1194 superiori,
857 1155 965 1186 dicunt

193 1211 278 1251 quod
290 1220 353 1241 non
369 1210 474 1240 influit
489 1210 519 1239 in
537 1209 691 1248 potentias
709 1208 830 1239 ratione
852 1211 962 1248 poten—

192 1264 329 1302 tiarum,
357 1263 410 1294 sed
434 1263 557 1294 ratione
581 1263 722 1301 ipsarum
752 1261 965 1292 deficientium

194 1327 250 1357 per
264 1317 401 1357 culpam.

235 1374 263 1402 3.
281 1370 328 1401 Ad
344 1369 422 1400 illud
440 1368 524 1408 quod
547 1367 696 1407 obiicitur
721 1367 759 1397 de
786 1367 965 1406 receptione

193 1423 378 1454 substantiae
394 1422 576 1462 spiritualis,
594 1421 704 1451 dicunt
722 1419 808 1459 quod
833 1429 896 1449 non
919 1421 966 1449 est

194 1476 306 1514 simile,
323 1477 398 1516 quia
407 1476 434 1505 si
445 1475 618 1505 substantia
628 1473 802 1513 spiritualis
812 1474 965 1513 reciperet

194 1530 355 1570 corporale
370 1528 582 1569 corporaliter,
595 1530 671 1557 tunc
685 1527 894 1565 derogaretur
906 1527 966 1566 ipsi

195 1580 391 1618 substatitiae‚
409 1589 467 1609 nec
490 1580 694 1618 perficeretur
713 1577 745 1607 in
769 1578 834 1617 ipsa
857 1587 964 1617 recep-

195 1634 280 1665 tione
295 1643 301 1663 z
319 1633 373 1663 sed
387 1633 414 1663 si
429 1632 548 1672 aliquid
560 1631 719 1661 materiale
734 1631 864 1670 recipiat
878 1630 967 1670 spiri-

195 1687 280 1718 tuale
295 1685 511 1727 spiritualiter,
528 1694 591 1716 non
611 1685 784 1723 derogatur
804 1684 834 1713 ci
854 1684 887 1714 in
906 1682 964 1713 ali-

195 1750 270 1781 quo.

235 1797 265 1825 4.
290 1794 338 1824 Α(1
361 1793 437 1824 illud
460 1792 544 1832 quod
569 1791 733 1831 objicitur,
761 1791 845 1830 quod
872 1800 968 1821 omne

197 1848 281 1888 quod
296 1847 458 1886 recipitur,
472 1847 519 1875 est,
534 1845 565 1875 111
581 1844 749 1883 recipiente
766 1853 821 1883 per
836 1844 967 1874 modum

196 1900 385 1940 recipientis,
405 1899 512 1929 dieunt
533 1897 618 1937 quod
644 1898 703 1927 1100
726 1906 838 1927 verum
862 1899 908 1927 est
929 1897 968 1927 de

197 1953 374 1993 receptione
390 1951 526 1982 naturali
542 1961 548 1981 :
569 1951 621 1981 sed
640 1951 708 1980 hren·
733 1953 779 1980 est
801 1960 896 1990 super
911 1959 968 1981 na-

198 2008 313 2037 turam.
340 2005 508 2041 Praetcrea,
528 2005 630 2043 ipsum
649 2006 894 2042 sacramentum,
920 2014 967 2034 se-

199 2059 339 2090 cundum
350 2058 433 2097 quod
449 2057 645 2096 hujusmodi,
658 2062 704 2086 est
716 2057 870 2087 medicina
881 2057 970 2096 spiri-

199 2112 305 2149 tualis,
328 2114 358 2142 et
373 2111 442 2141 ideo
461 2110 552 2141 debet
566 2110 681 2140 habere
704 2110 854 2140 virtutem
874 2110 968 2150 spiri—

198 2165 329 2197 tualem.
346 2164 381 2194 In
397 2163 594 2194 naturalibus
609 2165 717 2193 autem
734 2163 873 2193 maxime
890 2172 968 2194 con-

200 2219 356 2250 sideratur
369 2216 513 2253 materia3
531 2215 583 2245 sed
606 2215 637 2245 in
653 2215 769 2245 divinis
785 2216 925 2246 maxime
940 2218 970 2246 et

200 2270 414 2312 principaliter
436 2268 653 2299 consideratur
678 2268 748 2297 finis
774 2277 780 2296 z
803 2268 873 2298 ideo
895 2268 970 2308 quia

200 2325 233 2355 in
248 2322 451 2354 sacramentis
470 2331 535 2351 non
558 2320 774 2351 consideratur
796 2321 875 2352 ratio
901 2330 968 2352 ma-

200 2378 300 2415 testae,
324 2377 378 2407 sed
400 2376 484 2413 finis,
504 2373 694 2405 conveniens
715 2373 774 2403 suit
795 2374 969 2405 seeundum

202 2432 287 2471 ipsos
301 2430 451 2460 virtutem
474 2426 670 2467 spiritualem
692 2426 782 2456 111015
799 2436 926 2466 ponere.

243 2487 273 2515 5.
282 2483 330 2514 Ad
345 2482 434 2519 illud,
444 2480 618 2512 secundum
633 2488 696 2517 005,
705 2480 773 2518 jam
784 2489 972 2519 responsum

237 2563 329 2587 ¹Gnill.
347 2562 440 2590 Paris,
461 2561 532 2585 Alex.
550 2559 645 2588 Ateus„
665 2565 688 2589 p.
709 2559 753 2584 tv.
767 2565 791 2589 q.
807 2565 863 2589 vui,
879 2563 926 2585 art.
947 2562 970 2587 5.

205 2599 257 2630 §33
274 2599 352 2627 Scot.‚
368 2598 393 2620 iu
410 2603 444 2624 iv,
460 2596 516 2620 dist.
533 2601 562 2625 11,
578 2602 603 2626 q.
618 2596 641 2618 5.
656 2607 687 2612 -—
701 2595 710 2607 ²*
726 2594 757 2618 tv
773 2595 841 2625 Ray„
856 2601 880 2626 v,
897 2597 934 2620 11.

756 109 1067 155 SENTEN‘rtARUiti
1084 124 1157 155 LlB.
1180 124 1230 156 tv.

1018 192 1074 228 est,
1092 191 1167 231 quia
1182 192 1318 223 nobilior
1332 195 1377 224 est
1395 193 1498 224 virtus
1512 194 1591 233 ipsa,
1607 195 1712 226 minus
1726 203 1788 226 no-

1018 243 1091 274 bilis
1115 244 1222 275 anima
1244 245 1340 285 lapsa,
1363 255 1428 276 non
1450 246 1570 277 ratione
1591 247 1786 286 substantiae,

1019 297 1073 328 sed
1089 298 1210 329 ratione
1226 298 1345 338 lapsus.
1370 299 1407 330 Et
1420 301 1527 339 patent
1541 300 1600 331 hoc
1618 300 1712 332 modo
1726 309 1790 332 cae-

1019 353 1085 381 tera
1098 351 1221 390 obiecta
1235 352 1409 382 secundum
1431 352 1513 383 hanc
1533 353 1727 392 opinionem.
1752 353 1791 385 Et

1019 403 1087 434 11ωο
1109 404 1216 444 opinio
1241 407 1287 435 est
1322 414 1515 444 magnorum
1547 407 1788 445 magistrorum.

1058 456 1111 488 Est
1129 458 1223 488 etiam
1246 458 1382 488 aliorum
1405 468 1597 497 magnorum
1619 459 1788 498 magistro-

1018 510 1109 541 rum¹
1129 511 1210 541 circa
1232 511 1290 541 1100
1309 511 1435 550 opinio,
1460 512 1631 542 dicentium
1653 511 1737 551 quod
1758 511 1791 542 in

1019 565 1224 594 sacramentis
1238 573 1303 594 nou
1318 565 1357 594 sit
1372 565 1555 603 causalitas,
1574 574 1676 605 neque
1691 565 1793 596 virtus

1018 616 1123 656 aliqua
1138 628 1195 647 nec
1210 618 1353 649 effectiva
1364 642 1373 655 ,
1390 627 1447 648 nec
1462 618 1645 657 dispositiva
1661 618 1700 649 ad
1717 627 1794 658 gra-

1020 670 1095 700 tiam
1107 694 1115 708 ,
1131 680 1203 710 quae
1220 671 1259 702 sit
1273 671 1418 711 (1111111105,
1434 672 1485 703 vel
1500 671 1674 712 proprietas
1688 671 1794 712 aliqua

1019 723 1180 762 absoluta,
1208 724 1263 755 sed
1290 733 1345 764 per
1370 725 1541 764 quamdam
1568 725 1791 756 assistentiam.

1020 776 1221 808 Sacramento
1243 778 1329 808 enim
1352 777 1461 808 dicunt
1483 778 1627 809 assistere
1651 778 1792 809 divinam

1021 830 1171 861 virtutem
1185 855 1192 869 ‚
1215 840 1288 871 quae
1303 833 1348 862 est
1364 840 1458 862 causa
1473 832 1585 871 gratiae
1597 857 1606 870 ,
1628 834 1658 862 et
1676 833 1771 863 fidem
1782 856 1791 871 ,

1020 886 1050 914 et
1070 884 1271 915 devotionem
1291 885 1509 924 suscipientis,
1531 894 1603 925 quae
1623 885 1793 925 disponunt

1019 937 1057 967 ad
1081 939 1228 976 gratiam.
1252 938 1290 968 Et
1312 938 1472 969 adducunt
1494 939 1616 977 simile,
1641 939 1794 978 quoniam

1019 990 1058 1021 ad
1075 992 1208 1022 verbum
1223 991 1314 1022 Elisei
1327 994 1337 1009 ²
1351 990 1492 1022 Naaman
1508 1001 1541 1022 se
1556 991 1681 1022 lavante
1697 992 1794 1022 astitit

1019 1044 1122 1075 virtus
1143 1045 1250 1075 divina
1271 1045 1415 1075 effectiva
1436 1045 1594 1083 sanitatis,
1618 1047 1649 1075 et
1669 1045 1794 1076 devotio

1019 1099 1050 1127 et
1068 1097 1247 1127 obedientia
1264 1096 1405 1128 Naamzm
1426 1098 1628 1137 dispositiva3
1646 1098 1733 1128 nulla
1746 1100 1794 1128 ta-

1019 1159 1094 1180 men
1110 1150 1275 1180 causalitas
1294 1150 1351 1180 fuit
1368 1160 1425 1180 nec
1440 1151 1472 1180 in
1491 1151 1589 1180 verbo
1605 1150 1697 1181 Elisci
1710 1175 1718 1189 ,
1736 1160 1795 1182 1100

1020 1203 1051 1233 in
1077 1202 1327 1242 aquajordanis.
1353 1204 1383 1233 Si
1408 1213 1485 1243 ergo
1504 1203 1657 1234 Dominus
1674 1204 1716 1235 ita
1730 1204 1795 1235 ins-

1020 1255 1174 1293 aluisset,
1199 1258 1235 1286 ut
1258 1256 1297 1286 ad
1325 1257 1459 1286 verbum
1490 1256 1583 1287 Elisei
1604 1266 1668 1287 non
1691 1257 1794 1287 solum

1021 1309 1087 1348 ipse
1116 1308 1261 1339 Naaman
1275 1332 1284 1346 ,
1316 1310 1369 1339 scd
1397 1309 1501 1340 caeteri
1531 1309 1713 1341 accedentes
1739 1319 1794 1341 cu-

1020 1364 1178 1399 rarentur,
1204 1364 1234 1392 et
1258 1362 1318 1392 hoc
1343 1371 1382 1393 ex
1406 1363 1542 1402 quadam
1566 1363 1727 1402 pactione,
1752 1363 1795 1394 ita

1021 1416 1105 1455 quod
1123 1425 1248 1455 semper
1263 1416 1421 1446 assisteret
1435 1417 1483 1446 vis
1499 1417 1626 1453 divina⁷
1644 1425 1727 1456 aqua
1742 1416 1795 1447 illa

1021 1469 1177 1499 diceretur
1200 1478 1313 1499 (tulare
1333 1471 1364 1499 et
1384 1479 1495 1500 sanare
1515 1470 1653 1509 lepram,
1679 1471 1709 1500 et
1728 1479 1794 1500 esse

1021 1531 1114 1552 causa
1124 1522 1308 1560 curationis,
1322 1525 1349 1552 et
1362 1522 1479 1553 habere
1489 1523 1641 1554 vistutem
1652 1523 1792 1553 curandi.

1021 1575 1111 1605 810111
1121 1575 1325 1605 sacramentis
1333 1575 1440 1605 dicunt
1448 1575 1530 1614 quod
1539 1575 1578 1606 ad
1588 1576 1795 1615 prolationem

1021 1629 1110 1660 verbi
1126 1629 1242 1658 assistit
1255 1628 1356 1658 virtus
1368 1628 1476 1658 divina
1488 1629 1595 1668 aquis,
1612 1631 1643 1659 01
1659 1629 1795 1660 infundit

1022 1682 1160 1721 gratiam
1173 1705 1182 1719 ,
1203 1684 1233 1711 et
1252 1684 1439 1720 regenerat,
1459 1681 1538 1711 dum
1556 1681 1653 1711 homo
1667 1683 1794 1723 subjicit

1021 1744 1054 1765 se
1069 1736 1097 1764 ei
1112 1744 1168 1774 per
1189 1735 1262 1764 fidei
1285 1735 1510 1774 professionem
1524 1736 1555 1764 et
1571 1735 1792 1766 obedientiam.

1022 1787 1134 1818 Dicunt
1153 1796 1232 1825 ergo
1247 1787 1331 1826 quod
1353 1790 1549 1817 sacramenta
1570 1787 1718 1818 dicuntur
1732 1788 1794 1818 ha-

1022 1841 1095 1872 bere
1112 1841 1262 1870 virtutem
1277 1864 1284 1876 ,
1300 1842 1330 1869 et
1345 1840 1494 1870 dicuntur
1508 1849 1602 1870 causa
1613 1864 1621 1878 ,
1639 1842 1670 1871 et
1683 1841 1792 1872 dicun-

1022 1896 1074 1924 tm·
1082 1895 1203 1924 ei'ticere
1213 1893 1386 1923 secundum
1398 1902 1600 1923 communem
1611 1893 1744 1924 modum
1751 1894 1795 1926 lo-

1022 1947 1139 1987 quendi
1156 1949 1282 1986 propter
1299 1945 1507 1976 assistentiam
1522 1946 1639 1976 divinae
1656 1946 1792 1978 virtutis.

1023 1999 1060 2032 Et
1075 2001 1101 2030 si
1116 2003 1151 2030 tu
1164 2008 1288 2039 quaeras
1303 2001 1413 2029 utrum
1427 1998 1564 2029 habeant
1578 1999 1729 2030 virtutem
1741 2000 1795 2030 ali-

1023 2062 1119 2092 quam
1146 2054 1282 2082 creatam
1312 2060 1407 2091 super
1433 2051 1626 2089 increatam3
1660 2061 1793 2092 respon-

1023 2106 1097 2136 dent
1108 2106 1147 2143 (a)
1164 2104 1245 2144 quod
1263 2106 1377 2144 praeter
1398 2104 1549 2134 virtutem
1565 2103 1735 2135 increatam
1750 2108 1796 2136 cst

1023 2160 1125 2190 dicere
1143 2158 1283 2198 aliquam
1306 2157 1456 2188 virtutem
1477 2157 1593 2187 habere
1614 2165 1793 2188 sacramen-

1024 2215 1111 2250 tum,
1131 2211 1184 2242 sed
1204 2213 1335 2241 extenso
1350 2210 1480 2240 nomine
1495 2210 1632 2241 virtutis.
1656 2210 1689 2240 Si
1708 2211 1795 2242 enim

1024 2266 1126 2296 virtus
1146 2265 1228 2295 dicat
1246 2264 1385 2302 aliquam
1401 2263 1584 2303 qualitatem
1599 2287 1606 2302 ,
1629 2263 1680 2293 vel
1699 2266 1793 2294 natu-

1025 2329 1106 2357 ram,
1121 2319 1188 2349 51νο
1203 2318 1314 2348 essenti
1324 2327 1370 2347 im
1386 2317 1605 2348 advenientem
1620 2326 1796 2348 sacramen-

1025 2376 1068 2411 to,
1082 2373 1161 2402 sicut
1172 2372 1276 2402 virtus
1289 2370 1414 2410 proprie
1426 2371 1550 2407 dicitur,
1564 2370 1608 2401 sic
1619 2370 1793 2401 secundnm

1025 2436 1078 2457 eos
1092 2434 1156 2455 non
1171 2427 1217 2454 est
1233 2423 1400 2454 dicendum
1416 2423 1501 2462 quod
1516 2423 1629 2453 habeat
1645 2422 1795 2453 virtutem

1026 2479 1171 2520 proprie,
1195 2478 1247 2508 sed
1267 2476 1448 2507 extenditur
1468 2484 1585 2506 nomen
1611 2474 1737 2505 virtutis
1756 2474 1795 2505 ad

1026 2532 1166 2572 aliquam
1190 2529 1443 2561 ordinationem:
1469 2532 1502 2560 ut
1526 2527 1653 2568 quando
1675 2526 1795 2566 aliquid

1060 2594 1093 2624 (a)
1108 2592 1168 2618 Coet.
1183 2592 1243 2616 edit.
1261 2592 1407 2623 respondet.

1813 472 1877 500 011111.
1892 475 1911 495 2.
