2017 2948
736 169 924 201 DISTINCT.
948 168 998 200 Vl.
1023 168 1123 200 PARS
1147 169 1171 199 1.

477 278 545 300 DUB.
567 278 599 299 11.

192 341 356 372 Rebaptizare
373 340 534 369 haereticum,
553 339 595 370 qui
612 338 667 363 haec
685 338 891 363 sanctificationis

424 375 495 406 signa
510 375 660 406 perceperit.

200 444 359 481 Quaeritur
380 443 462 473 circa
482 442 542 472 hoc
565 442 701 472 verbum
728 441 926 480 Augustini,

160 506 233 527 cum
254 496 422 526 haereticus
437 495 489 525 det
508 494 550 524 ita
565 503 677 524 verum
693 494 849 534 baptisma
860 517 868 531 ,
892 495 928 523 ut

160 549 350 586 catholicus,
368 550 398 578 et
418 547 563 578 similiter
577 548 705 587 recipiat
717 571 724 584 ,
746 556 844 587 quare
860 556 927 577 ma-

157 603 211 641 jus
226 604 389 642 peccatum
403 625 410 639 ‚
431 604 462 632 et
481 601 620 632 immane
636 601 737 631 s'celus
754 602 801 631 est
816 600 927 640 rebap-

161 655 257 686 tizare
272 655 473 685 catholicum.

204 708 292 748 Resp.
317 708 491 739 Dicendum
510 709 595 748 quod
615 708 742 748 quando
761 708 931 738 haereticus

162 761 351 800 baptizatur,
371 764 400 791 et
420 761 643 801 rebaptizatur,
666 770 731 791 non
745 763 792 791 θεῖ
808 763 932 791 tantum

163 816 324 853 peccatum
336 837 343 850 ‚
362 816 519 853 quantum
534 816 580 844 est
592 813 630 843 de
643 813 806 844 catholico.
824 813 862 844 Et
876 814 934 844 hu-

159 869 214 906 jus
234 868 315 898 ratio
335 870 399 906 est,
421 869 490 898 tum
513 878 531 898 a
550 870 638 908 parte
658 867 703 898 rei
725 867 931 904 sacramenti,

164 923 233 951 tum
248 930 265 951 a
289 923 376 961 parte
394 921 494 960 ipsius
513 921 721 951 sacramenti:
744 930 763 951 a
780 922 868 960 parte
888 919 934 949 rei

165 974 362 1010 sacramenti,
380 974 452 1013 quia
468 983 537 1004 cain
552 983 617 1005 non
631 974 741 1014 recipit
755 973 933 1011 haereticus,

165 1030 195 1058 et
213 1028 303 1065 ideo,
326 1028 349 1058 si
370 1027 487 1057 iterum
511 1027 700 1067 baptizatur,
722 1028 851 1067 propter
875 1026 936 1056 hoc

166 1080 304 1111 efficacia
333 1089 397 1110 non
427 1079 629 1119 geminatum
664 1089 681 1109 a
714 1081 802 1118 parte
830 1087 935 1109 sacra-

166 1134 283 1171 menti,
313 1133 387 1172 quia
411 1133 545 1163 dubium
570 1132 649 1169 fuit,
681 1135 712 1162 et
734 1132 938 1172 probabiliter

167 1187 244 1218 moti
258 1189 351 1224 sunt,
373 1186 458 1225 quod
481 1185 623 1216 liaeretici
639 1188 778 1215 carentes
793 1185 854 1215 fide
874 1193 938 1215 non

167 1240 345 1280 baptiZent:
382 1241 411 1268 et
435 1239 489 1268 ubi
513 1238 666 1269 dubitatio
692 1241 756 1275 est,
782 1240 882 1277 potest
905 1238 938 1267 in

168 1302 242 1324 casn
261 1293 332 1332 quis
352 1291 557 1331 rebaptizari;
580 1293 610 1321 et
634 1291 703 1321 ideo
726 1300 783 1321 nec
808 1291 938 1321 omnino

169 1346 240 1375 facit
255 1345 407 1384 injuriam
423 1344 489 1381 rei,
509 1353 567 1374 nec
582 1344 712 1374 omnino
728 1346 935 1381 sacramento,

168 1398 342 1434 secundum
363 1399 481 1427 certain
500 1397 674 1427 scientiam.
697 1396 755 1427 Sed
778 1406 863 1427 nunc
884 1397 937 1427 de-

169 1452 376 1483 terminatum
392 1453 456 1488 est,
481 1450 565 1490 quod
582 1453 815 1480 sacramentum
831 1450 940 1489 recipit

169 1507 197 1535 et
213 1505 445 1541 characterem,
463 1506 490 1533 ot
508 1513 593 1541 rem,
610 1504 672 1533 nisi
688 1504 727 1533 sit
742 1504 939 1534 obstaculum

170 1558 322 1595 fictionis;
343 1560 372 1588 et
395 1557 464 1587 ideo
486 1559 647 1596 peccatum
666 1558 729 1593 est,
750 1557 826 1596 (suia
844 1557 940 1595 igno-

170 1611 271 1641 rantia
291 1611 374 1650 juris
398 1620 461 1640 non
481 1613 610 1640 excusat
631 1619 649 1639 a
671 1612 756 1640 toto:
779 1613 810 1640 et
830 1610 880 1640 hic
895 1612 941 1641 est

170 1665 352 1704 ignorantia
372 1665 467 1704 juris.
495 1664 572 1696 Cum
596 1666 703 1694 autem
729 1664 941 1704 rebaptizatur

170 1718 357 1755 catholicus,
378 1718 416 1748 de
435 1727 499 1758 quo
520 1719 640 1748 constat
659 1718 744 1757 quod
760 1718 877 1758 recepit
896 1728 942 1748 sa-

170 1774 386 1810 cramentum,
413 1774 443 1802 et
466 1771 672 1812 probabiliter
694 1772 834 1802 creditur
858 1771 942 1811 quod

170 1826 285 1866 recepit
300 1834 368 1856 rem
384 1824 585 1862 sacramenti,
604 1827 679 1855 tuuc
694 1834 734 1855 ex
749 1827 834 1855 certa
848 1825 943 1855 scien-

170 1878 213 1908 tia
231 1879 267 1908 fit
289 1878 407 1917 injuria
432 1868 628 1907 saerainento
653 1879 683 1908 et
705 1877 844 1914 Christo,
869 1877 945 1917 quia

171 1930 317 1961 effectum
339 1930 441 1961 unicae
456 1930 609 1969 passionis
621 1954 629 1968 ‚
651 1930 767 1960 scilicet
785 1929 943 1960 remissio-

173 1992 247 2014 nem
267 1986 470 2023 peccatorum
491 1983 656 2021 omnium,
684 1982 754 2013 vult
773 1984 922 2014 reiterare
935 2007 943 2021 ‚

174 2041 203 2067 et
218 2038 375 2076 quantum
391 2036 423 2066 in
438 2045 471 2066 se
487 2038 550 2072 est,
566 2035 726 2066 Christum
742 2036 859 2066 iterum
872 2045 943 2067 cru-

175 2090 304 2128 cifigere
316 2112 324 2126 ‚
347 2091 379 2120 et
398 2091 634 2120 sacramentum
649 2088 757 2127 iterat,
774 2090 805 2119 et
819 2089 944 2128 gravis-

177 2143 255 2173 sime
271 2144 386 2182 peccat.

496 2200 563 2221 nun.
587 2200 630 2222 111.

218 2257 351 2286 Quomodo
372 2256 529 2281 sanctificare
551 2264 643 2288 aquam
662 2259 758 2288 potest,
777 2264 836 2282 cum
857 2257 909 2288 ipse

458 2293 604 2317 immundus
620 2293 667 2317 sit‘?

220 2355 373 2395 Objicitur
388 2357 496 2385 contra
507 2355 576 2385 haec
591 2355 689 2385 verba
702 2354 860 2394 Cypriani,
875 2356 951 2395 quia

181 2409 355 2440 secundum
376 2408 435 2438 hoc
453 2408 578 2438 videtur
598 2409 682 2448 quod
697 2408 872 2447 baptismus
887 2418 950 2439 non

181 2464 236 2493 fiat
249 2462 309 2492 nisi
324 2462 357 2492 in
373 2470 455 2501 aqua
472 2461 663 2491 sanctificata
677 2471 683 2491 :
702 2470 780 2500 ergo
796 2461 820 2491 si
836 2462 952 2502 aliquis

182 2515 343 2555 bapizetur
359 2515 396 2554 ‚in
415 2522 499 2553 aqua
518 2513 678 2551 fluminis,
694 2516 740 2544 est
755 2514 950 2554 rebaptizan—

183 2569 252 2600 dus.
270 2568 348 2599 item
360 2592 368 2605 ,
392 2568 527 2608 qualiter
541 2567 748 2607 respondetur
762 2567 801 2598 ad
815 2569 885 2607 ejus
899 2578 952 2599 ar-

186 2623 338 2660 gumenta
349 2645 356 2659 ,
378 2620 417 2652 ad
431 2630 504 2661 quae
519 2620 671 2660 Magister
684 2629 749 2652 non
762 2621 956 2660 respondet?

1692 176 1747 205 3⁷¹

980 235 1014 266 Si
1033 236 1119 265 enim
1134 235 1223 266 nulla
1241 236 1288 265 est
1306 236 1510 268 sanctificatio
1524 238 1589 276 ;nisi
1603 247 1660 278 per
1679 239 1751 280 Spi-

980 288 1077 319 ritum
1093 290 1238 318 sanctum
1251 312 1258 326 ‚
1280 289 1310 318 et
1330 287 1415 319 hunc
1430 288 1599 322 haereticus
1613 301 1677 323 non
1693 293 1751 324 ha-

981 342 1032 372 bet
1046 352 1053 380 3
1070 351 1150 381 ergo
1165 341 1243 372 nihil
1259 342 1442 374 sanctificat.

1021 395 1112 435 Resp.
1130 395 1302 426 Dicendum
1321 396 1406 435 quod
1421 396 1540 436 duplex
1554 400 1601 428 est
1615 399 1753 429 sanctifi-

982 448 1082 478 catio:
1108 448 1255 487 quaedam
1277 457 1350 487 quae
1373 450 1491 488 spectat
1510 449 1549 480 ad
1570 450 1752 482 solemnita-

983 503 1066 538 tem3
1094 501 1261 540 quaedam,
1287 501 1326 531 ad
1349 502 1579 533 necessitatem.
1606 502 1662 533 Illa
1682 513 1754 543 quae

983 553 1022 583 ad
1037 553 1267 585 solemnitatem
1280 578 1287 592 ‚
1308 557 1353 585 est
1370 555 1449 586 facta
1465 565 1483 586 a
1496 555 1627 596 praelato
1646 556 1755 587 Eccle-

985 607 1040 637 siae
1059 616 1113 646 per
1132 608 1319 638 orationem.
1343 607 1403 639 Sed
1423 608 1493 639 haec
1513 618 1578 640 non
1593 609 1678 640 addit
1697 610 1755 640 ali-

986 659 1060 699 quid
1073 683 1082 697 ,
1098 669 1156 690 nec
1170 660 1280 690 adimit
1291 661 1458 700 baptismo.
1475 661 1546 693 Alia
1559 664 1606 693 est
1621 671 1677 701 per
1689 672 1758 693 ver-

987 713 1064 743 bum
1077 712 1249 743 adveniens
1262 713 1299 743 ad
1315 713 1519 753 elementum,
1537 724 1594 754 per
1607 716 1755 754 verbum,

986 765 1116 805 inquam
1128 789 1137 803 ,
1161 766 1246 805 quod
1264 768 1311 796 est
1326 766 1364 797 de
1379 767 1561 806 integritate
1583 768 1693 800 formae
1708 778 1760 800 sa-

988 820 1138 849 cramenti
1154 830 1161 850 z
1184 821 1214 850 et
1233 820 1386 859 quoniam
1402 820 1485 851 istud
1501 830 1565 852 non
1580 821 1675 852 habet
1689 822 1758 853 effi-

989 873 1106 903 caciam
1122 882 1140 902 a
1155 872 1276 903 dicente
1287 896 1294 910 ‚
1311 873 1363 902 sed
1381 873 1484 912 potius
1499 875 1538 904 ab
1556 875 1760 914 instituente3

990 925 1059 955 ideo
1081 925 1270 962 sanctificat,
1301 927 1332 955 et
1353 927 1399 955 est
1422 926 1533 957 efficax
1558 936 1621 957 non
1645 928 1763 958 virtute

991 977 1147 1014 ministri,
1164 977 1218 1007 sed
1234 977 1359 1008 Christi.
1377 978 1465 1009 Sicut
1481 979 1624 1011 notarius
1636 980 1764 1012 odiosus

991 1032 1021 1061 et
1045 1031 1149 1061 malus
1170 1031 1278 1061 scribit
1301 1031 1420 1062 litteras
1434 1055 1443 1069 ,
1469 1041 1548 1072 quas
1574 1033 1670 1064 mittit
1694 1034 1764 1073 regi

991 1083 1076 1113 filius
1095 1085 1185 1123 eJus:
1207 1084 1355 1123 quamvis
1376 1084 1520 1115 notarius
1540 1094 1605 1116 non
1623 1086 1762 1126 placeat,

992 1145 1049 1167 nec
1067 1136 1187 1176 aliquid
1205 1137 1290 1176 quod
1306 1137 1346 1166 sit
1359 1137 1392 1167 in
1407 1137 1474 1177 ipso
1489 1138 1547 1178 ipsi
1564 1139 1648 1178 regi,
1665 1139 1766 1179 placet

993 1192 1099 1220 tamen
1112 1190 1216 1220 littera
1229 1190 1296 1228 filii,
1313 1192 1343 1220 et
1355 1190 1485 1222 omnino
1499 1192 1611 1223 efficax
1624 1195 1670 1224 est
1682 1193 1767 1233 apud

993 1252 1103 1282 regem
1119 1253 1125 1273 :
1151 1243 1194 1273 sic
1214 1243 1458 1282 intelligendum
1476 1247 1522 1275 est
1541 1246 1573 1276 in
1594 1246 1765 1286 proposito.

994 1295 1031 1325 Et
1049 1296 1092 1325 sic
1114 1298 1197 1334 patet
1221 1296 1305 1335 quod
1341 1296 1474 1336 objectio
1497 1307 1555 1329 sua
1578 1308 1641 1330 non
1663 1300 1766 1337 valet,

995 1349 1069 1388 qnia
1094 1358 1158 1379 non
1182 1349 1355 1380 sanctificat
1379 1353 1613 1382 sacramentum
1638 1352 1766 1392 spiritus

995 1401 1182 1441 baptizantis
1196 1426 1203 1440 ‚
1227 1402 1280 1433 sed
1297 1403 1425 1441 spiritus
1440 1403 1565 1436 Christi.
1589 1404 1627 1435 Et
1648 1405 1707 1436 hoc
1723 1408 1769 1436 est

996 1455 1079 1494 quod
1095 1454 1288 1494 Cyprianum
1304 1455 1444 1495 decepit,
1462 1457 1538 1496 quia
1552 1457 1699 1498 baptismi
1712 1468 1767 1498 po-

996 1510 1141 1537 testatem
1165 1508 1311 1538 ministro
1329 1509 1477 1539 traditam
1492 1519 1556 1541 non
1571 1510 1652 1542 hene
1667 1512 1770 1542 consi-

996 1559 1137 1597 deravit,
1162 1562 1193 1590 et
1215 1560 1253 1590 de
1276 1564 1473 1592 sacramento
1497 1563 1672 1594 secundum
1685 1564 1771 1604 quod

998 1613 1035 1643 de
1050 1613 1076 1652 ej
1083 1622 1119 1643 us
1134 1613 1270 1644 efficacia
1281 1614 1455 1653 judicavit3
1474 1617 1505 1646 et
1520 1616 1545 1646 si
1560 1616 1633 1656 quis
1647 1617 1707 1647 hoc
1721 1617 1771 1647 di-

998 1668 1080 1696 ceret
1090 1690 1099 1704 ,
1118 1666 1150 1696 in
1165 1675 1307 1697 errorem
1324 1668 1525 1699 manifestum
1537 1693 1547 1707 ,
1563 1672 1588 1699 si
1604 1670 1698 1701 vellet
1711 1670 1772 1701 hoc

998 1719 1164 1750 defendere
1176 1743 1183 1757 ,
1219 1720 1399 1759 perveniret
1413 1744 1420 1758 ‚
1455 1722 1540 1761 quod
1574 1722 1682 1753 nullus
1711 1723 1772 1754 nisi

999 1774 1126 1802 sanctus
1146 1775 1250 1812 posset
1269 1776 1468 1804 sacramenta
1486 1774 1694 1806 ecclesiastica
1708 1776 1770 1806 dis-

1000 1833 1148 1864 pensare:
1162 1825 1246 1864 quod
1259 1826 1353 1857 modo
1364 1828 1473 1858 tenent
1485 1828 1695 1867 quorumdam
1709 1828 1774 1859 hae-

1001 1878 1173 1909 reticorum
1188 1880 1291 1909 sectae.

1320 1972 1388 1994 DUB.
1412 1972 1456 1994 1v.

1047 2036 1095 2060 Sed
1121 2037 1141 2060 si
1164 2037 1224 2067 quid
1248 2037 1410 2068 purgandum
1434 2040 1500 2070 erat,
1523 2039 1647 2070 passionis
1670 2040 1732 2064 falce

1321 2072 1459 2097 tolleretur.

1044 2143 1174 2174 Videtur
1187 2143 1388 2183 Augustinus
1401 2143 1453 2174 hic
1468 2144 1549 2175 male
1562 2144 1665 2176 dicere
1676 2169 1685 2184 ‚
1701 2146 1777 2186 quIa

1005 2197 1134 2228 haeresis
1148 2198 1213 2234 est,
1235 2196 1320 2236 quod
1336 2197 1510 2237 baptizatus
1524 2198 1564 2229 sit
1577 2198 1778 2239 rebaptizan-

1005 2250 1084 2287 dus,
1117 2252 1148 2280 et
1175 2259 1277 2288 grave
1302 2252 1465 2290 peceatum
1491 2253 1538 2282 est
1560 2252 1776 2292 rebaptizare:

1006 2312 1084 2342 ergo
1095 2327 1105 2341 ,
1123 2303 1149 2332 si
1163 2302 1223 2333 hoc
1238 2303 1371 2334 faciebat
1388 2304 1565 2344 Cyprianus
1576 2329 1584 2344 ‚
1599 2307 1666 2336 erat
1681 2305 1780 2336 haere-

1006 2354 1087 2384 ticus
1101 2365 1107 2384 2
1133 2354 1187 2384 sed
1202 2354 1229 2384 si
1245 2354 1414 2386 haereticus
1428 2356 1589 2395 toleretur,
1606 2365 1670 2388 non
1685 2365 1780 2396 prop-

1009 2410 1056 2438 ter
1068 2407 1128 2437 hoc
1144 2407 1284 2438 salvatur
1300 2419 1306 2439 :
1323 2418 1401 2448 ergo
1413 2433 1422 2447 ,
1440 2411 1500 2440 etc.

1050 2460 1140 2501 Resp.
1162 2461 1334 2492 Dicendum
1351 2462 1435 2501 quod
1453 2462 1629 2502 Cyprianus
1644 2464 1703 2494 hoc
1718 2472 1781 2493 non

1009 2514 1089 2544 dixit
1111 2514 1299 2553 asserendo,
1325 2524 1383 2546 nec
1405 2515 1617 2554 defendendo,
1639 2516 1694 2547 scd
1712 2516 1782 2555 opi-

1010 2566 1136 2597 nando:
1152 2569 1182 2597 et
1192 2566 1262 2598 ideo
1277 2576 1342 2598 non
1356 2567 1415 2598 suit
1426 2567 1611 2608 haereticus,
1627 2569 1703 2609 quia
1718 2577 1784 2600 non

1011 2621 1077 2651 erat
1100 2619 1132 2650 in
1156 2618 1291 2651 Ecclesia
1317 2620 1575 2653 determinatum.
1606 2621 1783 2661 Praeterea,
