2017 2948
265 139 278 166 se
285 139 322 166 (38

265 202 469 234 sacerdotem.
493 201 571 238 Quia
593 201 688 231 etiam
711 200 792 230 actio
815 198 958 237 Virginis
987 200 1034 228 est

265 255 467 295 singularior,
485 253 654 293 gloriosior
668 256 699 283 et
712 252 911 292 praeclarior:
928 252 1033 289 majus

264 309 349 340 enim
365 310 412 338 est
440 306 604 346 concipere
616 331 624 344 ‚
642 315 738 346 quam
759 304 913 335 conficere
928 328 935 341 ,
959 303 1034 342 quia

262 363 418 394 terminus
432 361 563 393 actionis
579 360 649 401 plus
667 359 785 399 accepit
805 368 823 389 a
841 357 1034 397 concipiente

263 418 375 455 matre,
391 425 489 456 quam
510 424 528 445 a
543 413 727 445 conficiente
747 411 907 442 sacerdote
926 421 931 441 :
950 418 1033 440 acce-

265 469 310 510 pit
324 469 410 500 enim
425 478 443 499 a
459 470 558 498 matre
573 466 803 497 humanitatem
824 467 855 494 ct
870 473 948 501 csse,
968 472 1032 493 non

263 524 388 553 tantum
403 530 470 552 esse
495 520 557 557 hie,
581 519 631 550 vel
655 528 723 549 esse
746 518 807 555 ibi;
825 517 857 547 in
874 525 1033 546 consecra-

263 576 347 606 tione
376 583 451 605 vcro
464 598 471 611 ‚
499 574 581 603 sicut
609 572 721 602 melius
751 570 888 611 patebit,
919 578 1033 609 corpus

264 628 376 659 Christi
392 637 455 658 non
470 627 579 666 incipit
599 635 677 661 csse,
693 627 751 655 etc.

303 684 332 711 1.
350 681 397 711 Ad
412 680 489 711 illud
505 688 583 718 ergo
598 679 682 719 quod
696 678 845 717 objicitur
861 678 899 708 de
917 676 1033 707 nobili-

261 737 325 766 tate
340 735 479 774 corporis
509 733 641 770 Christi⁷
662 733 728 771 jam
752 733 837 771 patvt
860 730 1031 770 responsio.

263 787 344 819 Nam
369 797 484 828 corpus
506 786 619 817 Christi
649 787 681 816 in
709 785 942 816 consecratione
969 792 1034 813 non

262 842 314 879 fit;
332 841 416 881 quod
432 841 457 871 si
472 841 578 878 fieret,
596 842 671 870 tunc
688 839 798 878 utique
820 839 901 868 bene
923 846 1034 867 conce-

263 895 370 926 derem
386 895 553 925 rationein.
568 893 627 924 Sed
643 894 728 923 certe
740 894 817 923 tunc
832 901 896 921 non
917 891 952 920 fit
967 891 1035 929 ejus

262 949 456 985 humanitas,
468 948 543 988 quia
553 947 633 977 facta
643 949 690 977 est
700 947 732 976 in
743 945 945 985 conceptione
954 954 961 981 3
971 954 1034 974 non

263 1003 299 1033 fit
307 1002 411 1042 gloria
426 1001 575 1041 corporis,
589 1001 663 1040 quia
678 1001 757 1030 t‘acla
770 1001 815 1029 cst
832 999 865 1028 in
876 1006 1034 1028 resurrec-

266 1056 349 1086 tione
358 1066 364 1092 ;
372 1064 435 1085 non
444 1055 478 1084 fit
485 1054 619 1094 perfecta
626 1055 712 1090 zetas,
721 1064 727 1081 ι
731 1053 795 1092 1uia
802 1051 935 1090 triginta
941 1060 1036 1083 anno-

266 1118 338 1139 rum
355 1108 455 1147 spatio
468 1110 513 1137 est
532 1107 678 1146 perfecta.
697 1106 783 1136 Unde
804 1110 1035 1145 argumentum

266 1162 380 1199 deficit,
395 1161 470 1200 quia
480 1159 589 1198 arguit
604 1168 639 1189 ac
655 1159 680 1188 si
695 1159 793 1189 fieret.
811 1160 871 1190 Sed
888 1169 942 1198 per
957 1169 1036 1190 con-

267 1215 472 1245 secrationem
487 1212 565 1243 nihil
580 1221 700 1243 novum
717 1212 770 1249 fit,
787 1213 841 1242 sed
858 1213 916 1242 ho(-
933 1213 1036 1243 solnm

251 1269 313 1304 'fit,
330 1270 364 1298 ut
377 1267 462 1307 quod
479 1268 546 1297 erat
568 1266 602 1295 in
623 1266 702 1296 ccelo
725 1266 896 1306 perfectum
918 1269 948 1297 et
972 1266 1038 1306 glo-

266 1321 398 1358 riosum,
411 1320 529 1351 virtute
539 1320 859 1350 transsubstantiandi
871 1320 955 1350 idem
971 1321 1038 1350 sinc

266 1373 443 1404 mutatione
458 1373 496 1402 sit
510 1372 542 1402 in
560 1372 662 1402 altari.

306 1428 336 1458 17..
348 1427 395 1458 Ad
413 1426 490 1457 illud
502 1426 585 1465 quod
599 1426 758 1465 objicitur,
774 1426 860 1466 quod
875 1426 979 1456 minor
994 1428 1041 1457 est

268 1480 441 1521 dispositio,
459 1479 627 1510 dicendum
650 1479 734 1519 quod
749 1488 789 1509 ex
804 1482 937 1519 utraque
953 1481 1040 1519 parte

270 1536 338 1564 erat
352 1533 492 1574 potentia
513 1533 710 1563 obedientias.
728 1532 953 1563 Verumtamen
974 1534 1041 1562 esto

269 1587 355 1628 quod
369 1587 474 1618 minor
488 1587 528 1617 sit
543 1586 716 1626 dispositio,
734 1588 840 1616 tamen
851 1586 954 1616 virtus
969 1586 1042 1615 data

270 1640 380 1678 verbo,
399 1639 450 1671 vel
466 1639 630 1676 sacerdoti,
649 1648 713 1669 non
730 1639 838 1676 efficit,
856 1638 908 1669 vcl
923 1638 1043 1669 reducit

271 1693 311 1725 ad
340 1696 446 1724 actum
459 1717 467 1730 ‚
496 1693 577 1723 sicut
606 1693 708 1722 virtus
734 1691 947 1731 conceptionis
971 1691 1043 1721 data

272 1746 395 1787 Virgini
412 1756 420 1778 z
437 1748 469 1778 et
484 1747 544 1777 boc
559 1745 674 1777 melius
688 1745 806 1785 patebit
820 1746 853 1775 in
869 1745 958 1776 tertio
974 1754 1044 1784 pro-

272 1801 419 1832 blemate.

314 1856 344 1885 3.
361 1853 409 1884 Ad
425 1853 503 1883 illud
514 1853 598 1893 quod
610 1852 759 1891 objicitur
773 1852 811 1882 de
826 1851 1047 1882 communica-

275 1907 371 1945 tione,
385 1906 472 1946 quod
486 1905 622 1936 nobilior
636 1907 682 1936 est
699 1905 802 1936 virtus
825 1914 898 1944 quae
920 1914 952 1936 se
978 1913 1046 1935 ma-

278 1961 329 2000 gis
343 1959 566 1997 communicat,
579 1958 749 1989 dicendum
765 1958 849 1998 quod
863 1959 923 1989 hoc
935 1967 1048 1989 verum

277 2016 325 2044 est
339 2014 461 2044 caeteris
480 2013 549 2043 aliis
573 2012 718 2052 paribus3
737 2012 789 2042 sed
812 2021 877 2042 non
897 2012 940 2042 sic
955 2014 1002 2042 est
1016 2012 1050 2042 in

279 2067 448 2106 proposito.
465 2066 544 2097 Nam
564 2065 599 2096 B.
616 2065 714 2104 Virgo
737 2065 835 2095 Maria
850 2067 971 2095 tantam
993 2065 1050 2095 ha-

280 2117 348 2148 buit
369 2117 520 2148 divinitus
541 2117 599 2147 sibi
619 2117 764 2147 collatam
782 2116 949 2154 virtutem,
967 2117 1051 2156 quod

281 2173 366 2203 recte
379 2173 478 2202 mater
489 2170 612 2201 Domini
623 2170 748 2208 dicitur,
761 2172 791 2200 et
805 2172 851 2200 est
867 2170 1050 2208 verissime3

283 2223 426 2255 sacerdos
442 2225 548 2254 autem
560 2232 617 2253 nec
632 2223 783 2260 Verbum,
801 2233 858 2253 nec
874 2223 976 2261 Pater,
996 2232 1054 2253 nec

284 2276 384 2308 Mater
398 2276 512 2308 Christi
536 2279 635 2315 potest
659 2276 736 2314 dici,
757 2277 904 2316 quamvis
924 2277 963 2307 ad
984 2277 1054 2316 eju>-

285 2330 496 2361 ministerium
519 2331 720 2360 convertatur
744 2330 832 2368 panis
856 2330 888 2360 in
913 2330 1053 2360 beatissi-

286 2393 375 2415 mum
391 2392 505 2423 corpus
522 2382 646 2413 Christi.

318 2465 324 2478 ¹
341 2464 381 2494 Cf.
398 2463 468 2488 Alex.
485 2463 581 2493 Ateus„
599 2469 624 2492 p.
646 2463 687 2492 lV,
704 2469 728 2493 q.
749 2467 776 2493 x,
792 2463 900 2487 membr.
922 2464 944 2492 4,
966 2465 1012 2486 art.
1033 2465 1056 2492 2,

285 2498 336 2530 §5‚
352 2506 377 2530 q.
393 2500 422 2529 2,·
436 2499 525 2529 Steph.
542 2498 645 2527 Brulef.,
662 2498 692 2522 lV
710 2497 789 2528 Seut„
805 2498 862 2521 dist.
879 2504 906 2528 x,
920 2505 945 2528 q.
961 2504 1016 2522 vm.
1027 2511 1059 2517 —-

285 2535 296 2551 ²
308 2534 435 2565 Ambros.,
447 2534 476 2558 de
491 2535 531 2564 iis,
546 2534 590 2565 qui
606 2533 750 2562 initiantur,
766 2540 789 2556 c.
806 2539 839 2556 lv.
852 2546 878 2550 —-
895 2534 903 2546 ³³
919 2533 991 2564 Corp.
1002 2533 1058 2564 jur.

285 2577 382 2601 canon„
396 2570 425 2593 de
440 2570 565 2600 Consecr„
579 2569 636 2593 dist.
654 2575 684 2599 11,
699 2575 755 2599 cap.
773 2569 835 2598 Quia
850 2576 937 2599 corpus
952 2576 1060 2600 assumpr

286 2606 348 2630 tum.
358 2618 389 2624 —
405 2606 414 2620 ⁴
428 2605 540 2631 liabetur
552 2605 579 2629 in
596 2605 670 2636 Corp.
680 2604 733 2635 jur.
746 2611 810 2633 cun„
831 2604 888 2628 dist.
904 2610 934 2635 ιι,
949 2604 993 2629 sed
1007 2611 1060 2629 non

822 107 1130 162 sEN'raNTmssum
1151 130 1224 161 Lm.
1250 130 1298 161 iv.

1346 258 1526 295 QUAESTlo
1550 258 1601 290 ΙΙΙ.

1131 340 1175 366 An
1194 340 1280 366 virtus
1301 338 1578 365 transsubstantiandi
1596 340 1632 366 sit
1651 340 1718 367 data
1736 342 1812 369 verbo

1402 384 1507 417 prolato
1520 388 1538 409 ¹.

1131 462 1172 492 Dc
1191 463 1308 493 virtute
1322 462 1682 494 transsubstantiationis
1696 473 1752 504 per
1771 473 1858 496 com-

1090 516 1286 556 parationem
1304 515 1342 545 ad
1358 515 1509 549 verbum3
1526 517 1557 546 et
1572 517 1728 555 quaeritur
1751 520 1860 549 utrum

1091 570 1191 600 virtus
1200 568 1519 599 transsubstantiandi
1534 569 1573 599 sit
1588 569 1659 600 data
1670 570 1768 602 verbo
1784 580 1862 611 pro-

1090 623 1163 660 lato,
1180 631 1220 652 an
1240 622 1344 652 solum
1364 622 1404 652 sit
1422 622 1524 652 virtus
1546 622 1639 653 Verbi
1666 623 1809 655 increati.
1825 623 1864 656 Et

1091 676 1174 715 quod
1189 675 1285 705 verbo
1301 674 1437 714 prolato,
1460 675 1595 706 videtur.
1622 676 1810 708 Ambrosius
1825 677 1836 694 ²
1853 688 1860 708 :

1095 740 1109 756 «
1125 728 1235 759 Sermo
1268 727 1381 758 Christi
1419 731 1597 760 creaturam
1621 732 1733 760 mutat.
1759 741 1774 758 n
1803 730 1864 762 Sed

1091 781 1194 811 omnis
1203 781 1284 811 actio
1300 790 1372 821 quse
1387 783 1435 811 est
1452 781 1491 811 ab
1505 782 1628 822 aliquo,
1644 785 1690 813 est
1704 782 1863 814 mediante

1091 834 1210 865 virtute
1230 846 1236 865 ε
1261 835 1315 865 sed
1336 834 1405 865 haec
1426 838 1473 865 est
1496 835 1652 866 mediante
1676 836 1774 867 verbo
1792 845 1863 876 pro-

1094 887 1157 918 lato
1175 899 1182 918 z
1197 897 1288 926 ergo,
1305 890 1364 918 etc.

1133 941 1208 972 Item
1225 941 1380 972 Eusebius
1398 943 1408 960 ³
1425 952 1431 972 :
1450 941 1643 972 «Invisibilis
1658 942 1804 973 sacerdos
1816 942 1861 973 vi-

1092 995 1198 1025 sibiles
1217 997 1380 1025 creaturas
1397 995 1429 1025 in
1444 995 1653 1026 substantiam
1669 995 1809 1035 corporis
1833 997 1864 1027 et

1092 1048 1260 1086 sanguinis
1279 1047 1391 1078 Christi
1417 1048 1515 1079 verbo
1537 1057 1594 1079 suo
1621 1051 1740 1079 secreta
1759 1050 1862 1088 potes-

1093 1106 1155 1134 tate
1171 1105 1356 1133 commutat.
1376 1114 1390 1130 n

1134 1157 1211 1187 ltcm
1237 1157 1358 1187 ratione
1384 1157 1528 1194 videtur,
1555 1158 1630 1196 quia
1651 1166 1745 1188 omne
1769 1157 1865 1188 adve-

1094 1210 1184 1240 niens
1199 1210 1291 1240 alicui
1304 1210 1387 1249 quod
1403 1213 1449 1240 est
1462 1211 1495 1240 in
1511 1210 1576 1240 sola
1591 1212 1743 1250 potestate
1757 1210 1796 1241 ad
1811 1209 1866 1241 ali-

1094 1263 1184 1302 quid,
1203 1266 1232 1292 ct
1249 1263 1364 1293 faciens
1388 1263 1494 1302 ipsum
1517 1272 1583 1293 esse
1604 1263 1636 1293 in
1655 1265 1745 1301 actu,
1771 1262 1866 1294 habet

1094 1317 1247 1348 virtutem
1263 1316 1403 1356 aliquam
1421 1327 1427 1346 :
1443 1316 1496 1346 sed
1513 1316 1611 1346 verbo
1627 1316 1814 1347 adveniente
1827 1315 1868 1347 ad

1094 1370 1297 1407 elementum,
1311 1370 1416 1400 statim
1427 1370 1539 1400 transit
1551 1369 1583 1399 in
1600 1378 1715 1409 corpus
1730 1368 1846 1400 Christi
1858 1377 1866 1399 :

1094 1433 1174 1462 ergo
1190 1424 1223 1453 in
1239 1423 1336 1453 verbo
1352 1425 1398 1453 est
1411 1423 1519 1462 aliqua
1535 1423 1638 1453 virtus
1651 1423 1691 1454 ad
1705 1422 1777 1453 hoe.

1137 1477 1225 1514 ltezn,
1245 1486 1318 1506 cum
1334 1486 1397 1507 non
1413 1477 1452 1506 sit
1467 1477 1572 1507 virtus
1594 1477 1627 1507 in
1643 1476 1825 1516 speciebus,
1841 1476 1870 1506 si

1096 1539 1160 1560 non
1176 1532 1222 1560 est
1239 1531 1341 1560 virtus
1359 1530 1391 1559 in
1406 1529 1523 1566 verb03
1548 1532 1624 1560 tunc
1639 1538 1719 1568 ergo
1743 1538 1809 1560 non
1822 1531 1870 1560 est

1097 1587 1331 1614 sacramentum
1347 1592 1440 1614 novae
1460 1583 1555 1622 legis,
1572 1584 1664 1622 quus
1678 1584 1725 1613 est
1747 1582 1870 1613 efficere

1097 1637 1181 1677 quod
1197 1637 1329 1676 figurat.

1140 1690 1216 1720 ltem
1244 1690 1278 1720 in
1308 1689 1396 1720 omni
1421 1687 1559 1719 naturali
1586 1688 1785 1727 operatione,
1814 1687 1870 1718 uhi

1099 1743 1182 1774 Deus
1196 1745 1348 1782 operatur
1365 1742 1525 1772 mediante
1545 1743 1691 1772 creatura
1699 1764 1709 1779 ‚
1735 1741 1807 1771 data
1823 1741 1872 1771 est

1100 1797 1203 1826 virtus
1217 1798 1388 1832 creaturae,
1411 1804 1467 1834 per
1489 1803 1587 1834 quam
1605 1795 1754 1833 operatur
1770 1804 1777 1824 ι
1794 1801 1872 1833 ergo

1101 1850 1196 1880 simili
1213 1849 1335 1879 ratione
1350 1848 1383 1878 in
1404 1856 1498 1887 opere
1512 1846 1659 1877 miraculi
1677 1857 1684 1877 :
1700 1855 1780 1885 ergo
1794 1845 1821 1876 si
1833 1845 1872 1876 il-

1101 1903 1155 1934 lud
1172 1904 1321 1942 operatur
1334 1910 1390 1941 per
1404 1901 1539 1932 verbum
1550 1925 1559 1939 ,
1575 1902 1661 1940 patet
1677 1899 1762 1939 quod
1777 1899 1875 1931 verbo

1103 1956 1214 1987 collata
1229 1957 1275 1986 est
1289 1955 1401 1986 virtus.

1145 2008 1267 2047 Contra,
1282 2017 1338 2048 per
1362 2007 1602 2046 Augustinum,
1620 2005 1658 2036 de
1684 2004 1793 2036 Verbis
1814 2005 1877 2037 Do-

1105 2063 1189 2094 mini
1203 2062 1213 2078 ⁶
1233 2073 1244 2092 .·
1270 2073 1284 2090 a
1311 2060 1398 2091 Sicut
1421 2060 1459 2090 de
1482 2059 1615 2098 Virgine
1642 2067 1698 2097 per
1722 2056 1877 2097 Spiritum

1106 2117 1250 2146 sanctum
1264 2114 1378 2145 Christi
1393 2122 1466 2144 caro
1486 2113 1554 2143 sine
1576 2112 1660 2142 coitu
1682 2113 1817 2149 creatur,
1834 2110 1878 2141 ita

1107 2179 1163 2210 per
1173 2169 1320 2199 eumdem
1329 2177 1369 2199 ex
1380 2166 1556 2198 substantia
1566 2165 1655 2206 panis
1669 2167 1699 2195 et
1712 2164 1783 2196 vini
1794 2163 1878 2196 idem

1108 2232 1222 2262 corpus
1238 2222 1351 2253 Christi
1367 2221 1498 2260 mystice
1513 2221 1724 2250 consecratur.
1740 2229 1754 2247 n
1771 2217 1832 2249 Sed
1845 2217 1880 2248 il-

1108 2276 1163 2306 lud
1179 2276 1213 2305 tit
1230 2275 1332 2305 solum
1346 2274 1463 2304 virtute
1477 2273 1614 2303 increata
1627 2283 1634 2302 ε
1648 2280 1725 2311 ergo
1738 2273 1769 2302 et
1782 2271 1877 2302 istud.

1151 2329 1227 2359 Item
1245 2328 1430 2358 Ambrosius
1446 2330 1475 2357 ⁵:
1498 2339 1512 2355 «
1534 2326 1646 2357 Sermo
1664 2325 1776 2356 Christi
1791 2333 1877 2355 crea-

1110 2384 1215 2412 turam
1238 2383 1363 2412 mutat:
1385 2381 1456 2420 quis
1479 2380 1605 2411 sermo?
1625 2379 1683 2410 Hic
1705 2387 1761 2418 per
1782 2386 1879 2418 quem

1111 2436 1219 2466 omnia
1236 2436 1410 2466 factasunt.
1427 2446 1440 2463 n
1460 2434 1520 2465 Sed
1534 2433 1613 2464 illud
1626 2432 1762 2464 verbum
1776 2433 1822 2462 est
1834 2431 1881 2462 in-

1113 2491 1273 2527 creatum,
1291 2498 1354 2519 non
1371 2490 1514 2519 creatum
1533 2498 1540 2518 :
1556 2495 1651 2526 ergo,
1669 2487 1728 2516 etc.

1113 2570 1240 2631 iffiepxiytur
1254 2571 1320 2601 apud
1333 2569 1509 2601 Augustinum.
1521 2581 1550 2587 —
1563 2567 1708 2597 ‘Anibi-os„
1721 2564 1750 2590 de
1759 2565 1882 2598 Sacram„

1152 2624 1158 2630 .
1208 2623 1216 2635 ‚
1227 2613 1250 2631 c.
1263 2611 1298 2631 ιν.

1879 483 1912 504 Ad
1927 488 1979 509 opp.

1890 2021 1996 2042 Fundam.
