2017 2948
34 509 136 530 Fundam.

535 167 630 198 DIST.
656 168 748 199 XVII.
775 169 887 200 PART.
914 169 964 200 III.
990 169 1078 200 ΛΒΤ.
1106 170 1127 199 l.
1153 170 1304 206 QUAEST.
1333 171 1367 201 ll.

417 296 595 333 QUAESTlo
618 297 656 327 II.

154 377 194 403 An
207 378 284 404 semel
299 378 328 404 in
342 385 411 404 anno
422 377 533 411 quilibet
548 379 666 404 teneatur
677 378 798 411 confiteri
811 379 922 412 proprio

459 421 592 447 sacerdoti·
604 421 621 446 ¹.

193 498 305 529 Utrum
329 501 437 529 contra
459 500 654 529 voluntatem
676 501 794 540 proprii
818 510 921 531 sacer-

151 551 231 582 dotis
246 551 336 581 liceat
350 552 490 582 confiteri
501 551 552 581 alii
567 552 750 590 discretiori,
766 562 806 583 an
815 555 919 583 tenea-

150 605 204 634 tur
218 604 359 634 confiteri
383 604 510 643 proprio
527 605 695 641 sacerdoti3
720 607 750 635 et
765 606 850 645 quod
874 609 921 636 te-

147 658 262 687 neatur
276 657 304 687 ei
320 657 471 694 confiteri,
484 657 661 688 ostenditur
672 659 774 697 primo
785 659 920 689 auctori-

148 712 211 741 tate
226 719 323 741 sacrae
339 710 512 750 Scripturae
524 714 535 729 ²
550 722 556 741 :
576 711 750 750 Dllissenter
772 720 920 752 coqtzosce

147 763 268 795 vultum
279 764 417 802 peccoris
438 764 497 795 tui.
516 763 549 793 Si
569 772 648 802 ergo
667 764 777 794 vultus
796 766 920 804 pecoris

146 818 192 846 est
211 816 419 853 conscientia,
438 818 468 846 et
490 815 599 845 nullus
619 818 720 855 potest
744 817 823 847 scire
843 818 918 848 vul-

144 869 230 905 tum,
260 868 328 898 sive
358 869 598 906 conscientiam,
630 869 691 898 nisi
714 878 769 908 per
795 870 916 900 contes-

144 921 283 958 sionem3
299 930 378 960 ergo
405 922 431 951 si
458 925 655 962 praeceptum
681 925 727 952 est
751 923 914 961 sacerdoti,

143 974 196 1013 qui
210 974 306 1004 habet
320 983 430 1004 curam
441 975 567 1013 animae,
581 975 660 1005 scire
675 975 914 1013 conscientiam,

143 1027 287 1058 subditus
299 1028 327 1058 ei
344 1030 466 1058 tenetur
478 1029 631 1059 confiteri.

182 1083 211 1111 2.
230 1080 307 1111 Item
324 1081 492 1113 ³:0bedz'te
511 1081 696 1122 praepositis
718 1082 833 1113 vestris
858 1090 917 1121 per

142 1135 250 1166 omnia
262 1137 322 1172 (ci):
337 1136 404 1174 ipsi
411 1136 695 1175 enimperviqilant
707 1137 802 1175 quasi
814 1137 913 1167 ratio-

140 1196 211 1219 nem
225 1188 388 1221 reddituri
408 1197 465 1228 pro
487 1189 656 1220 animabus
676 1190 790 1221 vestris
806 1198 816 1219 .·
837 1199 914 1228 ergo

140 1241 166 1272 si
180 1242 322 1272 sacerdos
336 1243 391 1282 qui
403 1242 496 1272 habet
507 1251 627 1280 curam,
645 1245 770 1273 tenetur
784 1243 914 1274 reddere

139 1295 294 1325 rationem
323 1295 361 1325 de
390 1295 497 1325 anima
520 1295 656 1330 subditi,
674 1295 799 1326 videtur
826 1296 912 1335 quod

139 1348 284 1379 subditus
304 1350 450 1378 teneatur
464 1348 491 1379 ei
508 1350 624 1378 statum
637 1357 734 1379 suum
760 1348 911 1379 indicare.

179 1403 209 1432 3.
229 1402 306 1432 Item
328 1402 387 1432 hoc
402 1402 507 1441 ipsum
527 1402 703 1432 ostenditur
727 1402 913 1432 auctoritate

139 1454 271 1485 Canonis
280 1455 453 1485 Innocentii
466 1455 499 1484 in
508 1454 640 1484 concilio
649 1455 808 1493 generali:
822 1455 913 1485 «Om-

138 1507 186 1538 nis
201 1507 368 1546 utriusque
383 1516 478 1537 sexus
494 1507 606 1544 fidelis,
620 1516 659 1537 ex
676 1516 740 1546 quo
756 1508 794 1537 ad
811 1516 911 1538 annos

137 1560 334 1590 discretionis
358 1561 558 1600 pervenerit,
582 1561 690 1590 omnia
712 1570 770 1590 sua
785 1563 912 1599 peccata

138 1613 222 1644 solus
243 1614 429 1644 confiteatur
453 1613 580 1652 proprio
605 1614 799 1643 sacerdoti.»
819 1613 856 1644 Et
878 1614 911 1644 in

138 1667 249 1696 eadem
265 1666 411 1696 decretali
424 1676 430 1695 ε
453 1677 467 1693 «
482 1665 515 1695 Si
531 1665 602 1705 quis
611 1674 651 1695 ex
663 1675 757 1695 cansa
771 1666 911 1696 voluerit

139 1719 191 1750 alii
207 1719 360 1756 confiteri,
386 1719 475 1758 prius
495 1718 651 1748 licentiam
668 1721 770 1757 petat,
783 1721 814 1748 et
829 1719 909 1749 obti-

138 1775 211 1803 neat
223 1782 242 1803 a
258 1772 385 1811 proprio
401 1771 570 1801 sacerdote.
590 1782 604 1798 ι)
627 1770 660 1801 Si
674 1780 752 1809 ergo
767 1772 910 1802 sacerdos

139 1834 204 1855 non
220 1825 271 1855 det
286 1825 459 1862 licentiam,
478 1825 603 1854 videtur
616 1825 698 1864 quod
715 1825 801 1855 nullo
816 1825 910 1856 modo

140 1878 236 1918 possit
251 1878 391 1908 confiteri
408 1877 471 1907 alii.

180 1934 209 1961 4.
238 1930 326 1968 Item,
346 1930 439 1970 (apud
462 1930 612 1969 Gratiau.)
639 1930 677 1961 de
705 1931 908 1969 Poenitentia,

140 1983 211 2013 dist.
242 1992 285 2020 Vl,
316 1982 461 2013 Urbanus
487 1983 662 2013 secundus:
689 1995 703 2012 (ι
727 1983 847 2013 Placuit
876 1986 911 2013 ut

139 2035 218 2067 nulli
235 2036 382 2075 deinceps
398 2036 596 2065 sacerdotum
618 2036 709 2066 liceat
735 2036 909 2076 quemlihet

139 2087 342 2117 commissum
355 2087 408 2116 alii
420 2087 570 2117 sacerdoti
587 2087 746 2126 suscipere
757 2088 795 2118 ad
810 2089 910 2127 poeni-

138 2140 267 2170 tentiam
279 2140 346 2170 sine
357 2141 425 2178 eius
440 2149 605 2178 consensu,
617 2141 667 2171 cui
680 2142 768 2180 prius
783 2151 815 2172 se
827 2151 910 2172 rom-

138 2193 233 2223 misit.
252 2203 266 2220 »
287 2193 373 2232 Ergo
388 2192 515 2223 videtur
543 2194 627 2232 quod
647 2203 712 2224 non
728 2195 817 2225 liccat
832 2204 909 2225 con—

138 2244 230 2280 fiteri,
246 2243 307 2273 nisi
317 2243 446 2283 proprio
461 2243 624 2274 sacerdoti.

178 2298 208 2326 5.
238 2295 315 2326 Item
343 2295 463 2326 ratione
491 2296 628 2332 videtur,
658 2297 733 2336 quia
747 2300 907 2329 confessus

138 2348 204 2386 alii,
218 2350 274 2379 aut
287 2350 411 2378 tenetur
427 2349 543 2379 iterum
560 2350 716 2387 confiteri,
737 2353 792 2381 aut
816 2362 879 2382 non
900 2364 906 2383 :

138 2399 164 2430 si
195 2399 250 2435 sic,
267 2407 347 2437 ergo
367 2399 486 2429 nullius
505 2400 563 2430 suit
582 2400 699 2431 valoris
721 2401 809 2440 prior
831 2412 906 2433 con-

173 2481 178 2496 ¹
194 2479 233 2509 Cf.
248 2479 318 2502 Alex.
333 2478 408 2502 Alcns
420 2496 427 2508 ,
444 2486 468 2508 p.
485 2479 525 2508 IV,
539 2486 564 2509 q.
579 2485 652 2509 Χηυ,
664 2481 770 2505 membr.
789 2484 807 2506 ¹».
822 2485 869 2506 ari.
884 2485 907 2512 3,

138 2515 195 2545 εἰη
217 2516 242 2538 S.
262 2514 363 2542 'l‘h0m.‚
384 2514 407 2536 iu
429 2514 516 2544 Suppl.
542 2521 565 2544 [ι.
588 2515 630 2545 ΙΙΙ,
656 2522 680 2546 q.
704 2522 740 2545 Vi,
766 2519 813 2541 nrt.
832 2519 859 2547 5;
883 2520 908 2542 et

139 2549 171 2573 IV
192 2550 271 2579 Seni,
295 2550 350 2573 dist.
375 2555 441 2577 nu,
468 2556 492 2579 q.
519 2555 560 2577 ιιι,
581 2552 628 2573 art.
655 2553 675 2580 l,
700 2558 725 2582 q.
753 2557 791 2582 1v;
815 2553 905 2577 Tuom.

139 2587 258 2615 Argent.‚
278 2585 308 2608 IV
326 2586 404 2613 sent„
419 2584 475 2608 dist.
492 2590 556 2614 xvu,
576 2592 600 2616 q.
622 2591 651 2616 ιι,
665 2588 711 2610 art.
729 2589 758 2617 43
775 2588 861 2612 Petrus
876 2589 906 2612 de

137 2620 248 2650 Terent,
265 2621 295 2643 IV
310 2620 389 2650 Sene„
403 2619 460 2644 dist.
474 2625 540 2650 xvu,
550 2626 574 2651 q.
590 2626 695 2646 xxix.—
706 2623 716 2639 ⁸
726 2623 808 2654 Pron„
823 2630 906 2653 xxvn,

1690 173 1746 202 697

977 236 1081 274 fessio,
1104 236 1171 268 sive
1194 236 1350 268 absolutio
1370 246 1379 268 ε
1399 247 1474 269 vere
1502 239 1587 269 enim
1618 238 1745 269 absolu-

978 291 1029 319 tus
1050 289 1088 320 de
1103 289 1209 329 aliquo
1223 314 1230 327 ‚
1245 299 1309 320 non
1335 292 1461 322 tenetur
1483 292 1598 322 iterum
1625 292 1745 322 absolvi

978 341 1015 372 de
1036 342 1145 372 eodem
1170 343 1204 372 in
1229 343 1339 373 eodem
1364 344 1446 380 soro;
1470 344 1495 373 si
1520 353 1583 375 non
1606 346 1744 382 tenetur,

978 403 1056 432 ergo
1081 395 1205 425 videtur
1224 396 1308 435 quod
1333 396 1374 426 sit
1397 399 1562 436 exemptus
1582 407 1601 428 a
1619 398 1746 437 proprio

977 448 1136 478 sacerdote
1153 459 1159 478 :
1176 449 1229 479 sed
1243 449 1351 479 nullus
1366 450 1528 486 eximitur,
1547 450 1606 480 nisi
1630 451 1746 481 habeat

977 500 1205 539 privilegium:
1224 511 1302 541 ergo
1317 502 1426 532 nullus
1446 504 1549 541 potest
1573 503 1663 533 alteri
1674 513 1747 533 con—

975 553 1075 590 fiteri,
1091 554 1151 583 nisi
1172 554 1379 594 privilegium
1393 555 1506 586 habeat
1522 555 1599 594 ipse,
1617 555 1667 586 vel
1684 557 1744 586 nisi

976 606 1118 636 sacerdos
1133 606 1279 637 licentiet.

1015 660 1044 688 6.
1063 658 1139 688 Item
1156 659 1287 698 quilibet
1302 660 1401 690 fidelis
1414 663 1537 691 tenetur
1548 664 1745 692 sacramenta

975 712 1134 750 percipere
1156 722 1174 742 a
1187 713 1315 751 proprio
1336 713 1495 743 sacerdote
1516 724 1522 743 t
1542 723 1621 752 ergo
1644 723 1746 745 sacra-

974 767 1119 795 mentum
1134 766 1357 797 Eucharistiae:
1371 766 1424 797 sed
1440 767 1591 797 consessio
1606 769 1652 797 est
1668 777 1745 806 prae-

975 819 1096 856 paratio
1112 820 1150 850 ad
1172 820 1249 850 illud
1264 823 1499 851 sacramentum
1518 832 1524 851 :
1542 830 1621 859 ergo
1637 822 1681 851 illi
1698 824 1742 852 te-

973 873 1067 900 netur
1082 873 1233 908 confiteri,
1252 883 1270 903 a
1285 883 1348 913 quo
1369 875 1604 904 sacramentum
1620 877 1745 905 tenetur

973 924 1130 963 suscipere
1156 936 1161 954 :
1186 926 1239 955 sed
1266 926 1317 955 liic
1337 928 1384 956 est
1403 927 1547 957 sacerdos
1567 928 1713 966 proprius
1735 938 1741 957 ι

973 985 1050 1014 ergo
1074 980 1367 1016 quantumcumque
1392 979 1578 1008 confiteatur
1603 979 1674 1015 alii,
1697 981 1744 1009 te-

971 1031 1067 1059 netur
1080 1031 1223 1060 confiteri
1238 1031 1365 1070 proprio
1381 1032 1544 1062 sacerdoti.

1012 1082 1126 1113 Contra
1147 1094 1152 1113 :
1175 1087 1202 1114 1.
1229 1083 1287 1114 Per
1301 1084 1521 1122 Augustinum
1537 1085 1546 1101 ⁴
1561 1085 1594 1115 in
1608 1085 1689 1116 libro
1704 1086 1743 1117 de

972 1134 1164 1167 Poenz'tentia
1188 1148 1194 1166 ;
1228 1148 1241 1164 α
1266 1137 1325 1173 Qui
1348 1137 1418 1167 vult
1440 1140 1565 1176 peccata
1586 1139 1739 1176 confiterI,

970 1191 1094 1227 quaerat
1119 1190 1313 1220 sacerdotem
1327 1190 1475 1220 scientem
1501 1191 1601 1229 ligare
1625 1194 1655 1221 et
1678 1192 1739 1222 sol-

970 1249 1054 1278 vere,
1072 1250 1111 1271 ne
1130 1243 1223 1272 ambo
1239 1243 1272 1272 in
1293 1243 1416 1273 foveam
1441 1243 1563 1273 cadant..
1582 1254 1595 1271 ›)
1615 1243 1700 1282 Ergo
1716 1245 1740 1274 si

970 1293 1010 1323 sit
1027 1294 1172 1325 sacerdos
1186 1296 1335 1335 proprius
1351 1296 1495 1335 simplex,
1512 1296 1640 1327 videtur
1655 1297 1738 1336 quod

968 1347 1066 1386 possit
1081 1347 1133 1377 alii
1149 1348 1291 1378 confiteri
1307 1358 1364 1388 pro
1379 1351 1465 1379 voto.

1008 1401 1037 1429 Ξ.
1055 1399 1144 1436 Item,
1165 1401 1245 1431 sicut
1269 1401 1343 1431 dicit
1366 1400 1546 1431 Bcrnardus
1560 1402 1569 1419 ¹
1586 1412 1592 1431 ε
1614 1414 1628 1431 «
1649 1402 1739 1439 Quod

968 1460 1008 1481 ex
1024 1452 1175 1483 charitate
1190 1453 1369 1484 institutum
1386 1456 1451 1491 est,
1469 1456 1579 1485 contra
1600 1455 1738 1486 charita-

968 1506 1031 1534 tem
1046 1514 1108 1535 non
1121 1505 1211 1536 debet
1221 1507 1372 1537 militare:
1385 1518 1399 1535 »
1414 1516 1492 1545 ergo
1501 1507 1645 1538 similiter
1655 1509 1740 1548 quod

967 1556 1147 1588 institutum
1159 1561 1205 1589 est
1219 1559 1251 1588 in
1266 1559 1461 1597 remedium,
1478 1569 1542 1590 non
1557 1561 1648 1590 dehet
1661 1570 1739 1591 con—

967 1611 1016 1640 tra
1031 1611 1208 1641 remedium
1226 1612 1380 1642 militare:
1398 1612 1498 1651 igitur
1513 1615 1579 1643 esto
1592 1614 1675 1652 quod
1695 1623 1741 1644 sa—

968 1663 1075 1693 cerdos
1085 1664 1229 1693 sollicitet
1243 1665 1422 1702 mulierem,
1440 1665 1466 1695 si
1489 1665 1555 1704 ipsa
1571 1667 1740 1697 confitetur

968 1716 994 1745 ei
1011 1718 1173 1754 peccatum
1189 1725 1284 1746 suum
1296 1740 1304 1754 ,
1321 1719 1368 1747 est
1387 1718 1420 1747 iu
1439 1718 1578 1756 periculo
1596 1730 1602 1749 ι
1621 1728 1699 1757 ergo
1713 1720 1740 1749 si

968 1777 1030 1798 non
1046 1770 1173 1798 tenetur
1188 1769 1329 1808 periculo
1342 1779 1374 1800 se
1388 1770 1597 1809 committere,
1613 1780 1677 1801 non
1694 1774 1737 1801 te-

968 1824 1062 1852 netur
1073 1822 1101 1852 ei
1117 1823 1270 1853 confiteri.

1008 1877 1036 1905 3.
1061 1875 1137 1905 Item
1152 1876 1360 1914 privilegium
1376 1877 1485 1907 datum
1505 1880 1551 1907 est
1566 1878 1739 1917 praedicau-

966 1928 1062 1966 tibus,
1072 1929 1157 1968 quod
1173 1931 1303 1968 possunt
1314 1930 1424 1960 audire
1437 1931 1646 1961 consessiones
1660 1942 1666 1961 τ
1684 1932 1737 1962 sed

967 1982 1020 2021 qui
1036 1982 1178 2012 concedit
1193 1982 1380 2022 principale,
1398 1984 1539 2013 concedit
1553 1986 1584 2013 et
1597 1993 1738 2015 accesso-

967 2034 1051 2064 rium
1069 2045 1075 2064 :
1093 2043 1171 2073 ergo
1186 2035 1210 2064 si
1228 2035 1375 2065 dominus
1399 2035 1485 2075 Papa
1506 2037 1657 2066 concessit
1680 2046 1735 2076 po-

966 2089 1110 2117 testatem
1127 2088 1322 2126 absolvendi,
1335 2098 1412 2128 ergo
1428 2091 1459 2119 et
1473 2091 1659 2128 potestatem
1670 2099 1738 2129 pec-

966 2140 1124 2170 catoribus
1139 2140 1250 2170 tribuit
1268 2150 1322 2171 eos
1348 2142 1485 2172 adeundi
1504 2152 1512 2172 :
1528 2151 1606 2181 ergo
1628 2145 1737 2173 contra

966 2192 1161 2223 voluntatem
1177 2194 1345 2224 sacerdotis
1360 2196 1492 2234 possunt
1507 2204 1559 2225 eos
1569 2195 1668 2226 adire.

1006 2247 1035 2275 4.
1052 2245 1129 2275 Item
1144 2248 1279 2284 potestas
1290 2247 1519 2286 jurisdictionis
1536 2248 1694 2278 descendit
1718 2259 1736 2279 a

966 2298 1182 2337 superioribus
1194 2299 1233 2329 ad
1247 2299 1428 2330 inferiores:
1440 2309 1519 2338 ergo
1535 2300 1561 2330 si
1575 2301 1735 2340 aliquibus

965 2351 1017 2381 dat
1031 2351 1195 2391 episcopus
1210 2352 1429 2383 auctoritatem
1443 2363 1534 2384 suam
1544 2378 1551 2391 ‚
1567 2363 1638 2384 cum
1655 2354 1733 2385 infe-

965 2403 1029 2434 rior
1042 2413 1106 2434 non
1121 2405 1219 2444 possit
1233 2414 1328 2445 supra
1342 2406 1549 2445 superiorem,
1565 2407 1618 2437 sed
1630 2416 1647 2437 e
1658 2416 1734 2438 con-

965 2502 1002 2524 23.
1015 2514 1040 2517 —
1057 2500 1066 2517 ³
1078 2501 1162 2530 Melan,
1179 2507 1235 2531 xm,
1255 2502 1290 2525 17.
1305 2514 1336 2519 —
1352 2501 1359 2516 ’-
1373 2502 1426 2525 {mo
1441 2504 1529 2526 auctor
1543 2502 1586 2526 lili.
1601 2503 1630 2527 tle
1645 2511 1694 2527 uer.
1710 2505 1733 2527 el

964 2536 1128 2566 lulsquzmt„
1141 2544 1154 2560 c
1176 2543 1201 2567 x,
1213 2539 1238 2560 et
1250 2536 1357 2560 habetur
1378 2537 1443 2568 apud
1462 2538 1573 2562 Gratiam.
1592 2538 1621 2561 tle
1636 2539 1732 2569 Poenit„

964 2571 1020 2595 dist.
1037 2577 1070 2600 Vl,
1089 2579 1109 2596 c.
1127 2578 1143 2596 Ι.
1157 2585 1187 2589 -
1202 2572 1213 2589 ⁸
1223 2573 1308 2602 Bern.,
1323 2572 1352 2595 de
1368 2573 1492 2603 Dispens„
1506 2576 1562 2603 post
1578 2574 1686 2598 initium.

964 2625 997 2655 (α)
1015 2625 1088 2656 Vulg.
1102 2632 1154 2649 non
1167 2625 1244 2649 habet
1256 2632 1301 2655 per
1315 2626 1407 2649 omnia.

1763 1105 1791 1124 {d
1811 1112 1861 1131 opp.
