2017 2948
14 483 47 503 Ad
56 488 106 508 opp.

585 192 681 224 DIST.
704 188 834 221 XXXVI.
858 186 948 218 ART.
974 186 996 218 I.
1020 182 1171 221 QUAEST.
1192 181 1243 212 lv.

377 310 552 350 QUAESTIO
575 307 626 339 IV.

217 404 262 430 An
276 404 306 429 in
325 403 402 429 vitiis
417 403 442 427 et
456 400 573 435 peccatis
588 398 622 424 sit
636 395 761 423 connexio
776 393 795 420 ¹.

163 482 276 513 Utrum
295 481 334 511 sit
354 479 509 511 connexio
530 478 562 508 in
582 476 668 507 vitiis
689 476 720 505 et
738 472 889 513 peccatis;

123 537 153 566 et
164 535 248 574 quod
263 534 319 569 sic,
331 533 457 563 videtur
471 533 499 561 1.
512 532 521 547 ‘²
536 542 542 561 2
555 530 615 565 Qui
623 530 659 560 in
670 535 732 558 uno
744 533 890 565 peccave-

122 590 179 626 rit,
196 587 295 618 multa
308 585 418 626 perdet
441 585 532 616 bona.
554 582 613 613 Sed
630 582 690 611 hoc
711 588 777 610 non
800 579 890 614 esset,

122 641 182 672 nisi
197 640 289 680 plura
307 639 391 669 mala
410 636 696 668 concomitarentur
711 640 811 662 unum
827 639 892 660 ma-

122 694 190 724 lum
214 693 447 732 perpetratum:
473 698 549 729 ergo
574 688 699 718 videtur
723 685 807 725 quod
831 693 891 714 ne-

123 745 295 777 cessarium
323 744 362 774 sit
385 752 524 782 ponnere
549 740 779 772 connexionem
802 737 894 768 vitio-

124 807 208 829 rum.
326 826 328 828 ,

162 853 192 880 2.
206 849 283 880 Item
299 849 328 879 ³:
347 849 409 886 Qui
429 849 465 879 in
480 855 542 878 uno
560 845 708 886 offendit,
727 845 831 882 factus
848 845 893 874 esc

124 904 265 936 omnium
284 910 368 933 reus.
387 901 447 932 Sed
465 909 559 931 nemo
571 899 732 938 judicatur
747 897 892 927 omnium

124 957 346 988 mandatorum
359 956 541 986 divinorum
555 962 638 990 reus,
649 952 708 982 nisi
719 951 773 990 qui
786 952 893 990 peccat

123 1012 232 1040 contra
259 1009 366 1039 omnia
393 1008 541 1038 mandata
565 1016 571 1036 :
600 1014 678 1044 ergo
703 1004 757 1044 qui
788 1005 894 1043 peccat

124 1065 232 1093 contra
246 1071 359 1099 unum,
376 1063 482 1101 peccat
495 1062 604 1090 contra
619 1060 732 1088 caetera
747 1068 754 1087 z
768 1057 894 1087 videtur

123 1124 201 1154 ergo
216 1115 300 1154 quod
315 1114 391 1145 vitia
404 1114 466 1144 sint
480 1122 632 1143 connexa.

163 1172 192 1199 3.
212 1168 300 1205 Item,
320 1168 399 1198 sicut
419 1166 534 1197 vitium
556 1174 620 1195 non
639 1164 808 1204 expellitur
832 1163 893 1193 nisi

124 1230 179 1260 per
189 1220 456 1251 introductionem
466 1218 593 1248 virtutis
604 1217 662 1246 sibi
674 1215 837 1256 oppositae,
851 1215 893 1245 sic

124 1283 183 1304 nec
197 1273 299 1304 virtus
311 1273 372 1303 nisi
382 1281 438 1312 per
449 1271 715 1301 introductionem
728 1269 797 1300 vitii
817 1280 823 1298 z
841 1268 894 1298 sed

123 1336 196 1356 cum
210 1326 282 1366 quis
293 1325 460 1356 committit
472 1333 575 1355 unum
584 1326 759 1363 peccatum,
771 1324 893 1352 caeterae

124 1379 256 1409 virtutes
272 1378 464 1408 amittuntur
482 1387 489 1408 ι
511 1385 588 1415 ergo
605 1385 678 1406 curn
698 1376 768 1415 quis
790 1383 893 1405 unum

124 1434 287 1471 peccatum
303 1422 482 1468 committit,
495 1432 608 1460 caetera
620 1431 746 1469 peccata
754 1428 895 1458 introdu-

124 1489 242 1515 cuntur
266 1496 272 1515 z
301 1493 378 1523 ergo
404 1484 483 1514 sicut
505 1486 551 1513 est
573 1482 728 1513 connexio
751 1491 789 1511 ex
806 1483 894 1520 parte

124 1539 293 1576 virtutum,
304 1538 347 1568 ita
361 1537 488 1567 videtur
501 1545 568 1567 esse
584 1535 739 1566 connexio
753 1543 792 1565 ex
806 1537 894 1574 parte

125 1591 288 1622 vitiorum.

166 1646 194 1674 4.
213 1643 301 1680 Item,
314 1643 394 1673 sicut
404 1652 459 1682 per
472 1642 662 1672 infusionem
675 1641 788 1680 gratiae
798 1641 895 1672 unius

125 1699 190 1728 tola
205 1697 312 1735 imago
328 1697 533 1733 reformatur,
550 1695 592 1725 sic
611 1704 667 1734 per
688 1695 893 1734 perpetratio-

126 1759 199 1780 nem
218 1750 315 1780 unius
329 1749 447 1788 peccati
466 1750 531 1779 tota
546 1748 653 1786 imago
676 1748 870 1778 deformatur
887 1759 893 1778 ι

125 1803 178 1833 sed
202 1803 240 1833 ad
264 1802 523 1833 reformationem
544 1801 695 1840 imaginis
720 1801 895 1831 secundum

126 1858 227 1886 totum
241 1855 417 1886 necessario
431 1854 605 1893 requiritur
619 1853 809 1884 universitas
829 1853 893 1884 vir-

127 1911 231 1938 tutum
248 1920 253 1938 z
271 1917 348 1947 ergo
364 1907 507 1938 similiter
522 1907 559 1937 ad
573 1907 833 1937 deformationem
848 1908 896 1937 to-

126 1962 189 1992 tius
218 1961 370 2000 imaginis
399 1960 557 1991 concurrit
585 1959 776 1989 universitas
802 1959 896 1989 vitio-

127 2024 200 2045 rum
216 2025 221 2045 :
238 2023 315 2053 ergo
338 2014 417 2044 sicut
432 2014 587 2052 gratiam,
606 2012 780 2051 imaginem
796 2013 896 2043 refor-

126 2070 277 2104 mantem,
294 2068 533 2106 consequuntur
558 2075 667 2096 omnes
689 2065 833 2103 virtutes,
852 2066 897 2096 sic

125 2121 268 2160 culpam,
296 2130 368 2160 quae
392 2119 566 2158 imaginem
590 2119 762 2155 deformat,
791 2128 897 2150 couse-

125 2175 269 2213 quuntur
287 2173 394 2203 omnia
412 2172 500 2202 vitia.

166 2229 194 2256 5.
210 2226 299 2263 Item,
316 2226 396 2256 sicut
415 2225 611 2264 originaliter
630 2234 741 2256 omnes
762 2225 895 2256 virtutes

126 2281 299 2310 nascuntur
323 2288 342 2309 a
360 2279 473 2317 gratia,
491 2280 521 2309 et
539 2279 738 2318 imperantur
756 2289 774 2309 a
789 2279 895 2310 chari-

127 2334 206 2369 tate;
221 2332 264 2362 sic
280 2331 386 2361 omnia
400 2331 478 2361 vitia
495 2333 671 2361 nascuntur
687 2341 705 2361 a
728 2333 896 2372 concupis-

127 2385 238 2422 centia,
264 2386 295 2415 et
317 2385 512 2423 imperantur
534 2394 552 2414 a
574 2385 739 2424 superbia,
762 2395 835 2425 quae
850 2388 896 2417 est

127 2438 273 2469 omnium
286 2437 439 2468 vitiorum
457 2437 568 2476 regina
589 2446 687 2476 :ergo
707 2437 789 2468 sicut
802 2438 896 2478 poni-

128 2493 180 2521 tur
194 2490 348 2522 connexio
363 2490 395 2520 in
411 2489 584 2521 virtutibus
598 2493 725 2532 propter
740 2491 894 2523 unitatem

152 2622 155 2625 Ι
170 2587 177 2602 ¹
192 2586 232 2615 Cf.
249 2586 274 2610 S.
289 2586 390 2615 Thom„
407 2585 438 2608 111
454 2585 532 2615 Sena,
550 2585 607 2608 dist.
624 2591 738 2617 xxxv1‚q.
753 2593 779 2617 1,
801 2590 846 2611 art.
861 2590 894 2619 55

129 2621 279 2660 aichardus,
291 2622 320 2645 111
336 2622 414 2651 Sent.‚
431 2621 488 2645 dist.
504 2627 598 2650 xxxvi,
612 2628 637 2652 q.
656 2627 699 2651 1v;
714 2622 804 2646 Thom.
825 2625 895 2655 Arg,

130 2657 162 2680 lll
171 2657 441 2688 Sent.‚dist.xxxv1‚q.
450 2663 468 2687 ι,
476 2658 523 2681 art.
532 2656 653 2688 4;Steph.
664 2657 767 2688 Brulef„
775 2659 807 2682 111
816 2660 895 2688 Sene„

1660 175 1715 204 139

946 251 1082 291 originis
1096 251 1127 280 et
1141 247 1265 285 radicis,
1277 245 1320 276 sic
1329 245 1456 276 videtur
1471 242 1615 273 similiter
1628 240 1714 280 quod

946 305 1021 345 poni
1046 303 1156 334 debeat
1188 310 1227 331 ex
1258 301 1346 339 parte
1365 297 1515 328 vitiorum
1526 319 1533 333 ,
1563 294 1714 334 quoniam

947 357 1139 395 ubicumque
1163 353 1320 393 reperitur
1339 351 1408 382 talis
1428 358 1533 385 causa,
1557 348 1599 378 ibi
1623 348 1713 378 debet

947 409 1079 450 reperiri
1094 408 1164 438 talis
1178 406 1317 437 effectus,

987 466 1016 494 6.
1035 463 1112 493 Item
1127 461 1230 491 virtus
1244 461 1274 489 et
1284 458 1397 488 vitium
1410 457 1484 486 sunt
1499 453 1640 494 opposita
1654 453 1711 482 im-

948 517 1081 547 mediate
1104 515 1185 545 circa
1206 521 1300 543 suum
1321 508 1520 549 susceptibile
1547 518 1553 537 :
1578 516 1641 536 nou
1665 508 1711 535 est

947 570 1032 599 enim
1049 569 1122 599 dare
1138 566 1290 602 medium,
1307 564 1383 603 quia
1397 564 1452 592 aut
1478 562 1573 591 homo
1595 561 1640 588 est
1659 558 1711 588 Dei

948 623 1079 659 amicus,
1096 623 1151 651 aut
1170 619 1223 649 Dei
1247 618 1412 648 inimicus:
1434 624 1512 653 ergo
1532 621 1604 643 cum
1628 612 1716 642 abest

948 675 1062 712 virtus,
1083 682 1209 704 necesse
1224 675 1270 702 est
1285 672 1385 701 inesse
1400 669 1515 699 vitium
1537 666 1597 696 sibi
1617 673 1698 704 oppo
1709 681 1716 686 -

948 729 1043 758 situm
1061 739 1067 757 z
1091 727 1144 757 sed
1163 734 1236 756 cum
1253 724 1356 754 virtus
1371 723 1469 757 abest,
1494 718 1716 750 universaliter

949 782 1035 811 abest
1053 792 1059 811 :
1077 789 1154 818 ergo
1172 787 1245 809 cum
1260 777 1375 808 vitium
1392 775 1483 812 inest,
1494 771 1716 803 universaliter

948 834 1028 864 inest
1053 845 1059 863 ε
1084 842 1163 871 ergo
1184 833 1214 861 et
1234 830 1310 860 vitia
1333 827 1563 859 connexionem
1587 825 1714 855 habent.

949 887 1030 917 sicut
1044 888 1074 917 et
1086 886 1219 915 virtutes
1235 882 1397 922 gratuitae.

990 939 1048 970 Sed
1071 940 1181 969 contra
1202 948 1209 966 t
1232 935 1416 966 Secundum
1437 932 1651 963 diversitatem
1665 931 1714 960 vi—

949 993 1068 1023 tiorum
1083 993 1129 1021 est
1144 990 1309 1020 diversitas
1320 995 1490 1028 poenarum
1508 995 1515 1015 :
1532 993 1611 1022 ergo
1631 984 1656 1013 si
1669 993 1718 1013 es-

950 1049 995 1077 set
1010 1044 1163 1076 connexio
1177 1044 1210 1073 in
1225 1042 1325 1079 vitiis,
1343 1043 1379 1071 ut
1394 1039 1449 1079 qui
1462 1039 1592 1068 haberet
1616 1045 1717 1066 unum

949 1100 1079 1136 vitium,
1109 1098 1239 1127 haberet
1264 1095 1386 1132 omnia,
1415 1096 1491 1123 tunc
1513 1091 1567 1131 qui
1591 1091 1720 1120 haberet

949 1161 1052 1183 unum
1064 1153 1239 1191 peccatum,
1252 1149 1420 1179 sustineret
1430 1155 1557 1177 omnem
1572 1153 1698 1184 poenam
1710 1154 1716 1172 :

950 1205 1035 1245 quod
1063 1204 1225 1235 manifeste
1247 1204 1293 1233 est
1318 1203 1426 1232 contra
1454 1200 1595 1230 divinam
1618 1197 1716 1237 justi-

950 1259 1038 1289 tiam.

991 1311 1068 1341 [tem
1082 1310 1159 1341 vitia
1169 1311 1199 1340 et
1208 1310 1332 1348 peccata
1345 1308 1419 1337 sunt
1432 1306 1471 1336 ab
1483 1314 1577 1345 opere
1589 1307 1695 1335 nostro
1711 1316 1717 1335 :

949 1364 1002 1395 sed
1017 1373 1082 1394 non
1101 1365 1146 1394 est
1169 1361 1324 1393 connexio
1345 1361 1375 1390 in
1397 1359 1547 1399 operibus
1565 1358 1717 1388 vitiorum

950 1418 1090 1448 exterius
1104 1415 1289 1456 perpetratis
1306 1426 1313 1445 ε
1330 1423 1407 1452 ergo
1426 1422 1484 1442 nec
1507 1412 1661 1442 connexio
1677 1413 1723 1442 est

950 1473 981 1502 in
997 1471 1080 1501 vitiis
1095 1470 1229 1500 interius
1240 1467 1406 1498 derelictis.

990 1525 1068 1555 Item
1083 1523 1189 1553 nullus
1212 1523 1318 1561 peccat
1339 1520 1444 1559 aliquo
1467 1527 1585 1557 genere
1600 1518 1719 1558 peccati

950 1578 1009 1608 nisi
1025 1577 1135 1607 volens
1152 1586 1159 1606 ε
1176 1575 1229 1605 sed
1244 1573 1336 1604 multi
1355 1574 1430 1603 sunt
1443 1572 1498 1611 qui
1515 1571 1718 1602 committunt

950 1630 1075 1670 aliquod
1091 1630 1215 1665 vitium,
1238 1630 1269 1658 et
1291 1629 1398 1657 tamen
1420 1626 1549 1655 omnino
1567 1625 1719 1655 detestan-

950 1686 1002 1713 tur
1021 1683 1149 1722 aliquod
1165 1681 1282 1721 peccati
1303 1688 1416 1719 genuS,
1434 1678 1515 1708 sicut
1537 1677 1628 1707 multi
1644 1686 1718 1716 pec-

951 1737 1025 1767 catis
1053 1735 1269 1775 spiritualibus
1297 1732 1447 1772 implicati
1469 1731 1600 1761 omnino
1622 1730 1720 1760 detes-

950 1791 1058 1819 tantur
1079 1788 1219 1819 carnalia
1236 1798 1242 1817 :
1268 1795 1345 1825 ergo
1373 1785 1450 1816 vitia
1471 1793 1536 1815 non
1557 1785 1631 1814 sunt
1648 1792 1719 1813 con-

952 1852 1042 1873 nexa.

991 1895 1068 1925 Item
1083 1894 1160 1925 vitia
1178 1894 1217 1924 ad
1239 1893 1376 1923 invicem
1398 1892 1614 1930 opponuntur,
1638 1890 1721 1921 sicut

951 1947 1083 1978 avaritia
1104 1946 1336 1986 prodigalitati,
1354 1947 1384 1975 et
1403 1944 1533 1975 audacia
1552 1943 1719 1983 pusillani-

952 2000 1052 2031 mitati
1068 2009 1074 2030 :
1090 2000 1143 2030 sed
1157 2000 1220 2030 duo
1235 1998 1378 2038 opposita
1398 2007 1461 2027 non
1476 1998 1607 2036 possunt
1622 1996 1717 2026 simul

951 2064 1016 2085 esse
1031 2054 1062 2083 in
1079 2053 1199 2089 eodem,
1212 2055 1270 2083 etc.
1291 2063 1296 2082 :
1315 2060 1392 2090 ergo
1408 2049 1601 2089 impossibile
1617 2051 1663 2079 est
1677 2048 1721 2079 vi-

951 2108 995 2138 tia
1008 2109 1038 2138 et
1055 2108 1180 2146 peccata.
1195 2106 1311 2136 habere
1326 2103 1567 2135 connexionem.

1219 2230 1444 2263 CONCLUSIO.

954 2325 1029 2351 Vitia
1045 2325 1067 2349 et
1081 2324 1201 2357 pecvnia,
1219 2329 1277 2347 eum
1292 2329 1324 2347 exn
1338 2322 1416 2354 parce
1431 2321 1607 2347 conversionis
1623 2320 1722 2346 distin-

986 2370 1112 2402 guantur,
1128 2374 1180 2393 nrm
1192 2368 1254 2392 sunt
1268 2373 1385 2398 simiam,
1399 2366 1459 2391 licet
1472 2372 1504 2391 eqc
1512 2366 1591 2399 parte
1603 2366 1721 2391 aversio-

985 2414 1027 2439 nis
1042 2413 1132 2445 aliquo
1147 2410 1221 2437 modo
1236 2411 1290 2436 sint
1306 2417 1426 2435 anaema.

991 2490 1083 2529 Resp.
1114 2489 1152 2519 ad
1176 2497 1245 2528 arg.
1274 2487 1446 2518 Dicendum
1469 2486 1553 2525 quod
1578 2495 1651 2516 cum
1681 2486 1721 2517 ad

950 2545 1113 2584 peccatum
1126 2542 1189 2573 duo
1204 2542 1403 2578 concurrant,
1419 2539 1566 2571 videlicet
1583 2539 1718 2578 aversio,

950 2624 1006 2648 (list.
1022 2629 1111 2653 xxxvi,
1127 2630 1151 2654 q.
1168 2628 1209 2652 1v3
1227 2622 1289 2646 Gab.
1309 2621 1379 2647 Biel..
1401 2621 1430 2644 111
1453 2620 1531 2649 sent„
1547 2620 1603 2645 dist.
1619 2626 1715 2650 xxxvi,

950 2667 975 2691 q.
993 2666 1009 2687 ι,
1021 2673 1050 2677 -
1064 2660 1073 2675 ²
1088 2658 1189 2688 Eccles„
1205 2664 1241 2687 1x,
1259 2659 1295 2682 18.
1308 2670 1336 2675 -
1348 2657 1358 2674 ⁸
1372 2657 1433 2687 lac„
1452 2662 1480 2687 ιι,
1497 2657 1533 2680 lo.

1736 938 1835 957 Fundam.
