2017 2948
126 562 157 582 Ad
175 568 228 588 opp.

239 108 298 137 638

239 172 289 211 git
312 173 475 212 peccatum
499 181 539 203 110
560 172 639 203 fiat:
664 181 743 212 ergo
766 175 798 204 et
825 173 1009 212 poenitentia

239 227 402 265 peccatum
418 225 548 256 factum.

280 277 378 316 Item,
402 278 484 308 sicut
505 278 598 319 culpa
621 281 667 310 est
691 279 770 310 velle
796 287 942 318 peccare,
967 279 1010 309 ita

239 332 331 372 culpa
349 334 396 362 est
413 332 494 362 velle
513 341 672 372 peccasse:
697 332 750 362 scd
770 332 866 362 homo
886 341 1011 371 semper

239 388 363 416 tenetur
392 386 475 416 nolle
498 395 648 425 peccare:
671 395 749 424 ergo
773 388 803 415 et
829 385 912 416 nolle
938 396 1007 425 pec-

239 449 342 470 casse:
360 440 414 471 sed
433 449 472 470 ex
495 440 553 470 hoc
574 440 658 479 quod
683 448 747 469 non
763 439 833 469 vult
847 448 1009 479 peccasse,

240 496 271 524 et
285 494 437 534 peccavit,
452 496 624 533 generatur
638 493 744 523 dolor.
765 492 862 532 Ergo,
881 496 940 523 etc.

281 547 411 578 Contra:
428 550 522 586 l.per
536 546 777 585 Augustiuum¹
794 557 799 576 :
822 546 964 584 «Doleat,
982 549 1012 577 et

240 600 278 630 de
293 600 399 630 dolore
422 599 573 638 gaudent.
595 612 608 626 υ
634 597 702 629 Non
719 607 798 637 ergo
819 608 944 638 semper
967 602 1012 629 est

240 652 422 690 dolendum,
441 652 693 691 imo·aliquando
711 652 930 691 gaudendum.

279 708 308 736 2.
333 705 411 736 Item
429 706 549 736 ratione
568 705 703 741 videtur,
720 705 795 744 quia
809 705 898 735 dolor
913 707 958 735 051
973 714 1011 735 ex

240 759 408 799 praesentia
440 758 706 789 disconvenientis
730 769 736 787 2
772 759 826 789 sed
857 759 1013 797 contingit

240 814 401 852 peccatum
416 814 559 843 amotum
576 822 642 842 csse
657 813 697 842 ab
713 813 820 842 anima
834 812 1010 842 secundum

240 875 273 896 se
288 868 318 896 et
341 865 517 896 secundum
540 875 634 896 suuni
655 866 822 896 effectum:
847 874 926 904 ergo
948 874 1012 895 non

240 922 286 950 est
302 919 343 949 ibi
358 919 477 958 aliquid
497 919 581 958 quod
603 921 733 958 generet
752 918 892 949 dolorem
911 929 916 948 :
935 927 1012 956 ergo

241 981 305 1003 non
320 981 446 1011 semper
462 975 508 1002 est
527 971 708 1002 dolendum.

283 1030 310 1057 3.
336 1026 414 1056 Item
433 1025 578 1056 contritio
593 1027 639 1055 est
654 1034 745 1064 aeque
764 1025 843 1055 bene
859 1034 931 1064 pars
945 1033 1010 1063 1101-

241 1080 395 1117 nitentiae,
412 1082 447 1109 ut
461 1079 613 1109 confessio
629 1081 658 1109 ct
673 1078 841 1108 satisfactio
857 1089 864 1108 z
881 1077 935 1107 sed
950 1086 1012 1107 non

241 1134 364 1171 oportet
390 1141 514 1171 semper
533 1132 697 1162 confiteri:
719 1140 796 1170 ergo
812 1141 872 1160 nec
889 1139 1013 1169 semper

241 1185 372 1216 conteri.

281 1241 310 1269 4.
335 1239 412 1269 Item
429 1237 574 1268 contritio
596 1239 642 1267 estv
664 1237 842 1268 medicina:
865 1236 918 1267 sed
938 1246 1014 1267 con-

240 1292 338 1330 tingit
357 1292 521 1322 hominem
538 1292 671 1330 perfecte
690 1301 757 1321 esse
779 1293 943 1327 sanatum,
962 1292 1012 1320 ut-

240 1347 319 1384 puta
340 1345 366 1374 si
387 1345 579 1384 baptizetur,
607 1344 657 1374 vel
678 1344 773 1374 etiam
801 1344 826 1373 si
851 1343 1014 1383 perfecerit

240 1398 460 1437 poenitentiam
485 1397 697 1436 condignam,
726 1406 796 1437 quae
823 1405 934 1427 omnes
959 1396 1014 1426 de-

240 1452 339 1481 sectus
363 1451 483 1481 reducit
505 1451 545 1481 ad
571 1451 743 1490 perfectum
770 1461 776 1480 :
800 1459 878 1489 ergo
898 1449 923 1478 51
944 1451 1015 1488 post

241 1504 514 1543 recuperationem
535 1504 676 1534 sanitatis
697 1505 797 1533 cessat
818 1511 896 1532 usus
919 1502 1015 1532 medi-

240 1557 330 1595 cinae,
346 1557 437 1587 debet
452 1557 551 1595 igitur
566 1565 687 1586 cessare
701 1556 859 1586 contritio.

281 1613 309 1640 5.
336 1610 414 1640 Item
431 1609 576 1639 contritio
595 1612 641 1640 051
660 1618 772 1649 poeua⁷
790 1618 854 1647 11113
871 1611 1014 1647 peccator

242 1672 274 1693 se
300 1662 392 1702 punit
409 1671 416 1692 :
445 1671 523 1701 ergo
552 1664 618 1692 esto
648 1662 733 1701 quod
763 1661 953 1691 sufficienter
976 1660 1015 1690 sit

240 1715 372 1755 punitus
387 1724 444 1754 pro
463 1717 605 1754 peccato,
632 1717 708 1745 tunc
725 1715 751 1744 si
770 1714 907 1752 amplius
923 1714 1015 1753 punit

242 1779 275 1799 se
294 1778 349 1809 per
366 1769 586 1799 contritionem
598 1793 605 1806 ‚
622 1768 713 1807 punit
735 1777 768 1798 se
791 1777 887 1807 supra
904 1767 1016 1797 condi-

243 1831 346 1861 gnum
360 1833 366 1852 z
384 1822 438 1852 sed
453 1822 512 1852 1100
526 1825 573 1852 051
586 1822 756 1861 impietatis
767 1823 797 1851 et
811 1820 1013 1852 crudelitatis:

246 1884 337 1915 erge,
352 1877 410 1906 etc.

515 1946 739 1978 CONCLUSIO.

243 2029 350 2064 Semper
367 2029 502 2063 obligatur
516 2028 591 2054 homo
605 2029 706 2054 conteri
725 2027 756 2053 dc
773 2027 854 2061 culpa
868 2028 1016 2060 commissa,

279 2081 331 2100 non
352 2076 439 2100 tamen
461 2072 496 2099 acl
516 2080 634 2106 semper,
655 2072 701 2099 sed
724 2073 828 2098 tantum
846 2079 896 2106 pro
919 2072 973 2099 Ioco
994 2074 1017 2098 et

280 2121 404 2152 tempore.
468 2122 471 2124 '

286 2199 380 2239 Resp.
396 2199 434 2229 ad
454 2208 523 2237 arg.
545 2198 715 2228 Dicendum
730 2198 814 2237 quod
825 2221 832 2235 ‚
849 2198 929 2228 sicut
944 2197 1018 2227 dicit

245 2253 293 2284 Hu
300 2262 343 2292 go
353 2255 376 2290 ²,
390 2262 462 2283 eum
474 2252 555 2282 Dens
565 2251 699 2281 absolvit
710 2251 872 2281 hominem
884 2260 903 2280 a
913 2251 1014 2290 culpa,

244 2307 326 2346 ligat
348 2315 421 2337 eum
445 2304 572 2335 vinculo
596 2306 756 2343 perpetuae
779 2304 1013 2334 detestationis:

248 2362 374 2390 tenetur
396 2359 479 2389 enim
504 2366 630 2396 semper
652 2356 790 2394 malum,
817 2357 902 2395 quod
929 2357 1015 2395 fecit,

247 2412 404 2443 detestari.
425 2411 484 2442 Sed
504 2411 579 2450 quia
602 2409 698 2439 tentio
716 2409 786 2439 talis
801 2411 848 2439 est
867 2411 1017 2450 praecepti

249 2464 448 2502 affirmativi,
470 2463 554 2503 quod
576 2471 701 2502 semper
722 2461 862 2500 obligat,
879 2463 933 2493 sed
953 2472 1017 2494 non

248 2518 287 2550 ad
302 2526 442 2557 semper:
468 2516 538 2547 ideo
553 2516 622 2546 dico
643 2515 727 2555 quod
748 2524 871 2555 semper
895 2517 1018 2547 tenetur

284 2582 290 2598 ¹
305 2581 359 2604 lmo
370 2581 438 2603 auct.
452 2578 495 2602 lib.
507 2579 537 2602 de
547 2585 598 2602 ver.
613 2579 637 2602 et
648 2578 708 2608 fals.
723 2578 825 2608 Poem't.,
835 2585 858 2603 c.
871 2584 924 2609 xix,
939 2586 966 2604 n.
977 2580 1016 2604 35.

797 104 1107 146 SENTENTIARUM
1129 105 1202 136 LIB.
1228 105 1276 136 lv.

1063 174 1195 210 conteri,
1211 173 1265 204 sed
1282 181 1346 204 11011
1360 173 1400 204 311
1418 182 1562 214 semper,
1580 175 1635 206 sed
1649 184 1707 216 pro
1719 178 1788 208 loco
1802 180 1834 209 et

1064 229 1223 266 tempore,
1240 226 1386 257 videlicet
1407 236 1480 258 cum
1502 228 1654 267 recogitat
1669 229 1751 261 111313
1765 240 1833 270 sua,

1065 280 1098 310 in
1113 280 1230 320 quibus
1251 279 1381 310 offendit
1403 280 1515 311 Deum.
1538 281 1748 314 Concedendae
1761 286 1836 315 sunt

1065 333 1166 372 igitur
1181 333 1318 363 rationes
1331 332 1391 363 1100
1408 334 1589 373 probantes.

1106 389 1134 416 1.
1160 386 1207 416 Ad
1235 386 1311 416 illud
1343 387 1427 425 quod
1460 387 1607 426 objicitur
1620 411 1627 424 ‚
1657 387 1742 428 quod
1773 397 1838 420 non

1064 448 1205 478 semper,
1236 440 1310 478 quia
1335 440 1506 479 aliquando
1537 443 1583 471 est
1611 441 1836 480 gaudendum,

1065 492 1235 522 dicendum
1260 493 1343 532 quod
1365 502 1429 524 non
1450 495 1574 524 1311111111
1600 494 1755 533 gaudere,
1774 495 1839 525 imo

1065 545 1128 576 alia
1149 545 1291 584 cogitare
1310 546 1400 576 dehet
1417 557 1423 576 ;
1445 556 1502 577 nec
1522 546 1727 586 Augustinus
1739 547 1750 564 ³
1770 546 1840 578 vult

1065 599 1150 638 quod
1167 601 1312 630 teneatur
1327 608 1452 639 semper
1466 600 1498 630 111
1513 600 1602 630 0111111
1617 600 1746 631 1115131111
1759 624 1770 639 ,
1786 600 1840 631 sed

1065 652 1150 692 quod
1164 662 1290 693 semper
1305 656 1450 684 teneatur
1472 663 1529 693 pro
1543 653 1611 685 loco
1627 656 1657 685 et
1678 655 1838 694 tempor-‘33

1067 705 1110 735 ita
1130 705 1214 744 quod
1237 706 1385 736 voluntas
1409 706 1590 738 conterendi
1609 715 1730 747 semper
1749 707 1789 738 sit
1807 707 1841 738 in

1066 760 1189 798 habitu,
1205 761 1259 791 sed
1274 761 1307 791 111
1324 764 1395 791 actu
1410 770 1467 801 pro
1480 761 1548 792 loco
1563 763 1594 792 et
1603 764 1758 801 tempore.

1107 816 1135 844 2.
1160 814 1208 844 Ad
1223 813 1300 844 illud
1316 814 1401 854 quod
1415 814 1574 853 objicitur,
1590 814 1675 854 quod
1690 814 1779 846 dolor
1792 816 1840 846 est

1067 876 1106 898 ex
1144 868 1312 906 praesentia
1347 868 1612 899 disconvenientis
1627 892 1636 907 ,
1671 868 1840 900 dicendum

1067 920 1153 959 quod
1179 920 1309 960 quidam
1331 924 1377 952 est
1403 921 1492 952 dolor
1518 921 1640 958 illatus,
1670 924 1785 962 utputa
1808 921 1841 951 in

1068 973 1205 1004 sectione
1220 974 1323 1004 carnis
1335 984 1343 1012 ;
1357 974 1486 1014 quidam
1498 976 1545 1005 est
1559 974 1648 1005 dolor
1662 974 1843 1006 voluntarie

1068 1029 1261 1066 assumptus,
1277 1030 1312 1058 ut
1327 1027 1455 1067 quando
1467 1027 1550 1058 dolet
1565 1027 1603 1058 de
1613 1030 1715 1058 morte
1727 1027 1838 1058 amici:

1068 1082 1098 1110 et
1118 1081 1175 1111 iste
1199 1080 1288 1111 dolor
1309 1090 1374 1111 non
1394 1083 1543 1111 causatur
1558 1081 1597 1111 ab
1613 1080 1706 1111 amici
1722 1083 1839 1116 morte,

1068 1134 1121 1163 sed
1138 1136 1285 1164 causatur
1306 1144 1324 1164 a
1344 1134 1507 1164 voluntate
1525 1136 1662 1164 mortem
1681 1133 1772 1164 amici
1788 1143 1842 1164 re-

1069 1186 1222 1225 fugiente.
1247 1186 1284 1216 Et
1305 1188 1379 1226 quia
1397 1187 1516 1225 refugit
1538 1187 1623 1226 quod
1649 1195 1776 1218 necesse
1796 1189 1843 1218 est

1069 1250 1147 1278 esse,
1168 1240 1238 1270 ideo
1251 1249 1378 1270 necesse
1392 1239 1487 1270 hahet
1501 1239 1606 1270 dolere
1623 1250 1629 1269 :
1646 1239 1727 1270 sicut
1740 1240 1766 1270 si
1781 1248 1842 1279 ego

1070 1293 1185 1323 nollem
1197 1293 1403 1323 vehementer
1419 1295 1447 1323 10
1460 1293 1678 1330 infirmari‚et‚
1695 1292 1722 1323 si
1736 1295 1772 1323 tu
1787 1292 1835 1323 iu—

1070 1347 1260 1384 firmareris,
1285 1346 1449 1384 dolerem3
1473 1346 1517 1376 sic
1537 1346 1612 1386 quia
1636 1355 1700 1385 ego
1724 1346 1840 1377 nollem

1072 1409 1122 1430 me
1143 1409 1303 1440 peccasse,
1321 1402 1352 1430 et
1371 1400 1464 1431 video
1482 1409 1534 1430 me
1553 1409 1712 1438 peccasse,
1732 1399 1842 1431 doleo:

1072 1453 1156 1484 unde
1184 1453 1221 1483 de
1248 1453 1355 1484 dolore
1383 1455 1511 1484 causato
1540 1462 1559 1483 3
1586 1452 1747 1484 voluntate
1779 1461 1845 1483 11011

1071 1509 1193 1546 oportet
1214 1507 1299 1546 quod
1320 1506 1414 1544 illud,
1435 1515 1492 1546 pro
1511 1516 1575 1546 quo
1592 1505 1664 1546 quis
1685 1505 1782 1543 dolet,
1806 1505 1846 1535 sit

1071 1568 1211 1599 przesens
1231 1560 1361 1596 affectu,
1387 1568 1444 1589 nec
1475 1558 1608 1596 effectu,
1635 1567 1691 1589 nec
1716 1560 1844 1598 reputa-

1072 1613 1167 1650 tione,
1182 1612 1235 1642 sed
1252 1612 1354 1642 solnm
1370 1613 1497 1651 aspectu
1513 1614 1608 1643 certo.

1112 1668 1141 1696 3.
1165 1666 1213 1696 Ad
1229 1666 1305 1696 illud
1328 1665 1412 1704 quod
1437 1665 1586 1704 objicitur
1600 1674 1657 1704 per
1680 1664 1783 1695 simile
1807 1665 1845 1695 de

1071 1719 1287 1756 confessione,
1311 1719 1478 1749 dicendum
1507 1718 1592 1757 quod
1612 1717 1702 1748 dolor
1726 1717 1842 1748 contri-

1072 1772 1166 1802 tionis
1194 1774 1296 1812 potest
1319 1771 1378 1801 dici
1406 1773 1499 1810 prout
1523 1773 1570 1801 est
1597 1770 1745 1810 quaedam
1772 1779 1846 1809 pars

1072 1825 1265 1865 poenitenliae
1293 1824 1393 1855 divisa
1420 1826 1529 1855 contra
1558 1821 1788 1854 confessionem
1814 1824 1846 1853 et

1071 1878 1313 1908 satisfactionem
1326 1902 1333 1915 ‚
1353 1879 1383 1907 et
1398 1879 1443 1907 est
1460 1877 1630 1916 purgativa
1643 1876 1764 1915 culpae3
1783 1875 1846 1906 alio

1072 1931 1166 1962 modo
1176 1955 1184 1969 ‚
1206 1933 1300 1970 prout
1314 1933 1420 1961 motus
1435 1930 1566 1961 interior
1585 1929 1758 1961 voluntatis
1769 1951 1777 1966 ‚
1793 1928 1845 1959 cui

1072 1994 1105 2014 se
1120 1984 1248 2023 subjicit
1263 1984 1370 2014 anima
1384 1983 1557 2023 poenitens:
1575 1984 1606 2013 et
1622 1982 1711 2013 dolor
1725 1981 1783 2012 iste
1797 1983 1845 2012 est

1072 2046 1166 2076 poena
1197 2037 1400 2067 satisfactoria
1412 2061 1420 2074 ,
1451 2036 1651 2076 impetrativa
1679 2034 1844 2074 augmenti

1072 2090 1185 2130 gratiae
1206 2092 1236 2121 et
1255 2090 1379 2129 gloriae.
1406 2090 1533 2120 Primus
1556 2089 1644 2120 dolor
1669 2090 1717 2119 est
1737 2096 1845 2118 sacra-

1073 2144 1219 2174 mentalis
1231 2143 1356 2183 proprie
1367 2145 1397 2173 et
1407 2152 1463 2182 per
1474 2152 1517 2181 se,
1530 2143 1606 2183 quia
1620 2144 1667 2173 est
1680 2141 1844 2173 effectivus

1072 2198 1266 2228 remissionis
1290 2198 1411 2237 culpae,
1437 2198 1475 2228 ad
1499 2207 1595 2237 quem
1619 2197 1723 2228 solum
1748 2196 1845 2228 semel

1074 2254 1200 2282 tenetur
1215 2252 1381 2291 poenitens.
1401 2252 1491 2282 Alius
1510 2260 1575 2282 non
1598 2253 1645 2282 est
1664 2258 1845 2281 sacramen-

1075 2305 1145 2335 talis
1160 2305 1286 2344 proprie
1304 2309 1333 2335 et
1348 2315 1403 2344 per
1418 2315 1462 2339 se,
1478 2305 1531 2335 sed
1548 2307 1593 2335 est
1608 2303 1731 2335 elicitus
1743 2312 1763 2334 a
1777 2303 1842 2333 vir·

1074 2360 1155 2388 tute:
1173 2361 1203 2388 et
1218 2358 1256 2389 ad
1277 2358 1354 2389 illud
1370 2361 1495 2388 tenetur
1511 2366 1646 2397 semper,
1660 2356 1714 2387 sed
1727 2364 1791 2387 non
1804 2354 1842 2385 ad

1075 2420 1211 2450 semper.

1113 2466 1143 2494 4.
1167 2463 1214 2494 Ad
1236 2463 1313 2494 illud
1330 2463 1414 2504 quod
1435 2463 1584 2502 objicitur
1605 2463 1643 2493 de
1665 2459 1840 2495 medicina,

1074 2557 1105 2562 —
1116 2544 1127 2559 2
1141 2544 1217 2574 Hug„
1229 2542 1260 2567 cle
1272 2543 1384 2571 Sacram,
1397 2543 1441 2567 lib.
1460 2543 1490 2572 11,
1504 2550 1528 2572 p.
1543 2542 1572 2566 11.
1585 2554 1615 2560 -
1628 2542 1637 2556 ⁸
1651 2542 1703 2566 lmo
1715 2541 1781 2565 auct.
1797 2538 1841 2563 lib.

1075 2580 1104 2603 de
1121 2586 1179 2604 vera
1195 2580 1218 2602 ee
1231 2578 1293 2609 sals.
1308 2579 1399 2608 Paem‘t,
1414 2579 1465 2602 loe.
1480 2578 1522 2602 cit.
