2017 2948
93 530 198 550 Fundam.

103 2293 166 2319 Opin.
189 2295 205 2312 l.

627 151 723 182 DIST.
747 151 797 182 VI.
823 151 938 183 PART.
961 151 1000 182 II.
1024 150 1115 181 ART.
1140 150 1163 181 l.
1188 149 1339 186 QUAEST.
1361 150 1384 180 Ι.

211 218 300 248 utero
320 226 385 248 non
405 218 530 248 tantum
556 220 603 248 est
625 218 832 257 susceptibilis
856 218 976 258 culpae,

211 270 266 300 sed
280 271 374 300 etiam
390 280 492 311 poenae
510 282 516 301 :
534 280 614 310 ergo
629 271 756 301 videtur
771 272 856 311 quod
869 272 980 304 debeat

211 323 240 353 ei
253 324 285 353 in
300 326 390 354 utero
406 324 580 354 remedium
596 325 768 363 praeparari
786 336 791 354 ;
809 325 860 355 sed
879 334 979 355 renie-

212 377 298 408 dium
315 379 422 407 eontra
447 376 572 416 culpam
587 377 775 415 originalem
800 380 847 407 est
862 377 980 416 baptis-

213 439 283 460 mus
309 441 315 459 :
343 439 423 468 ergo
449 430 574 460 videtur
597 430 681 469 quod
708 430 804 460 homo
827 430 924 469 possit
946 430 979 459 in

212 485 302 513 utero
315 483 478 522 baptizari.

252 535 312 566 Sed
327 537 435 566 contra
448 536 664 575 :Augustinus
681 536 783 573 dieit¹‚
801 538 831 566 et
846 535 981 566 habetur

216 590 245 619 in
259 589 386 619 littera:
404 600 418 618 «
438 589 508 620 Non
528 591 630 629 potest
654 589 724 628 quis
747 590 867 619 renasci
892 592 979 620 ante-

214 652 309 682 quam
326 642 365 672 sit
379 644 484 672 natus.
500 653 514 670 n
535 642 595 673 Sed
609 643 761 682 baptizari
780 645 825 673 est
840 643 959 673 renasci
973 654 979 673 2

213 704 291 734 ergo
304 704 369 726 non
383 697 484 734 potest
504 695 672 735 baptizari,
689 697 859 736 autequam
874 705 982 726 nasca-

214 751 276 778 tur.

255 800 332 831 Item
360 809 367 830 ε
395 800 560 839 originalis
588 801 681 841 culpa
715 801 912 832 contrahitur
945 811 984 832 ex

214 863 307 885 carne
321 856 470 893 corrupta
486 863 494 884 ;
510 863 587 893 ergo
607 855 748 894 quandiu
767 855 918 895 parvulus
938 857 986 886 est

214 909 402 947 conjunctus
423 908 511 938 carni
533 911 706 948 corruptae,
728 913 773 939 est
795 909 985 947 conjunctus

215 969 318 991 eausae
341 961 470 999 morbi,
494 961 568 1001 quia
594 971 719 1001 semper
741 961 883 992 nutritur
911 970 982 991 san-

215 1015 313 1053 guine
329 1016 493 1045 menstruo
512 1025 517 1044 :
536 1024 614 1053 ergo
630 1024 695 1045 non
710 1014 802 1045 debet
817 1014 886 1054 quis
902 1015 986 1054 puri-

215 1067 302 1098 ficari
326 1067 360 1097 in
388 1067 456 1098 loeo
480 1068 657 1098 infectionis
673 1092 682 1106 ,
711 1068 771 1098 nisi
796 1070 983 1108 separetur:

215 1129 293 1159 ergo
307 1129 371 1150 non
382 1121 472 1151 debet
483 1121 633 1160 baptizari
645 1123 816 1161 antequam
827 1123 985 1159 nascatur,

215 1177 246 1205 et
259 1184 278 1204 a
293 1176 392 1204 matre
408 1175 582 1214 separetur.

256 1227 350 1264 Item,
375 1227 550 1266 baptismus
572 1229 618 1256 est
641 1229 876 1257 sacramentum
897 1229 985 1258 exte-

216 1281 296 1318 rius,
312 1282 348 1310 ut
360 1280 398 1318 (a)
417 1289 512 1310 omne
528 1280 613 1309 aliud
630 1283 862 1311 sacramentum
880 1290 886 1311 2
911 1290 988 1320 ergo

216 1333 325 1363 nullus·
344 1335 390 1363 est
413 1333 621 1372 susceptibilis
643 1333 806 1372 baptismi,
824 1334 883 1363 nisi
899 1336 986 1365 exte-

216 1386 284 1416 rius
308 1386 436 1425 prodeat
466 1386 499 1416 in
518 1386 621 1416 lucem
639 1397 645 1416 2
665 1396 729 1416 non
749 1396 829 1426 ergo
848 1388 986 1427 baptiza-

216 1439 287 1469 biiis
301 1441 362 1475 est,
378 1439 519 1478 quandiu
532 1439 565 1469 in
581 1442 673 1470 utero
688 1439 772 1470 latet.

489 1558 713 1590 CONCLUSIO.

215 1648 372 1683 Baptismus
395 1654 446 1673 non
465 1648 550 1681 potest
573 1646 634 1672 clari
658 1647 831 1673 cmistentz'bus
855 1648 884 1673 in
905 1649 986 1680 utero,

252 1692 315 1726 quia
340 1693 394 1725 ipse
423 1691 533 1725 respicit
560 1691 740 1724 operationem
769 1690 907 1722 Ecclesiae,
933 1699 989 1724 qua)

251 1737 370 1770 operatio
386 1743 439 1762 non
453 1742 478 1761 sc
493 1735 613 1761 eat-cendit
628 1735 663 1760 ad
674 1735 830 1769 parvulum,
843 1736 897 1761 nisi
911 1738 989 1762 eaetra

251 1783 363 1807 uterum.

258 1866 350 1905 Resp.
389 1866 427 1895 ad
451 1874 520 1903 arg.
547 1865 594 1895 Ad
622 1864 847 1904 praediotorum
872 1865 989 1899 intelli-j

219 1920 361 1958 gentiam
383 1920 429 1948 est
452 1917 626 1948 notandum
642 1941 650 1954 ‚
677 1917 761 1957 quod
786 1918 867 1948 ratio
891 1927 989 1957 quare

219 1975 290 2015 quis
301 1983 364 2004 non
380 1973 566 2013 purificatur
579 1982 636 2003 uec
651 1973 829 2012 baptizatur
842 1973 875 2003 in
886 1976 986 2012 utero,

218 2031 264 2059 est
280 2028 388 2059 divina
404 2026 569 2063 institutio,
587 2035 658 2065 quae
673 2026 717 2055 sic
733 2026 880 2056 instituit.
900 2026 988 2057 ilatio

219 2083 326 2113 autern
348 2080 464 2111 divinae
488 2079 694 2109 institutionis
717 2079 897 2118 assignatur
913 2089 987 2110 con-

220 2135 367 2174 gruitatis
379 2158 386 2171 ,
404 2143 467 2164 non
481 2133 690 2170 necessitatis,
709 2133 785 2173 quia
802 2136 907 2173 posset
927 2134 989 2164 uti-

221 2198 282 2228 que
297 2188 386 2219 aliter
400 2197 485 2225 esse,
501 2187 527 2217 si
543 2187 625 2217 Deus
640 2186 753 2218 vellet:
770 2190 798 2217 et
814 2188 989 2218 secundum

222 2243 363 2273 diversos
382 2266 391 2279 ,
417 2241 523 2281 plures
549 2243 579 2271 et
608 2241 742 2271 diversae
769 2241 989 2279 congruentiae

221 2296 435 2335 assignantur.
466 2294 606 2325 Fuerunt
629 2294 716 2324 enim
738 2294 792 2333 qui
819 2294 987 2333 dixerunt,

221 2349 305 2389 quod
320 2348 400 2378 ratio
415 2348 553 2378 sumitur
563 2357 602 2377 ex
617 2350 706 2387 parte
719 2347 876 2387 aequitatis
889 2348 990 2378 divini

217 2401 328 2442 judicii
340 2425 349 2439 ,
366 2409 439 2440 quae
469 2409 525 2430 nec
553 2400 740 2439 parvulum,
770 2409 828 2430 nec
846 2401 989 2431 adultum

218 2455 371 2496 Justificat
383 2455 450 2484 sine
466 2453 663 2492 aliquantula
675 2463 770 2493 poena
787 2465 793 2484 :
811 2456 842 2485 ct
857 2455 926 2485 ideo
941 2455 991 2485 do-

221 2509 290 2540 buit
304 2508 385 2538 cirea
400 2506 570 2547 parvulum
583 2506 701 2545 aliquid
717 2508 785 2537 sieri
800 2509 933 2547 poeuale,
952 2508 991 2538 ad

222 2562 283 2593 hoc
303 2563 340 2592 ut
351 2560 578 2601 justificaretur
594 2567 602 2589 :
620 2561 651 2590 et
666 2559 743 2590 illud
767 2560 874 2592 dicunt
898 2562 992 2592 fuisse

257 2626 262 2639 ¹
283 2625 358 2655 Aug„
380 2623 453 2655 epist.
475 2628 537 2653 nvn,
557 2622 588 2645 al.
609 2627 738 2651 cuxxvu,
761 2629 782 2647 o.
806 2629 839 2655 iv,
861 2631 886 2648 u.
908 2625 947 2650 31,
962 2637 992 2642 -

1746 149 1804 180 389

1036 217 1291 256 omnitempore.
1313 216 1373 246 Sed
1398 216 1455 246 ista
1482 216 1563 246 ratio
1586 225 1652 247 non
1677 216 1804 247 videtur
1832 224 1915 258 Iuppi-0-

1037 270 1226 300 conveniens
1246 293 1255 307 ,
1287 269 1438 308 quoniam
1472 278 1535 299 non
1564 271 1610 299 est
1635 269 1804 308 generalis.
1820 255 1886 275 bam

1035 323 1189 362 Tempore
1204 331 1344 361 namque
1358 322 1440 360 logis
1453 324 1589 360 naturae,
1601 324 1638 352 ut
1648 322 1722 352 dicit
1733 322 1807 352 Gre-

1037 376 1147 415 gorius
1159 379 1180 413 2,
1193 375 1448 414 justificabantur
1463 375 1496 404 in
1518 375 1584 405 sola
1605 374 1666 405 side
1690 384 1806 414 paren-

1036 433 1116 460 tum.
1135 430 1292 461 Praeterea
1303 453 1312 467 ,
1329 431 1395 459 esto
1406 429 1490 468 quod
1506 428 1660 468 parvulus
1674 429 1808 467 baptize-

1037 486 1090 514 tur
1115 483 1147 513 in
1176 492 1256 522 aqua
1284 482 1399 520 calida,
1422 481 1488 512 sive
1511 481 1630 521 tepida,
1650 481 1754 520 potius
1779 481 1807 511 ei

1038 538 1119 566 esset
1129 536 1274 566 solatium
1290 544 1387 575 quam
1402 543 1495 574 poena
1511 545 1518 564 ε
1535 536 1566 564 θῖ
1583 535 1627 564 ita
1645 534 1714 564 haec
1728 534 1808 564 ratio
1823 540 1888 572 opin.
1907 548 1926 566 ε,

1038 598 1102 619 non
1117 590 1242 619 suffieit.
1258 589 1400 620 Fuerunt
1415 588 1466 619 alii
1482 588 1535 627 qui
1549 588 1710 626 dixerunt,
1723 587 1808 627 quod

1039 643 1118 672 ratio
1144 643 1280 673 sumitur
1310 651 1348 672 ex
1374 643 1461 682 parte
1484 640 1674 671 sacramenti
1701 651 1707 671 :
1735 640 1811 680 quia

1040 696 1124 726 enim
1140 697 1172 725 in
1188 696 1334 734 originali
1350 697 1474 735 peccato
1489 697 1519 725 et
1534 697 1579 725 est
1592 703 1664 724 caro
1681 693 1807 731 infecta,

1040 751 1071 779 et
1081 749 1188 779 anima
1203 749 1375 779 deformata
1387 759 1393 785 ;
1408 749 1477 779 ideo
1491 749 1724 778 sacramentum
1737 746 1812 787 bap-

1040 802 1125 832 tismi
1140 802 1202 832 duo
1215 802 1319 839 habet,
1334 802 1450 832 scilicet
1462 810 1589 840 aquam,
1605 802 1636 830 et
1650 800 1810 840 spiritum,

1041 860 1076 887 ut
1086 857 1161 886 dicit
1175 856 1413 894 Damascenus3,
1426 857 1456 886 et
1464 855 1601 895 quodam
1611 854 1704 885 modo
1715 855 1761 884 est
1769 854 1811 883 ibi

1042 909 1220 948 purificatio
1236 911 1266 939 et
1283 909 1483 948 regeneratio
1495 908 1599 938 carnis
1613 910 1644 938 et
1665 907 1810 947 spiritus:

1042 964 1071 992 et
1082 963 1152 992 ideo
1168 971 1231 992 non
1246 964 1369 992 tautum
1382 961 1599 1001 praesupponit
1612 960 1810 991 nativitatem

1042 1015 1075 1044 in
1096 1017 1201 1053 utero,
1220 1023 1291 1054 quae
1312 1017 1358 1045 est
1376 1014 1411 1044 in
1429 1014 1586 1044 infusione
1602 1013 1739 1051 animae,
1756 1021 1813 1044 ve-

1042 1077 1115 1097 rum
1130 1068 1225 1097 etiam
1241 1067 1437 1097 nativitatem
1452 1075 1491 1097 ex
1509 1068 1600 1097 utero
1611 1090 1618 1104 ‚
1634 1075 1707 1106 quae
1721 1068 1767 1096 est
1782 1066 1815 1096 in
1831 1080 1927 1107 xmpmb,

1043 1129 1175 1160 egressu
1193 1131 1199 1151 z
1217 1121 1247 1150 et
1261 1120 1320 1150 ista
1334 1120 1463 1159 quidem
1478 1119 1559 1150 ratio
1574 1119 1658 1150 bona
1672 1121 1738 1156 est,
1762 1119 1816 1149 sed

1043 1173 1260 1213 particularis,
1287 1173 1362 1212 quia
1386 1181 1451 1202 non
1472 1172 1555 1203 valet
1578 1172 1617 1203 ad
1641 1171 1816 1202 remedium

1044 1226 1127 1265 legis
1142 1228 1285 1264 naturae,
1303 1226 1388 1265 quod
1404 1234 1467 1255 non
1488 1225 1674 1264 respiciebat
1689 1224 1815 1264 parvuli

1045 1289 1183 1310 carnem.
1214 1280 1352 1310 Fuerunt
1377 1281 1407 1308 et
1429 1278 1503 1316 alii,
1529 1278 1585 1317 qui
1611 1279 1817 1318 sumpserunt
1831 1294 1894 1321 Opim
1915 1296 1935 1315 3,

1045 1333 1199 1363 rationem
1216 1334 1358 1372 exparte
1381 1332 1493 1371 culpae.
1517 1331 1596 1369 Quia
1617 1332 1703 1362 enim
1724 1331 1817 1371 culpa

1044 1387 1212 1426 originalis
1228 1387 1387 1416 contracta
1401 1388 1447 1415 est
1467 1394 1507 1415 ex
1522 1394 1617 1415 carne
1634 1385 1768 1422 infecta,
1786 1385 1818 1415 et

1045 1449 1084 1471 ex
1100 1449 1194 1470 carne
1209 1441 1377 1479 parentum
1393 1438 1567 1468 secundum
1589 1439 1695 1468 actum
1718 1445 1815 1477 gene-

1044 1494 1194 1531 rationis;
1210 1495 1312 1523 totum
1337 1494 1462 1531 tempus
1487 1491 1702 1530 generationis
1720 1493 1750 1522 et
1770 1491 1814 1521 ci-

1044 1547 1180 1577 bationis
1194 1556 1232 1576 ex
1248 1546 1303 1576 illa
1317 1555 1410 1576 carne
1424 1546 1549 1583 insecta,
1566 1547 1678 1585 utputa
1692 1554 1733 1575 ex
1747 1553 1816 1575 san-

1046 1600 1146 1638 guine
1174 1602 1338 1629 menstruo
1358 1622 1367 1636 ,
1396 1601 1442 1628 est
1473 1600 1599 1637 tempus
1629 1598 1813 1638 deputatum

1044 1656 1180 1693 peccato,
1196 1662 1259 1683 non
1283 1653 1422 1683 remedio
1440 1663 1446 1683 :
1464 1654 1494 1682 et
1510 1652 1579 1682 ideo
1594 1653 1667 1682 ante
1688 1659 1814 1682 neeesse

1044 1709 1089 1737 est
1104 1716 1122 1736 a
1133 1715 1226 1736 carne
1242 1706 1351 1735 matris
1367 1705 1538 1744 parvulum
1552 1704 1706 1744 separari,
1720 1705 1751 1734 et
1764 1705 1812 1734 to-

1044 1762 1109 1790 tam
1141 1759 1354 1797 generationis
1382 1759 1538 1789 actionem
1573 1757 1785 1788 consummari
1802 1780 1811 1794 ‚

1045 1822 1140 1853 quam
1152 1813 1355 1851 superveniat
1366 1812 1553 1849 benedictio,
1568 1811 1721 1850 quoniam
1737 1810 1814 1840 illud

1044 1869 1146 1897 totum
1162 1868 1208 1896 est
1223 1868 1348 1905 tempus
1364 1865 1601 1896 maledictionis,
1619 1864 1657 1895 Et
1672 1864 1732 1894 ista
1747 1863 1816 1903 qui-

1045 1920 1116 1951 dem
1132 1920 1212 1949 ratio
1233 1920 1316 1949 bona
1338 1921 1401 1957 est,
1419 1919 1478 1949 nisi
1501 1919 1596 1949 etiam
1621 1918 1817 1957 repugnaret

1045 1973 1282 2003 sanctificationi
1302 1996 1311 2010 ,
1341 1973 1493 2012 quoniam
1521 1972 1564 2002 ibi
1594 1971 1687 2001 datur
1713 1970 1817 2009 gratia

1046 2027 1204 2057 mundans
1214 2036 1232 2056 a
1242 2026 1334 2065 culpa
1344 2025 1504 2064 originali.
1518 2025 1661 2055 Fuerunt
1671 2025 1701 2054 et
1712 2023 1817 2064 quarti
1832 2032 1896 2060 apin.
1918 2035 1936 2053 ι.

1045 2080 1099 2119 qui
1110 2080 1274 2115 dixerunt,
1288 2079 1371 2118 quod
1382 2079 1463 2109 ratio
1476 2081 1521 2109 est
1531 2088 1570 2108 ex
1583 2080 1671 2118 parte
1682 2077 1794 2117 gratiae
1808 2089 1814 2108 :

1044 2134 1119 2173 quia
1134 2134 1219 2163 enim
1239 2133 1353 2172 gratiae
1374 2134 1421 2163 est
1435 2133 1510 2164 dare
1528 2142 1595 2163 esse
1617 2132 1815 2168 ordinatum,

1045 2190 1075 2217 et
1091 2187 1204 2225 gratiae
1222 2188 1269 2216 est
1285 2195 1494 2225 regenerare,
1511 2188 1541 2216 et
1556 2194 1624 2216 esse
1635 2185 1817 2215 ordinatum

1045 2239 1263 2280 praesupponit
1291 2248 1357 2269 esse
1394 2237 1577 2269 distinctum
1595 2262 1602 2276 ‚
1632 2241 1662 2269 et
1695 2238 1817 2268 renasci

1045 2292 1261 2333 praesupponit
1284 2292 1368 2322 nasci
1388 2303 1395 2329 ;
1421 2292 1491 2322 ideo
1516 2300 1639 2322 necesse
1662 2293 1708 2321 est
1733 2291 1817 2330 quod

1045 2350 1118 2378 ante
1140 2347 1333 2386 baptismum
1358 2346 1512 2385 parvulus
1536 2347 1696 2382 nascatur,
1721 2346 1758 2374 ut
1779 2344 1819 2374 sit

1045 2401 1179 2441 perfecte
1195 2403 1288 2430 natus
1303 2399 1478 2430 secundum
1494 2408 1621 2429 carnem
1636 2409 1642 2436 ;
1659 2399 1699 2428 sit
1721 2398 1817 2428 etiam

1046 2455 1208 2485 distinctus
1220 2478 1228 2491 ‚
1245 2453 1395 2493 quoniam
1413 2452 1556 2491 quindiu
1571 2454 1616 2481 est
1632 2451 1665 2481 in
1686 2452 1796 2481 ventre
1808 2474 1816 2487 ‚

1047 2509 1114 2547 conj
1123 2507 1258 2546 ungitur
1283 2506 1407 2536 matrici
1428 2514 1484 2545 per
1505 2504 1710 2542 umbilicum,
1734 2504 1818 2536 unde

1840 1820 1920 1847 Impro-

1829 1851 1896 1871 hano.

1047 2590 1054 2603 2
1073 2590 1159 2619 Greg.,
1180 2587 1282 2616 Moral„
1302 2586 1345 2610 lib.
1367 2586 1408 2613 lV,
1427 2592 1449 2608 c.
1471 2590 1496 2614 113
1517 2585 1634 2615 habetur,
1650 2584 1679 2608 de
1693 2583 1817 2614 Consecr„

1046 2625 1103 2649 dist,
1117 2630 1150 2653 lv,
1162 2631 1184 2648 c.
1197 2622 1273 2652 Quod.
1283 2635 1313 2639 -
1323 2621 1333 2637 ⁸
1344 2622 1470 2650 Damaso„
1483 2619 1517 2644 lib
1538 2626 1573 2651 ιν,
1585 2627 1608 2644 c.
1622 2626 1677 2645 v,—-
1691 2620 1771 2652 (11)Al.
1784 2621 1817 2644 et·
