2017 2948
38 356 142 384 Opinio1,

43 1484 139 1510 Improh.

822 184 1010 216 DISTINCT.
1034 184 1096 215 XL.

197 254 288 293 Resp.
304 253 550 292 Intelligendum
562 253 608 281 est
622 251 660 281 ad
675 251 752 287 hoc,
770 251 855 290 quod
869 251 926 281 du-

157 307 229 347 plex
243 309 289 337 est
305 307 386 337 circa
401 306 593 346 quaetionem
608 304 700 333 istam
721 304 828 343 opinio
844 304 926 334 cele-

158 360 223 389 bris
239 361 269 389 et
285 360 413 389 famosa.
438 357 572 394 Quidam
593 365 731 396 namque
755 357 928 387 voluerunt

158 412 275 449 dicere,
294 411 379 451 quod
403 411 434 440 in
455 410 599 449 utrisque
615 410 819 440 sacramentis
835 409 927 439 datur

158 466 275 503 gratia,
294 465 347 494 sed
361 463 542 494 differenter
557 473 563 491 ε
579 462 655 501 quia
669 462 702 491 in
718 461 779 491 illis
794 462 927 491 dabatur

158 519 276 549 ratione
284 518 403 555 fidei,et
410 516 584 547 devotionis
594 516 600 553 t
604 516 632 555 a)
643 516 652 544 i
656 515 744 554 psius
753 515 926 554 suscipien-

158 572 212 609 tis,
230 572 272 601 ita
284 571 368 610 quod
380 570 467 600 nullo
482 570 575 599 modo
588 569 709 599 ratione
721 568 925 606 sacramenti,

159 626 225 656 sive
248 626 352 665 operis
375 624 509 664 operati;
537 624 568 653 in
594 623 796 653 sacramentis
819 625 926 653 antem

159 687 253 709 nova}
268 678 347 717 legis
360 686 449 707 secus
464 679 526 714 est,
544 676 619 715 quia
639 678 758 705 constat
772 685 811 705 ex
828 676 925 706 verbo

159 734 189 761 et
204 731 358 761 elemento
371 739 378 760 :
394 730 445 760 sed
462 738 535 759 cum
548 728 699 758 Dominus
710 728 846 757 instituit
858 737 928 758 ver-

160 784 248 820 bum,
266 783 349 813 dedit
364 783 409 812 illi
420 782 580 818 virtutem,
598 790 652 820 per
665 790 761 820 quam
776 781 880 810 influit
895 782 925 809 et

159 835 266 874 agitin
275 835 426 872 animam,
437 834 485 864 vel
494 833 688 873 disponendo
695 833 731 863 ad
743 833 929 871 gratiaesus-

160 888 346 927 ceptionem,
366 888 416 917 vel
432 886 644 926 imprimendo
659 886 846 916 characteris
864 885 929 923 sig-

159 940 371 970 nificationem
382 963 391 976 ,
403 940 455 970 vel
469 939 725 969 adminiculando
739 938 798 978 ipsi
814 938 926 977 gratiae

160 993 199 1023 ad
214 993 329 1023 animae
345 993 541 1023 curationem
553 1016 560 1029 ,
573 994 603 1021 et
615 991 732 1021 fomitis
744 991 929 1021 debilitatio-

159 1055 243 1076 nem.
268 1045 305 1076 Et
328 1046 388 1075 hoc
412 1045 536 1075 videtur
557 1044 660 1074 dicere
683 1044 901 1082 Augusti11us¹
920 1051 927 1073 ε

165 1110 178 1127 (ι
191 1099 268 1134 Quae
282 1100 327 1128 est
342 1098 443 1128 virtus
457 1106 548 1136 aquae
559 1121 566 1134 ,
584 1099 619 1126 ut
633 1105 747 1135 corpus
761 1098 883 1135 tangat,
900 1099 931 1126 et

159 1160 213 1181 cor
226 1151 344 1188 abluat,
356 1150 416 1180 nisi
430 1150 559 1179 faciente
576 1150 609 1187 (bl
628 1150 725 1179 verbo
735 1150 769 1178 ‘?»
785 1149 821 1179 Et
837 1149 930 1188 Ilugo

159 1205 197 1235 de
218 1207 324 1234 sancto
340 1203 463 1234 Victore
486 1203 609 1233 videtur
630 1203 660 1232 id
685 1203 768 1232 idem
792 1203 908 1233 sentire
921 1227 928 1239 ,

161 1258 215 1296 qui
231 1257 315 1295 dicit,
332 1257 418 1296 quod
434 1257 630 1286 sacramenta
643 1264 735 1286 novae
750 1256 832 1294 legis
845 1256 931 1295 prius

161 1311 397 1340 sanctificantur
418 1319 474 1349 per
497 1310 650 1346 verbnm,
677 1311 707 1338 et
731 1309 931 1347 postmodum

163 1364 368 1400 sanctificant,
377 1365 414 1393 ut
422 1363 464 1392 sic
476 1362 537 1391 sint
546 1371 585 1392 ex
593 1361 837 1391 sanctificatione
847 1370 932 1391 sanc-

161 1416 376 1447 tifica11tia.·Et
389 1416 474 1446 hunc
490 1415 620 1445 modum
638 1415 759 1445 dicendi
777 1415 933 1445 sustinent

162 1470 222 1501 viri
243 1469 335 1509 periti
350 1471 380 1499 et
394 1469 455 1498 fide
471 1468 572 1506 digni.
590 1467 649 1497 Sed
665 1467 789 1497 difficile
806 1468 933 1498 videtur

162 1522 241 1552 mihi
262 1521 439 1560 intelligere
460 1521 610 1551 virtutem
636 1520 721 1550 illam
745 1521 841 1550 simul
867 1530 933 1550 esse

163 1575 260 1606 verbo
275 1577 305 1604 et
320 1574 475 1604 elemento
490 1573 634 1603 collatam
650 1575 807 1612 quantum
822 1573 861 1603 ad
883 1582 932 1603 es-

166 1627 298 1657 sentiam
316 1628 346 1656 et
360 1628 523 1663 naturam,
539 1628 694 1665 quantum
710 1626 749 1655 ad
764 1627 832 1664 ejus
847 1626 933 1656 exis-

164 1679 311 1715 tentiam,
328 1682 485 1718 quantum
499 1679 537 1709 ad
549 1679 724 1709 durationis
734 1688 930 1718 mensuram,

163 1734 194 1761 et
209 1731 304 1761 etiam
319 1734 475 1771 quantum
487 1732 525 1761 ad
538 1732 729 1771 operationis
738 1732 909 1763 efficaciam
923 1745 929 1763 z

164 1794 236 1824 qnae
253 1785 359 1815 omnia
374 1794 498 1815 necesse
519 1788 566 1815 est
580 1794 697 1824 ponere
720 1787 750 1815 et
772 1786 932 1825 explicare

164 1838 246 1867 circa
256 1838 406 1868 virtutem
420 1838 518 1867 illam.
533 1838 564 1868 Si
578 1838 649 1877 quis
662 1838 760 1875 dicat,
776 1839 861 1877 quod
876 1839 933 1868 ali-

165 1899 227 1929 qua
241 1891 375 1929 qualitas
393 1891 484 1920 detur
504 1891 600 1920 verbo
624 1893 654 1920 et
677 1891 848 1928 elemento,
873 1901 930 1930 per

165 1952 261 1982 quam
275 1946 350 1981 agat
366 1947 396 1974 et
411 1944 522 1973 influat
536 1944 569 1973 in
587 1944 687 1982 ipsam
702 1944 857 1981 animam,
873 1944 932 1974 dif-

166 1996 246 2026 ficile
259 1999 304 2026 est
317 1996 494 2035 intelligere
504 1996 602 2035 ipsius
613 1996 738 2026 virtutis
748 1997 930 2027 essentiam.

166 2048 243 2079 Cum
257 2049 342 2079 enim
357 2058 421 2079 non
437 2049 478 2078 sit
499 2049 688 2086 substantia,
714 2049 765 2079 sed
789 2050 933 2080 accidens

166 2101 338 2141 quoddam,
364 2104 394 2132 et
417 2102 450 2131 in
477 2110 594 2140 genere
615 2102 705 2138 boni,
732 2102 867 2132 dubium
889 2105 934 2133 est

166 2158 273 2186 utrum
295 2156 404 2187 debeat
426 2156 536 2195 reponi
562 2156 644 2186 inter
665 2157 746 2186 bona
769 2157 931 2194 maxima,

166 2209 215 2239 vel
238 2209 358 2246 media,
385 2208 436 2239 vel
461 2209 604 2238 minima.
630 2209 667 2238 Et
691 2208 716 2238 si
743 2209 824 2239 inter
849 2209 934 2239 bona

167 2262 305 2291 maxima
318 2265 500 2301 reponatur,
515 2263 582 2301 ,jam
601 2262 705 2301 gratia
724 2262 802 2292 erit:
827 2263 932 2300 gratia

166 2317 272 2345 autem
286 2314 423 2344 existens
438 2314 470 2344 in
484 2323 549 2344 uno
563 2315 703 2353 subjecto
716 2338 723 2352 ,
750 2324 814 2345 non
838 2315 934 2346 habet

165 2368 316 2398 virtutem
331 2367 447 2405 agendi
462 2367 494 2396 in
504 2367 601 2397 aliud.
617 2367 649 2397 Si
661 2376 736 2398 vero
751 2368 853 2406 gratia
867 2378 932 2398 non

166 2423 226 2458 est,
253 2429 310 2450 nec
333 2420 449 2455 virtus,
475 2420 634 2458 quomodo
654 2429 732 2459 ergo
750 2420 865 2450 dicitur
881 2430 933 2451 se-

167 2474 306 2504 cundum
317 2473 483 2503 veritatem
497 2473 692 2502 sanctificare
709 2473 812 2512 ipsum
828 2482 933 2505 sacra-

198 2573 230 2602 (a)
247 2571 315 2595 Edit.
333 2572 387 2595 Van.
401 2571 546 2595 devotione.
558 2584 586 2588 —
603 2571 637 2600 (1))
652 2572 688 2594 lta
706 2572 765 2595 edit.
781 2574 933 2599 Remiserim.

169 2608 239 2637 Operm
254 2608 280 2631 S.
300 2609 362 2637 Auq.
375 2607 435 2631 th.
452 2606 509 2629 eche.
525 2606 637 2629 facienda
649 2620 679 2623 —
693 2608 718 2636 (r)
738 2607 805 2631 Edi).
817 2608 869 2632 Vnt.
885 2616 934 2640 qua

169 2643 246 2667 aliter.
260 2656 288 2660 —
305 2643 338 2673 (d)
354 2643 477 2667 ordinem.
494 2655 522 2659 »-
537 2647 564 2671 le)
579 2642 638 2666 Cat.
651 2642 710 2665 edit.
726 2642 759 2667 fit.

1692 185 1750 214 229

984 252 1127 281 mentum
1138 273 1145 287 ‚
1157 252 1187 280 et
1200 259 1275 280 eum
1291 250 1346 289 qui
1356 250 1486 288 suscipit
1500 251 1749 287 sacramentum3

984 304 1015 333 in
1028 312 1092 342 quo
1107 303 1201 332 etiam
1215 311 1332 341 genere
1346 303 1401 339 sit,
1417 304 1447 332 et
1462 303 1510 341 cuj
1518 312 1554 332 us
1569 303 1682 342 speciei
1697 303 1750 340 sit,

984 357 1093 386 utrum
1108 355 1253 385 videlicet
1268 355 1301 384 in
1320 354 1454 385 diversis
1476 355 1681 385 sacramentis
1702 355 1752 385 di-

984 409 1180 439 versificetur
1201 408 1375 438 formaliter
1398 407 1451 437 illa
1480 407 1600 443 virtus,
1631 407 1753 438 homini

984 470 1098 500 parum
1113 461 1302 499 intelligenti
1317 460 1441 490 difficile
1458 461 1505 489 est
1525 468 1646 498 capere.
1672 459 1709 489 Et
1728 459 1754 489 si

984 514 1065 544 inter
1084 514 1166 543 bona
1192 513 1311 550 media,
1336 512 1387 542 vel
1411 512 1546 542 minima
1569 512 1751 551 reponitur,

984 567 1143 606 quomodo
1155 566 1225 596 talis
1236 566 1339 596 virtus
1351 565 1424 595 facit
1433 564 1655 595 rectitudinem
1668 566 1698 594 et
1709 573 1754 594 sa·

984 621 1145 651 nationem
1174 620 1273 659 ipsius
1299 620 1415 649 animae
1426 643 1433 655 ,
1464 627 1536 658 quae
1565 618 1647 648 inter
1672 618 1755 648 bona

986 674 1124 704 maxima
1135 673 1377 712 computantur?
1387 671 1456 702 Non
1469 671 1571 701 solum
1582 673 1689 701 autem
1700 671 1755 701 dif-

984 728 1065 758 ficile
1076 731 1121 758 est
1133 728 1307 766 intelligere
1319 727 1417 765 hujus
1430 726 1557 756 virtutis
1569 725 1753 762 essentiam,

985 781 1037 811 sed
1057 780 1151 810 etiam
1173 779 1425 815 subsistentiam3
1451 778 1586 818 qualiter
1603 778 1637 817 (c)
1663 778 1749 808 enim

985 833 1127 863 accidens
1145 832 1307 872 spirituale
1325 831 1595 861 substantificatur
1620 830 1652 860 in
1674 830 1755 860 sub-

981 887 1064 924 Jecto
1080 885 1248 924 corporali,
1262 894 1334 914 cum
1348 886 1471 913 naturae
1484 883 1594 913 ordine
1605 882 1645 921 (d)
1660 892 1756 922 quem

986 938 1066 968 Deus
1082 946 1145 967 non
1160 937 1311 977 pervertit
1323 946 1377 976 per
1391 935 1581 966 miraculum
1592 958 1599 971 ,
1617 935 1758 965 substan-

985 991 1028 1020 tia
1042 991 1081 1020 sit
1101 992 1135 1027 (e)
1153 989 1289 1020 nobilior
1311 998 1368 1019 sua
1397 989 1610 1028 proprietate?
1633 988 1715 1025 Aut,
1732 987 1758 1017 si

986 1044 1114 1083 ponitur
1131 1042 1184 1072 illa
1199 1042 1302 1072 virtus
1317 1041 1473 1081 specialis,
1490 1043 1526 1071 ut
1540 1041 1574 1070 in
1591 1041 1733 1080 subjecto
1747 1062 1756 1077 ,

986 1097 1017 1126 in
1038 1096 1134 1126 verbo
1154 1098 1184 1125 et
1203 1095 1373 1132 elemento,
1398 1103 1496 1134 quare
1523 1102 1587 1123 non
1612 1093 1758 1123 similiter

987 1152 1053 1190 ipsa
1067 1150 1181 1189 gratia,
1199 1158 1271 1188 quae
1285 1149 1377 1179 debet
1392 1148 1516 1178 infundi
1529 1147 1656 1184 animae,
1673 1147 1758 1186 quod

987 1204 1091 1234 nescio
1107 1203 1133 1233 si
1149 1203 1263 1242 aliquis
1278 1204 1360 1232 recte
1376 1201 1557 1240 intelligens
1572 1201 1675 1230 dicat?
1695 1200 1759 1230 Aut

988 1257 1013 1286 si
1028 1258 1074 1286 est
1089 1257 1120 1285 in
1150 1256 1290 1295 suffecto
1311 1255 1481 1294 corporali,
1504 1254 1664 1294 quomodo
1695 1262 1760 1284 una

987 1310 1088 1340 virtus
1103 1312 1131 1339 et
1148 1309 1284 1348 qualitas
1299 1309 1443 1338 absoluta
1456 1307 1550 1337 simul
1566 1307 1679 1346 poterit
1691 1316 1758 1337 esse

988 1363 1021 1392 in
1036 1362 1161 1392 duobus
1176 1361 1342 1400 subjectis,
1364 1360 1461 1391 verbo
1481 1359 1627 1390 videlicet
1644 1361 1674 1388 et
1696 1358 1759 1389 ele-

988 1418 1110 1451 mento,
1128 1424 1166 1444 ex
1184 1414 1300 1453 quihus
1315 1413 1371 1443 etsi
1386 1414 1441 1443 fiat
1456 1422 1560 1443 unum
1579 1421 1758 1442 sacramen-

988 1471 1075 1505 tum,
1093 1470 1278 1498 nontamen
1296 1468 1331 1496 fit
1354 1475 1457 1496 unum
1479 1475 1535 1505 per
1559 1467 1708 1496 naturam
1731 1467 1761 1495 et

988 1521 1175 1551 essentiam?
1187 1519 1296 1550 Unitas
1308 1522 1414 1550 autem
1427 1518 1569 1556 virtutis,
1584 1518 1760 1548 secundum

989 1574 1073 1613 quod
1088 1574 1161 1604 dicit
1180 1576 1210 1603 et
1225 1573 1294 1603 vult
1315 1572 1557 1609 Damascenus2,
1574 1579 1758 1610 correspon-

988 1627 1039 1657 det
1054 1627 1167 1657 unitati
1186 1626 1370 1656 substantiae
1390 1627 1420 1655 et
1439 1627 1574 1655 naturae.
1598 1624 1663 1654 Aut
1683 1632 1760 1662 ergo

989 1680 1021 1710 in
1042 1689 1107 1710 uno
1122 1680 1318 1709 sacramento
1336 1687 1400 1709 non
1418 1679 1464 1708 est
1483 1686 1548 1707 una
1565 1677 1682 1714 virtus,
1707 1676 1761 1706 sed

988 1733 1109 1772 plures;
1140 1735 1195 1763 ant
1222 1732 1275 1762 illa
1298 1731 1401 1762 virtus
1426 1730 1599 1770 composita
1622 1730 1683 1766 est;
1707 1729 1762 1758 aut

989 1795 1091 1815 unum
1107 1785 1249 1816 accidens
1264 1785 1414 1824 simplex,
1429 1786 1460 1814 et
1470 1782 1645 1822 spirituale,
1659 1783 1689 1811 et
1699 1781 1760 1811 im-

989 1839 1152 1878 partibile,
1175 1838 1271 1868 simul
1293 1837 1352 1868 erit
1379 1837 1413 1866 in
1436 1835 1568 1865 diversis
1586 1834 1760 1873 subjectis:

989 1891 1073 1930 quod
1088 1894 1191 1921 totum
1213 1890 1305 1920 valde
1329 1888 1455 1919 difficile
1469 1890 1516 1918 est
1531 1886 1708 1925 intelligere
1723 1885 1761 1916 de

988 1945 1041 1974 illa
1056 1944 1184 1974 virtute.
1201 1943 1263 1973 Nec
1278 1942 1383 1973 solum
1406 1942 1466 1971 ista
1485 1941 1547 1971 duo
1567 1939 1693 1970 difficile
1715 1940 1762 1969 est

989 1997 1165 2035 intelligere
1188 1996 1225 2026 de
1247 1996 1299 2025 illa
1322 1995 1460 2032 virtute,
1480 1994 1533 2024 sed
1548 1993 1643 2023 etiam
1662 1991 1758 2022 dura-

989 2050 1081 2080 tionis
1096 2057 1291 2079 mensuram.

1029 2103 1167 2132 Dubium
1180 2102 1265 2132 enim
1278 2102 1339 2138 est,
1352 2102 1462 2130 utrum
1474 2099 1557 2130 Deus
1569 2098 1688 2129 dederit
1699 2099 1761 2129 vir-

988 2158 1087 2186 tutem
1100 2155 1187 2185 illam
1200 2163 1273 2184 cum
1287 2153 1390 2193 primo
1402 2152 1547 2190 instituit,
1562 2154 1617 2182 aut
1626 2151 1664 2182 de
1675 2159 1759 2182 novo

988 2209 1049 2239 det.
1076 2208 1136 2239 Sed
1166 2207 1324 2247 quomodo
1357 2216 1375 2236 a
1406 2205 1559 2246 principio
1576 2205 1660 2236 dedit
1684 2204 1735 2235 his
1748 2228 1757 2242 ‚

988 2272 1060 2302 qnae
1076 2262 1218 2292 nondum
1232 2262 1340 2298 erant,
1360 2260 1440 2289 sicut
1454 2259 1573 2296 verbis,
1590 2266 1662 2297 quae
1676 2266 1758 2297 quo-

988 2316 1062 2346 tidie
1083 2316 1121 2345 de
1143 2323 1227 2345 novo
1248 2313 1447 2344 formantur?
1472 2311 1504 2342 Si
1528 2311 1566 2342 de
1588 2319 1672 2341 novo
1686 2310 1756 2346 dat,

988 2372 1064 2399 tunc
1074 2368 1212 2408 quotidie
1226 2368 1258 2398 in
1272 2366 1476 2397 sacramentis
1489 2374 1554 2395 non
1568 2364 1671 2394 solum
1687 2371 1759 2402 gra-

988 2422 1080 2459 tiam,
1097 2422 1150 2452 sed
1165 2421 1260 2451 etiam
1275 2421 1335 2450 alia
1352 2419 1522 2450 accidentia
1537 2419 1620 2447 creat
1638 2427 1644 2446 z
1667 2418 1697 2446 et
1710 2418 1759 2446 ta—

988 2485 1062 2506 men
1085 2475 1248 2505 consuevit
1271 2474 1346 2510 dici,
1374 2472 1458 2512 quod
1485 2469 1653 2501 creationis
1678 2478 1759 2509 opus

989 2538 1052 2559 non
1067 2530 1173 2558 currat
1186 2527 1248 2557 nisi
1264 2527 1345 2557 circa
1360 2526 1481 2556 exitum
1499 2523 1614 2554 animae
1629 2522 1660 2552 in
1677 2530 1756 2560 esse,

1022 2610 1026 2622 ¹
1045 2610 1117 2638 Aug„
1134 2608 1158 2630 in
1174 2608 1255 2636 doun„
1270 2607 1341 2630 tract.
1359 2611 1436 2634 Lux,
1454 2611 1479 2627 n.
1493 2606 1516 2627 3.
1530 2616 1554 2620 —
1566 2603 1575 2618 ²
1590 2603 1719 2631 Damaso„
1729 2601 1758 2627 de

990 2644 1052 2668 Fide
1063 2643 1169 2673 orthod„
1183 2643 1226 2667 lib.
1242 2643 1283 2671 ΙΙΙ,
1299 2650 1321 2666 c.
1338 2647 1369 2665 xv
1384 2642 1408 2665 et
1423 2646 1478 2665 XIX.
