2017 2948
369 173 466 207 DIST.
489 174 513 205 l.
537 172 654 206 PART.
678 173 702 203 Ι.
718 172 809 203 ART.
833 171 856 203 l.
877 146 1026 209 QfiAEST.
1051 169 1101 201 IV.
1124 169 1176 201 AD
1198 169 1348 207 QUAEST.
1374 170 1412 201 11.
1434 169 1576 202 LATER.

178 242 274 273 etiam
287 241 397 273 dicunt
409 241 494 281 quod
507 241 608 281 potest
619 239 692 278 dici,
704 239 787 280 quod
802 239 842 269 sit
856 247 951 269 causa

178 295 364 335 disponens,
392 294 444 325 vel
466 293 506 324 ad
530 293 590 323 11οο
615 292 701 332 quod
723 292 816 330 insit,
839 291 890 323 vel
912 291 951 322 ad

179 347 238 378 hoe
257 347 344 387 quod
365 347 477 378 efficax
499 346 554 383 sit,
577 347 607 376 et
630 345 690 375 hoc
712 345 833 375 ratione
848 343 951 384 operis

180 400 300 440 operati
317 410 325 430 :
344 409 409 431 non
430 400 474 430 510
494 400 602 430 autem
625 400 691 429 erat
713 397 747 428 in
769 397 832 428 illis
846 405 950 428 sacra-

182 453 306 484 mentis.

221 508 251 537 4.
266 506 313 537 Ad
332 505 409 536 illud
425 505 509 545 quod
532 504 692 545 objicitur,
713 503 799 544 quod
820 504 952 543 signum

185 568 224 589 ex
234 558 378 590 humana
389 557 584 589 institutione
598 559 729 596 generat
737 557 953 596 cognitionem

184 614 214 642 et
228 611 425 642 affectionem
439 610 649 650 spiritualem,
663 610 772 641 dicunt
787 609 872 649 quod
894 609 954 640 hoc

185 667 230 696 est
245 664 442 696 solummodo
459 664 660 704 dispositive,
683 663 750 695 sive
773 663 954 693 occasiona-

184 718 265 755 liter,
282 727 344 748 non
371 717 514 749 effective
532 728 539 747 z
560 717 628 757 ipsa
643 716 752 747 anima
767 716 954 747 conferendo

185 771 217 801 in
232 771 399 810 semetipsa
411 770 638 809 cognitionem,
657 772 790 809 generat
813 771 844 799 et
858 770 955 800 affec—

185 824 315 861 tionem,
327 824 409 853 sicut
420 824 503 862 patet
517 822 664 862 exemplo
679 822 857 860 manifesto,
869 823 955 861 quod

185 876 239 907 3111
255 876 362 907 vident
379 875 568 915 patibulum,
586 878 617 905 et
641 875 764 912 timent,
789 874 840 905 3111
864 884 930 905 0011
947 885 954 904 2

185 932 291 961 tamen
306 938 361 969 per
377 929 435 959 1100
450 937 517 959 000
531 930 632 968 potest
651 928 784 965 ostendi,
801 927 885 967 quod
904 937 956 958 53-

186 985 383 1014 cramentum
399 982 438 1012 sit
452 990 547 1012 03053
563 981 701 1011 efficiens
717 980 841 1019 gratiae.

227 1038 255 1067 5.
270 1035 317 1066 Ad
337 1035 415 1065 illud
429 1034 514 1074 quod
529 1034 677 1074 obiicitur
693 1034 731 1064 de
746 1032 957 1064 transfusione

187 1089 288 1129 culpae
316 1088 472 1119 mediante
495 1096 606 1124 03100,
634 1086 742 1117 dicunt
767 1086 853 1126 quod
877 1086 958 1116 sicut

189 1142 291 1181 gratia
311 1150 375 1172 non
390 1142 437 1171 est
457 1140 491 1170 in
511 1139 616 1179 aliquo
639 1139 812 1179 corporali,
837 1139 881 1169 510
900 1148 958 1169 nec

187 1195 289 1234 culpa.
308 1193 368 1224 Sed
388 1196 494 1224 tamen
510 1193 664 1224 vitiositas
678 1193 712 1223 10
733 1202 826 1223 carne
841 1192 958 1223 habere

186 1249 287 1287 potest
300 1246 455 1277 rationem
470 1246 627 1276 efficiendi
649 1246 775 1285 culpam
790 1245 823 1275 in
838 1246 956 1286 amma,

188 1309 250 1330 non
266 1299 309 1329 sic
326 1299 428 1329 virtus
445 1298 635 1329 sacramenti
650 1299 800 1337 gratiam.
812 1298 850 1328 Et
865 1308 960 1329 causa

189 1353 287 1392 hujus
299 1354 361 1389 est,
376 1352 451 1391 quia
476 1352 580 1391 gratia
604 1353 649 1382 est
672 1352 802 1382 effectus
826 1352 960 1382 nobilior

189 1405 276 1436 omni
284 1405 401 1436 virtute
410 1405 578 1444 corporali,
588 1411 618 1435 et
629 1405 665 1434 fit
679 1414 719 1435 ex
734 1404 845 1443 nihilo,
854 1407 885 1435 et
898 1405 959 1436 hoc

189 1461 236 1489 est
249 1458 347 1488 solius
357 1458 410 1488 Dei
429 1467 434 1486 :
453 1458 506 1488 sed
521 1458 650 1488 effectus
665 1458 765 1497 culpae
777 1458 850 1489 dicit
864 1458 871 1487 i
876 1467 959 1497 gno—

190 1512 351 1548 bilitatem,
369 1514 399 1542 et
422 1510 691 1550 imperfectionem
702 1534 711 1549 ,
728 1513 758 1541 et
777 1510 933 1541 defectum
951 1522 957 1542 :

190 1564 260 1595 ideo
276 1565 383 1595 omnia
398 1566 592 1602 argumenta
606 1563 660 1593 illa
673 1572 737 1594 non
752 1564 870 1602 valent,
887 1572 959 1603 quae

191 1618 273 1648 fiunt
288 1626 343 1657 per
364 1616 605 1647 similitudinem
626 1616 740 1655 gratia),
760 1616 798 1647 ad
820 1617 956 1657 eulpam.

230 1672 260 1702 6.
276 1670 324 1700 Ad
347 1669 425 1700 illud
441 1669 526 1709 quod
541 1669 701 1708 objicitur,
716 1669 802 1709 quod
819 1669 961 1701 Christus

192 1723 347 1763 potentior
361 1725 407 1754 est
421 1724 453 1754 in
468 1724 601 1760 bonum,
619 1723 728 1754 dicunt
747 1724 831 1763 quod
846 1733 960 1755 verum

191 1779 253 1814 est;
279 1786 336 1807 000
356 1780 465 1808 tamen
493 1777 638 1816 sequitur
661 1787 701 1808 ex
728 1777 787 1807 1100
801 1800 809 1815 ,
830 1777 916 1817 quod
935 1777 961 1807 si

191 1830 292 1861 Adam
314 1830 498 1861 transmittit
522 1830 647 1870 culpam
673 1830 829 1861 mediante
853 1839 958 1869 carne,

192 1883 278 1924 quod
293 1882 436 1914 Christus
449 1884 640 1914 transmittat
651 1884 788 1923 gratiam
804 1883 961 1914 mediante

192 1938 389 1967 sacramento
413 1945 420 1965 :
445 1945 520 1966 nam
544 1936 630 1966 istud
651 1938 733 1967 esset
757 1936 959 1967 inordinatio.

194 1988 359 2026 Praeterea,
374 1989 453 2020 sicut
466 1991 610 2020 creatura
629 1997 692 2020 000
708 1990 807 2028 potest
822 1989 960 2029 recipere

193 2044 377 2082 potestatem
392 2043 530 2082 creandi,
552 2043 596 2073 510
611 2052 669 2074 nec
691 2043 786 2074 dandi
810 2042 960 2083 gratiam.

232 2100 261 2128 7.
279 2097 327 2129 Ad
341 2097 419 2129 illud
432 2097 574 2129 Anselmi
589 2097 708 2135 dieunt,
725 2097 811 2137 quod
827 2106 891 2128 non
911 2097 960 2127 in-

192 2150 344 2190 telligitur
383 2151 466 2191 quod
505 2151 762 2182 transfunderent
803 2149 961 2190 justitiam

194 2212 286 2234 03100
298 2204 469 2242 medIante3
487 2204 540 2235 sed
555 2205 641 2244 quod
650 2213 760 2235 omnes
776 2203 891 2244 posteri
906 2203 961 2234 ha-

194 2257 302 2288 herent
322 2257 407 2288 illam
419 2258 575 2297 justitiam
591 2268 610 2289 a
626 2258 699 2296 Deo,
712 2257 788 2298 (1013
805 2265 869 2287 11011
881 2259 964 2289 055οῐ

194 2310 459 2350 impedimentum
473 2320 513 2342 ex
528 2314 616 2352 parte
630 2311 747 2342 carnis.

275 2404 313 2425 AD
335 2404 451 2426 PRIMAM
471 2404 668 2431 QUAESTIONEM
688 2405 881 2427 LATERALEM.

235 2470 283 2502 Ad
305 2470 383 2501 illud
410 2470 496 2510 quod
515 2471 693 2510 quaeritur,
721 2473 832 2502 utrum
856 2481 963 2502 sacra-

198 2527 341 2555 mentum
360 2524 400 2554 sit
425 2532 519 2554 causa
542 2524 723 2563 (1151100005,
746 2524 855 2556 dicunt
879 2524 963 2565 qnod

197 2577 252 2616 510,
267 2577 348 2608 sicut
361 2578 480 2608 tactum
496 2577 567 2616 suit,
582 2576 659 2617 quia
677 2577 816 2617 disponit
835 2578 875 2609 ad
893 2578 965 2608 effi-

199 2631 315 2662 caciam
330 2631 454 2670 gratiae‚
472 2630 661 2663 remittendo
673 2631 827 2670 fomitem,
839 2631 893 2671 qui
908 2631 965 2661 im-

1712 172 1771 202 259

1006 237 1090 277 pedit
1103 236 1318 276 operationem
1333 237 1457 276 gratiae.
1472 237 1540 276 Vel,
1557 237 1639 268 sicut
1652 239 1773 268 tactum

1006 289 1075 328 suit,
1093 290 1169 329 quia
1180 290 1316 330 disponit
1330 291 1370 322 ad
1389 291 1450 321 hoc
1468 291 1553 331 quod
1576 291 1681 330 gratia
1700 290 1775 322 insit

1006 343 1134 381 animae,
1149 343 1297 382 quamvis
1310 352 1375 374 non
1389 343 1534 383 disponat
1554 344 1593 374 ad
1616 344 1675 375 hoc
1689 344 1774 383 quod

1007 396 1046 426 sit
1063 405 1069 424 :
1084 397 1115 426 et
1130 395 1190 426 hoc
1206 398 1251 426 est
1267 396 1380 435 dicere,
1397 396 1482 436 quod
1498 397 1601 436 gratia
1614 406 1776 437 compara-

1007 451 1061 480 tur
1083 449 1123 479 ad
1143 458 1272 479 causam
1295 449 1494 488 efficientem,
1517 451 1717 489 comparatur
1737 449 1777 480 ad

1008 501 1215 532 substantiam
1224 498 1446 542 suscipientem
1461 504 1705 540 sacramentum3
1714 511 1778 533 non

1009 556 1116 585 autem
1137 554 1276 594 disponit
1299 564 1317 585 a
1340 556 1429 595 parte
1453 555 1599 594 agentis,
1623 554 1705 595 quod
1732 557 1779 586 est

1010 608 1101 645 11005,
1127 607 1181 638 5οᾱ
1209 617 1228 639 3
1254 609 1344 647 parte
1372 608 1591 648 suscipientis,
1620 608 1705 648 quod
1732 610 1778 639 est

1009 661 1129 691 anima.

1050 717 1079 744 1.
1096 714 1134 745 Et
1144 714 1189 745 sic
1203 716 1288 754 patet
1302 714 1465 754 responsio
1480 713 1520 744 ad
1534 713 1613 744 illud
1627 713 1712 753 quod
1726 712 1780 744 ob-

1006 767 1129 807 jicitur,
1145 767 1231 806 quod
1252 767 1355 806 gratia
1381 769 1428 797 est
1453 775 1492 797 ex
1516 766 1617 797 nihilo
1642 775 1650 796 :
1673 766 1782 797 dicunt

1011 820 1096 850 enim
1118 820 1203 859 quod
1234 821 1468 850 sacramentum
1495 828 1560 850 non
1581 819 1719 859 disponit
1740 819 1780 850 ad

1011 873 1148 912 gratiam
1158 873 1281 904 ratione
1291 873 1318 911 ej
1324 881 1361 903 us
1373 881 1412 902 ex
1424 881 1500 912 quo,
1512 872 1565 903 sed
1578 872 1699 903 ratione
1712 873 1739 912 ej
1745 881 1782 904 us

1011 926 1045 956 in
1059 934 1122 965 (100
1137 925 1299 965 recipitur.

1051 980 1081 1009 2.
1097 977 1145 1008 Ad
1160 977 1239 1008 illud
1252 977 1337 1016 quod
1348 977 1508 1016 objicitur,
1522 977 1607 1017 quod
1618 977 1781 1018 dispositio

1012 1031 1160 1070 praecedit
1174 1030 1251 1060 illud
1266 1030 1305 1060 ad
1321 1030 1407 1069 quod
1421 1030 1568 1070 disponit,
1581 1030 1689 1062 dicunt
1698 1031 1783 1071 quod

1013 1093 1077 1115 non
1098 1092 1223 1123 semper
1246 1083 1396 1123 praecedit
1420 1084 1574 1123 tempore,
1597 1083 1677 1115 sicut
1699 1086 1785 1124 patet

1012 1137 1046 1167 in
1068 1137 1270 1176 dispositione
1289 1145 1361 1176 (10εο
1381 1138 1428 1166 est
1454 1136 1640 1175 necessitas,
1661 1137 1729 1169 sive
1750 1138 1784 1169 in

1013 1189 1216 1229 dispositione
1230 1189 1343 1219 ultima
1361 1198 1368 1219 :
1385 1189 1429 1219 sic
1444 1191 1676 1221 sacramentum
1686 1191 1784 1230 digne

1013 1245 1195 1282 susceptum
1209 1242 1345 1282 disponit
1360 1242 1564 1282 dispositione
1579 1242 1701 1282 ultima,
1711 1252 1784 1283 (1οω

1015 1296 1109 1326 510101
1128 1297 1174 1326 est
1196 1296 1336 1334 tempore
1358 1304 1431 1325 00111
1454 1295 1568 1334 gratia,
1593 1296 1648 1327 sed
1671 1297 1785 1327 natura

1014 1348 1112 1388 prior,
1129 1349 1209 1378 sicut
1224 1357 1263 1378 ex
1278 1350 1366 1387 parte
1379 1347 1443 1378 illa.

1057 1403 1085 1432 3.
1102 1401 1150 1432 Ad
1164 1401 1242 1432 illud
1257 1401 1342 1441 quod
1357 1400 1516 1440 objicitur,
1531 1401 1616 1440 quod
1639 1402 1665 1432 si
1678 1401 1785 1443 dispo-

1015 1455 1072 1493 nit,
1090 1455 1207 1492 inssuit,
1225 1454 1335 1485 dicunt
1357 1453 1442 1494 quod
1459 1453 1574 1484 influit.
1597 1454 1685 1492 Quod
1708 1463 1786 1495 ergo

1015 1507 1173 1547 objicitur,
1190 1507 1276 1547 quod
1298 1507 1422 1537 nullum
1446 1506 1609 1546 corporale
1631 1507 1739 1538 influit
1752 1508 1787 1539 in

1015 1560 1195 1600 spirituale,
1221 1560 1331 1590 dicunt
1357 1559 1441 1599 quod
1468 1559 1501 1590 in
1524 1562 1720 1591 sacramento
1741 1563 1789 1592 est

1019 1613 1125 1654 aliqua
1140 1613 1243 1645 virtus
1260 1612 1432 1653 spiritualis
1447 1621 1503 1652 per
1523 1622 1621 1653 quam
1638 1613 1742 1645 influit
1755 1613 1789 1645 in

1016 1667 1168 1698 animam.
1186 1665 1305 1697 Tamen
1319 1666 1372 1697 illa
1387 1665 1467 1696 ratio
1485 1674 1551 1696 non
1567 1665 1649 1697 valet
1672 1675 1787 1698 secun-

1016 1722 1093 1753 dum
1107 1731 1171 1760 eos,
1187 1722 1262 1762 quia
1276 1722 1311 1752 in
1328 1721 1435 1752 anima
1447 1721 1632 1752 mundanda
1653 1724 1700 1753 est
1713 1731 1789 1754 con-

1016 1775 1154 1806 siderare
1169 1775 1271 1815 ipsam
1287 1774 1510 1814 substantiam,
1522 1777 1551 1805 et
1566 1775 1669 1814 ipsam
1683 1784 1789 1807 macu-

1015 1828 1080 1859 lam
1102 1838 1120 1858 a
1142 1837 1206 1868 qua
1227 1828 1401 1859 mundatur
1425 1836 1433 1858 ε
1459 1829 1490 1858 et
1513 1827 1585 1858 licet
1613 1828 1788 1859 secundum

1016 1880 1224 1913 substantiam
1246 1881 1286 1911 sit
1301 1881 1446 1921 superior
1467 1880 1557 1912 omni
1573 1889 1722 1921 eorpore3
1738 1882 1787 1912 ta-

1017 1943 1102 1972 men,
1122 1934 1243 1966 ratione
1268 1933 1400 1965 maculae
1423 1933 1473 1965 vel
1494 1934 1647 1972 defectuS,
1668 1936 1715 1965 est
1737 1933 1787 1965 in-

1017 1988 1122 2019 ferior.

1137 2079 1177 2100 AD
1199 2077 1398 2105 QUAESTIONEM
1419 2078 1451 2099 11.
1474 2077 1666 2100 LATERALEM.

1057 2147 1105 2178 Ad
1120 2147 1199 2178 illud
1215 2146 1300 2187 quod
1319 2146 1486 2187 quaeritur,
1502 2149 1612 2178 utrum
1628 2146 1669 2178 sit
1690 2147 1722 2178 in
1736 2156 1787 2179 sa-

1018 2201 1187 2232 cramentis
1202 2209 1319 2240 ponere
1336 2200 1486 2231 virtutem
1507 2202 1657 2238 creatam,
1680 2200 1790 2232 dicunt

1018 2255 1103 2295 quod
1118 2255 1173 2285 510.
1191 2253 1281 2291 Quod
1300 2262 1380 2292 ergo
1396 2252 1563 2293 quaeritur,
1580 2255 1690 2284 utrum
1712 2253 1788 2284 suh-

1019 2308 1145 2345 stantia,
1162 2309 1217 2338 aut
1232 2306 1386 2344 accidens,
1402 2306 1512 2337 dicunt
1525 2305 1612 2346 quod
1633 2305 1788 2337 accidens.

1020 2361 1109 2398 Quod
1121 2361 1239 2391 iterum
1255 2359 1423 2399 quaeritur,
1433 2362 1543 2389 utrum
1559 2358 1704 2389 accidens
1719 2367 1791 2389 cor-

1020 2414 1138 2454 porale,
1147 2416 1202 2444 aut
1214 2412 1389 2453 spirituale,
1399 2412 1509 2442 dicunt
1518 2411 1602 2451 quod
1614 2411 1788 2451 spirituale.

1020 2467 1108 2504 Quod
1124 2466 1271 2506 objicitur
1287 2468 1404 2505 postea,
1421 2464 1506 2504 quod
1530 2464 1672 2494 accidens
1695 2464 1790 2504 spiri-

1020 2520 1106 2551 tuale
1126 2529 1192 2550 non
1210 2521 1258 2550 est
1280 2519 1315 2549 in
1337 2518 1478 2557 subjecto
1501 2517 1667 2556 corporali,
1682 2517 1792 2549 dicunt

1021 2573 1106 2614 quod
1126 2581 1240 2604 verum
1255 2573 1302 2602 est
1314 2570 1501 2601 naturaliter
1517 2578 1525 2600 ε
1542 2569 1596 2600 5οᾱ
1616 2569 1723 2610 ipsum
1738 2579 1788 2602 sa-

1022 2629 1219 2658 cramentum
1240 2625 1334 2654 habet
1348 2623 1433 2652 illam
1449 2622 1598 2653 virtutem
1621 2632 1718 2664 supra
1732 2633 1790 2655 na-
