2017 2948
647 183 743 215 DIST.
767 183 872 215 XXXI.
896 181 985 213 ART.
1010 181 1047 212 11.
1071 181 1220 219 QUAEST.
1246 184 1283 214 ΙΙ.

149 253 379 296 oppositionem
394 252 489 284 hahet
502 251 542 282 ad
556 251 675 281 statum
685 249 808 290 gloriae.
822 258 920 290 quam

149 308 189 340 ad
202 309 320 339 statum
333 305 451 347 peccati
466 315 474 336 :
492 306 524 336 et
536 303 606 335 ideo
620 312 677 344 per
705 303 842 343 gloriam
865 303 920 335 ha-

148 361 201 393 het
220 360 379 398 evacuari,
404 358 553 399 quamvis
581 367 647 388 non
667 358 782 388 habeat
795 357 834 398 (a)
863 366 920 398 per

148 416 311 455 peecatum
324 412 403 443 tolli.

189 470 219 498 5.
237 467 286 497 Ad
299 466 377 497 illud
391 464 477 505 quod
491 463 653 503 objicitur,
672 462 758 503 quod
779 462 921 502 cognitio

150 520 308 551 matutina
321 528 386 550 non
401 517 539 549 excludit
557 516 784 556 vespertinam,
800 524 859 546 neo
872 515 922 546 vi-

149 573 196 604 sio
212 573 246 603 in
265 572 367 612 specie
380 570 519 602 excludit
535 569 691 600 visionem
716 569 751 599 in
778 569 917 608 speculo,

149 626 318 658 dicendum
329 625 415 665 quod
429 623 533 655 differt
548 623 663 661 dicere,
679 622 788 654 videre
801 631 865 655 rem
883 623 921 654 in

149 679 284 718 speculo,
292 680 323 709 et
332 685 390 718 per
404 677 574 717 speculum.
593 676 653 707 Per
663 676 827 716 speculum
836 676 921 707 enim

151 731 267 762 dicitur
273 730 380 762 videre
389 729 500 767 Deum,
507 729 562 769 qui
569 729 707 759 ascendit
714 738 731 759 a
742 728 923 768 cognitione

150 786 302 815 creaturae
309 783 346 814 ad
355 782 741 822 cognitionemCreatoris;
752 783 787 813 in
799 782 922 821 speculo

150 836 360 873 autemvidet,
370 836 426 876 qui
440 835 538 866 Deum
555 836 588 865 in
604 835 671 874 ipsa
687 838 831 865 creatura
841 835 923 865 clare

150 889 304 920 intuetur.
319 888 427 920 Prima
434 888 516 919 visio
524 897 589 918 non
601 887 701 917 eritin
716 887 830 926 gloria,
847 887 922 927 quia

151 950 214 973 non
233 941 294 973 erit
320 940 365 972 ibi
391 940 567 971 necessaria
586 940 686 977 scala;
719 941 857 971 secunda
870 949 922 972 ve-

150 1003 186 1025 ro
200 994 270 1033 erit,
297 994 374 1034 quia
401 994 482 1025 Deus
505 993 666 1025 videbitur
681 995 788 1033 aperte
809 993 842 1023 in
857 1002 922 1024 om-

151 1047 247 1078 nibus
267 1047 431 1084 creaturis,
447 1049 482 1078 ut
498 1047 784 1086 dicitAugustinus
796 1047 828 1077 in
840 1046 922 1077 libro

150 1100 265 1132 ultimo
281 1100 320 1132 cle
337 1100 474 1133 Civitate
486 1100 548 1132 Dei
562 1103 571 1120 ¹
590 1109 597 1130 :
615 1102 646 1131 et
675 1100 728 1130 illa
749 1100 830 1131 visio
850 1109 922 1139 quae

150 1155 196 1184 est
210 1162 266 1193 per
280 1153 457 1193 speculum,
480 1154 598 1193 spectat
618 1153 657 1184 ad
676 1153 777 1193 ipsam
804 1153 920 1191 fidem;

150 1205 204 1237 illa
218 1215 306 1245 vero,
317 1215 389 1246 quae
403 1208 451 1237 est
465 1206 500 1237 in
513 1206 642 1246 speculo
655 1208 819 1244 creaturae,
833 1216 920 1246 spec-

151 1260 195 1290 tat
208 1259 246 1290 ad
262 1259 479 1298 cognitionem
497 1260 723 1299 vespertinam,
747 1268 821 1299 quae
842 1259 922 1290 hene

151 1312 264 1352 poterit
278 1312 399 1344 servari
414 1312 447 1342 in
461 1312 563 1352 patria
578 1323 585 1343 ε
604 1314 634 1343 et
646 1313 716 1343 ideo
731 1322 795 1343 non
819 1315 865 1343 est
876 1313 921 1343 si-

151 1366 226 1397 mile
239 1367 277 1398 de
290 1366 363 1405 fide,
378 1368 409 1397 et
422 1367 603 1406 cognitione
616 1367 680 1397 illa.
697 1367 736 1398 Et
755 1367 919 1398 attenden-

151 1419 229 1450 dum
241 1421 287 1450 est
303 1419 364 1458 hic,
377 1419 462 1459 quod
474 1419 546 1459 plus
560 1420 666 1450 differt
684 1420 764 1451 visio
781 1429 837 1460 per
851 1430 923 1460 spe-

152 1472 232 1504 ciem
242 1482 261 1503 a
270 1472 391 1504 visione
407 1482 462 1512 per
477 1472 641 1512 speculum
652 1475 808 1512 quantum
823 1473 862 1504 ad
874 1483 923 1504 co-

151 1526 329 1566 gnitionem
344 1526 443 1566 ipsius
456 1525 522 1565 Dei,
536 1535 633 1565 quam
648 1528 803 1565 quantum
816 1526 855 1556 ad
869 1535 920 1556 eo-

152 1579 329 1620 gnitionem
356 1579 492 1619 alicuius
516 1581 670 1610 creaturae
695 1579 863 1610 sensibilis.
887 1579 921 1610 Si

152 1632 236 1664 enim
250 1632 357 1672 aliqua
371 1634 517 1663 creatura
530 1632 686 1663 sensibilis
714 1632 861 1663 videatur
888 1632 922 1663 in

152 1685 280 1725 propria
287 1687 412 1723 natura,
425 1686 456 1716 et
468 1685 613 1716 videatur
628 1694 684 1724 per
697 1684 826 1725 aliquod
847 1694 921 1725 spe-

151 1738 272 1777 culum,
288 1738 322 1769 in
337 1747 400 1778 quo
419 1738 560 1777 resultat,
586 1747 650 1769 non
674 1740 721 1769 est
746 1738 924 1769 differentia

150 1790 234 1822 inter
252 1791 407 1823 visionem
425 1791 520 1822 istam
539 1793 571 1822 et
593 1791 693 1829 illam,
718 1791 780 1822 nisi
810 1791 844 1822 in
860 1791 922 1822 hoc

151 1843 235 1884 quod
249 1853 314 1875 una
327 1846 374 1875 est
386 1853 443 1884 per
464 1844 601 1884 speeiem
628 1844 805 1875 secundum
821 1844 922 1875 direc-

151 1896 270 1928 tionem
295 1897 481 1938 simplicem,
499 1898 561 1928 alia
585 1900 632 1928 est
652 1907 708 1938 per
721 1898 857 1938 speciem
871 1907 920 1929 se-

153 1949 294 1981 cundum
318 1950 525 1981 directionem
548 1950 700 1981 reflexam
717 1961 724 1981 z
740 1953 770 1981 et
790 1951 861 1981 ideo
883 1951 923 1981 ab

152 2011 218 2034 uno
233 2004 264 2033 et
286 2002 397 2033 eodem
424 2003 527 2040 oculo,
551 2005 582 2033 et
604 2003 780 2034 secundum
793 2013 922 2034 omnem

151 2057 281 2093 statum,
296 2055 335 2086 de
349 2055 460 2086 eadem
478 2065 512 2087 re
531 2056 599 2087 visa
613 2055 729 2096 ,haberi
752 2058 853 2096 potest
873 2057 921 2088 vi-

153 2108 212 2140 sio.
226 2108 262 2139 ln
276 2109 401 2140 visione
410 2109 519 2139 autem
531 2108 630 2148 ipsius
643 2108 708 2147 Dei,
725 2118 798 2149 quae
808 2111 855 2140 est
866 2119 922 2149 per

152 2162 299 2202 speciem,
322 2164 354 2193 et
377 2171 434 2203 per
446 2161 622 2202 speculum,
645 2163 749 2202 major
769 2164 815 2193 est
829 2163 922 2194 diffe-

153 2215 265 2254 rentia,
280 2216 351 2246 tum
366 2224 385 2246 a
395 2217 483 2255 parte
493 2215 639 2253 videntis,
656 2216 731 2255 quia
745 2216 777 2246 in
794 2226 860 2247 una
880 2217 921 2247 il-

153 2266 257 2298 larum
268 2269 315 2298 est
330 2267 492 2307 cognitiva
514 2268 653 2308 potentia
666 2268 866 2307 obumbrata,
890 2269 923 2300 in

154 2320 252 2352 altera
265 2320 443 2352 illuminata
451 2331 459 2359 ;
486 2322 556 2352 tum
572 2331 590 2351 a
610 2323 699 2361 parte
714 2322 821 2359 medii,
846 2322 923 2362 quia

153 2373 186 2405 in
197 2383 264 2406 una
275 2374 402 2405 videtur
416 2375 496 2405 Deus
505 2383 560 2415 per
570 2375 619 2406 sui
630 2375 809 2414 essentiam,
829 2375 862 2406 in
876 2375 924 2406 al-

153 2429 222 2459 tera
234 2436 312 2459 vero
326 2436 382 2467 per
393 2427 541 2458 effectum
552 2431 705 2459 creatum.
721 2428 759 2460 Et
769 2428 838 2460 ideo
857 2438 923 2460 una

154 2481 288 2512 istarum
297 2480 516 2520 cognitionum
532 2481 627 2512 estin
640 2481 746 2522 quiete
761 2484 791 2512 et
805 2482 835 2512 in
860 2484 920 2512 sta,-

188 2544 196 2560 ¹
207 2544 279 2574 Aug„
291 2542 323 2566 tle
337 2542 412 2566 civit.
425 2542 479 2569 Dei,
495 2542 539 2565 lib.
555 2544 630 2573 ΧΧΗ,
647 2550 790 2574 =:.xx1.x',n.
805 2546 828 2574 6,
840 2546 923 2575 quoad

155 2579 318 2602 sensum—¹
334 2578 353 2601 ΙΙ
368 2578 435 2605 Cor„
451 2583 475 2608 V,
490 2579 544 2601 ’1.-
555 2578 565 2594 ³
576 2579 616 2608 Cf.
631 2579 703 2603 Alex.
716 2579 832 2609 Mensis„
843 2582 923 2608 (loun,

156 2620 181 2645 p.
194 2614 240 2644 lll,
255 2613 338 2638 collat.
354 2619 437 2638 Lxxui
448 2630 455 2643 ‚
469 2614 554 2643 art-23
570 2614 596 2637 S.
608 2614 710 2644 Thom.,
726 2615 794 2646 ll-ll,
809 2621 833 2646 q.
847 2621 923 2645 xvm,

156 2651 202 2674 art.
222 2651 250 2681 25
265 2650 291 2673 et
304 2649 334 2673 111
346 2649 426 2679 Sent-¹
444 2649 502 2673 dist.
515 2654 586 2679 xxxi,
597 2656 622 2680 q.
640 2655 666 2678 11,
681 2651 728 2673 art.
740 2652 761 2677 1,
776 2657 802 2680 q.
819 2656 840 2680 1;
857 2651 925 2675 etde

1707 190 1744 217 15

977 251 1024 287 tu,
1032 249 1130 280 altera
1142 249 1258 281 veroin
1267 259 1452 290 progressu,
1472 252 1648 284 secundum
1660 254 1745 294 quod

976 301 1050 336 dicit
1065 301 1232 343 Apostolus
1245 305 1257 321 2
1274 314 1281 335 :
1302 304 1359 336 Per
1378 304 1475 343 fidem
1489 306 1703 339 ambulamus:
1715 309 1746 338 et

976 357 1047 388 ideo
1062 365 1127 387 una
1137 365 1192 395 per
1205 355 1337 386 alteram
1353 355 1484 387 tollitur.

1016 412 1047 441 6.
1073 409 1122 441 Ad
1144 409 1221 440 illud
1235 409 1321 448 quod
1347 409 1506 449 objicitur,
1527 411 1612 450 quod
1636 412 1746 444 lumen

977 463 1093 494 lumini
1110 472 1176 493 non
1191 464 1362 503 repugnat,
1392 463 1565 494 dicendum
1591 465 1676 504 quod
1689 474 1744 496 ve-

977 525 1052 547 rum
1065 518 1124 553 est,
1145 518 1301 556 quantum
1326 517 1374 547 est
1399 516 1438 547 de
1465 516 1596 548 luminis
1618 519 1744 549 natura.

977 569 1204 601 Verumtamen
1226 569 1307 600 hene
1334 569 1492 609 contingit
1511 579 1616 600 unum
1639 570 1747 601 lumen

978 632 1034 663 per
1043 622 1179 653 alterum
1192 622 1340 653 evacuari
1353 623 1475 653 ratione
1489 623 1582 663 alicuj
1589 632 1625 654 us
1648 633 1746 655 anne-

978 677 1011 707 xi
1024 676 1242 716 inseparabilis
1258 700 1267 714 ,
1283 676 1332 707 vel
1344 676 1557 716 dispositionis
1570 677 1750 716 praeeeden-

979 730 1028 767 tis,
1044 730 1096 761 vel
1110 730 1239 761 effeetus
1253 730 1484 770 consequentis.
1497 729 1583 761 Etsie
1597 731 1688 761 estin
1702 731 1749 762 lu-

979 784 1065 814 mine
1076 783 1160 821 fidei,
1176 784 1261 824 quod
1274 784 1370 814 habet
1377 783 1518 822 {enigma
1527 792 1690 814 annexum
1701 795 1708 815 :
1719 786 1749 815 et

979 846 1019 867 ex
1041 837 1101 867 hoc
1133 837 1236 867 oritur
1263 837 1348 876 quod
1376 836 1552 867 intellectus
1579 837 1749 868 inclinatur

979 890 1018 920 ab
1028 890 1154 927 affectu,
1167 892 1198 920 et
1205 890 1315 929 dirigit
1325 889 1487 920 hominem
1502 890 1541 920 ad
1552 899 1749 928 cognoscen-

978 943 1056 974 dum
1078 952 1143 974 non
1159 943 1275 973 visum.
1293 942 1331 974 Et
1359 942 1510 982 quoniam
1529 943 1649 973 tollitur
1665 943 1749 974 illius

979 996 1159 1036 aenigmatis
1176 996 1381 1036 interpositio,
1397 996 1518 1026 tollitur
1545 996 1639 1027 etiam
1655 999 1683 1027 et
1697 996 1750 1027 illa

979 1050 1153 1089 inclinatio,
1182 1050 1304 1081 tollitur
1335 1050 1548 1081 nihilominus
1575 1050 1749 1081 habilitatio

979 1104 1017 1135 ad
1033 1104 1289 1143 cognoscendum
1314 1113 1380 1134 non
1402 1104 1481 1141 visa,
1511 1104 1663 1144 quoniam
1686 1104 1749 1135 im-

982 1159 1128 1200 possibile
1141 1159 1200 1189 erit
1214 1159 1254 1189 ab
1266 1159 1319 1189 illa
1328 1167 1467 1197 superna
1480 1158 1550 1189 luce
1561 1158 1719 1189 absentari
1737 1169 1743 1188 :

982 1213 1056 1243 hinc
1067 1214 1113 1243 est
1122 1212 1207 1252 quod
1218 1212 1326 1242 lumen
1335 1212 1419 1250 fidei,
1429 1212 1515 1252 quod
1528 1214 1574 1242 est
1584 1212 1748 1252 proprium

978 1267 1066 1298 illius
1080 1266 1218 1304 habitus,
1240 1265 1311 1296 licet
1331 1274 1396 1296 non
1411 1265 1531 1296 ratione
1547 1266 1606 1302 sui,
1624 1266 1748 1296 ratione

979 1323 1085 1352 tamen
1093 1328 1304 1356 annexorum,
1315 1318 1556 1358 superveniente
1566 1319 1679 1358 gloria,
1690 1318 1745 1350 ha-

978 1374 1030 1405 het
1038 1373 1185 1405 evacuari
1196 1384 1202 1403 :
1214 1373 1273 1404 hoe
1281 1374 1388 1404 autem
1399 1372 1467 1403 dico
1476 1372 1513 1403 de
1523 1371 1655 1410 lumine,
1665 1372 1748 1412 quod

979 1428 1026 1457 est
1041 1426 1206 1466 proprium
1223 1425 1297 1456 fidei
1313 1433 1321 1454 ι
1346 1434 1421 1455 nam
1436 1425 1474 1455 de
1494 1425 1617 1455 lumine
1636 1424 1748 1464 gratiae

979 1481 1108 1518 gratum
1122 1479 1273 1515 facientis,
1290 1478 1464 1509 tenendum
1475 1480 1521 1508 est
1531 1477 1615 1517 quod
1624 1487 1688 1508 non
1696 1478 1749 1508 ha·

978 1534 1032 1564 bet
1042 1542 1097 1573 per
1108 1532 1245 1572 gloriam
1251 1531 1409 1570 evacuari,
1420 1531 1474 1562 sed
1485 1532 1589 1571 potius
1602 1540 1748 1562 consum-

978 1587 1072 1617 mari.

1226 1638 1430 1677 QUAESTIO
1451 1638 1493 1669 11.

1049 1708 1095 1734 An
1109 1714 1167 1743 spes
1180 1709 1320 1734 evacuetur
1332 1714 1381 1741 per
1395 1706 1538 1733 adventum
1552 1705 1645 1739 qlorz'oe
1655 1706 1676 1732 ³.

1019 1787 1132 1819 Utrum
1141 1796 1212 1828 spes
1227 1788 1400 1818 evacuetur
1416 1795 1471 1826 per
1487 1786 1660 1818 adventum
1676 1786 1748 1826 glo-

978 1842 1034 1873 riae
1048 1853 1054 1879 ;
1072 1844 1102 1872 et
1116 1841 1199 1881 quod
1212 1841 1267 1879 sic,
1281 1840 1407 1871 videtur
1422 1842 1453 1871 ¹0:
1468 1841 1545 1879 Spes
1567 1848 1638 1880 quoe
1659 1840 1750 1872 vide—

978 1898 1041 1934 ταν,
1056 1903 1120 1927 non
1134 1898 1178 1927 esc
1192 1902 1263 1934 spes
1271 1905 1283 1929 ,·
1296 1893 1402 1925 Glossa
1421 1904 1428 1923 :
1451 1893 1533 1923 «Res
1543 1895 1667 1933 sperata
1677 1902 1749 1933 quae

979 1949 1116 1985 videtur,
1133 1956 1199 1978 non
1213 1949 1260 1978 est
1267 1955 1349 1986 spe5‚
1365 1946 1396 1976 id
1408 1948 1465 1984 est,
1478 1955 1541 1977 non
1552 1948 1598 1977 est
1610 1946 1750 1986 subjecta

979 2002 1045 2041 spei
1053 2001 1175 2039 virtuti,
1186 2009 1260 2040 quae
1269 2009 1333 2030 11011
1342 2001 1388 2030 est
1397 1999 1456 2029 nisi
1469 1999 1508 2030 de
1518 2008 1582 2030 non
1591 2008 1749 2039 apparen-

978 2056 1098 2086 tibus.»
1116 2054 1148 2085 Si
1161 2063 1252 2092 ergo,
1264 2062 1319 2093 per
1334 2053 1507 2084 adventum
1524 2053 1647 2092 gloriae,
1664 2053 1750 2092 quod

978 2111 1046 2140 erat
1055 2109 1164 2146 latens,
1175 2108 1310 2139 efficitur
1323 2109 1448 2147 patens,
1460 2115 1587 2137 neeesse
1602 2108 1649 2138 est
1659 2107 1748 2138 habi-

979 2165 1048 2194 tum
1066 2162 1133 2203 spei
1151 2160 1301 2193 evacuari
1321 2160 1361 2191 ad
1386 2160 1587 2200 praesentiam
1610 2162 1746 2201 praemii.

1019 2216 1097 2247 Item
1110 2224 1181 2255 spes
1194 2216 1241 2245 est
1259 2213 1433 2254 expectatio
1447 2214 1563 2245 futurae
1578 2215 1744 2245 beatitudi-

979 2271 1027 2301 nis
1041 2275 1064 2308 ⁵‚
1085 2268 1263 2300 secundum
1281 2267 1366 2307 quod
1383 2266 1500 2298 dicitur
1522 2268 1555 2298 in
1579 2268 1686 2300 Glossa
1702 2270 1746 2301 ad

980 2322 1158 2353 Romanos:
1173 2319 1227 2350 sed
1237 2317 1365 2358 quando
1377 2318 1415 2348 de
1425 2318 1533 2349 futuro
1549 2320 1583 2349 sit
1594 2329 1744 2359 praesen3‚

979 2375 1125 2406 futurum
1138 2371 1249 2404 definit
1261 2380 1327 2401 esse
1343 2371 1488 2401 futurum
1504 2382 1510 2402 ς
1527 2381 1601 2402 eum
1616 2382 1696 2412 ergo
1715 2374 1748 2404 in

979 2427 1081 2467 gloria
1095 2433 1219 2465 semper
1243 2423 1397 2454 habeatur
1418 2422 1579 2454 beatitudo
1599 2433 1748 2464 pl‘aesens,

985 2505 1065 2528 Vz'rlnr
1079 2523 1085 2534 ‚
1097 2511 1121 2534 (j,
1135 2504 1226 2530 1V,a1·l.
1241 2503 1246 2525 'a
1262 2509 1267 2531 3
1281 2500 1386 2524 nithard
1400 2499 1606 2528 ,tlts‹·11t,‹list.
1620 2503 1750 2529 xx:<1,:11·t.

979 2540 1142 2571 3,q.11;'1‘h.
1158 2537 1314 2567 Argeuhstll
1333 2537 1411 2564 Sosis„
1427 2535 1483 2558 (list.
1500 2541 1570 2564 xxxi,
1588 2543 1611 2566 q.
1631 2542 1646 2566 ι,
1662 2540 1708 2560 nrt.
1722 2539 1751 2567 23

980 2576 1122 2607 Stephanus
1132 2571 1431 2603 mules„111.Seat.,‹list.
1444 2576 1550 2601 xxx1‚q.
1565 2576 1591 2601 v;
1605 2572 1666 2595 Gal).
1678 2572 1749 2599 3101„

981 2613 1010 2636 111
1026 2612 1105 2640 Seni„
1119 2610 1177 2634 dist.
1192 2614 1264 2637 xxxi,
1275 2615 1299 2639 q.
1315 2613 1330 2631 1.
1343 2606 1478 2632 —b1=0»z,
1489 2608 1594 2636 v111,14.
1608 2620 1639 2624 -
1649 2608 1660 2624 s
1674 2609 1750 2638 Rom„

981 2654 1005 2677 v,
1017 2650 1040 2672 2.
1054 2659 1084 2664 —
1101 2646 1131 2676 (a)
1149 2645 1218 2669 Edit.
1234 2644 1291 2667 Ven.
1307 2649 1357 2666 11011
1371 2641 1456 2665 habet.

1765 1797 1867 1818 Fundam.
