2017 2948
213 166 271 194 310
771 159 1079 191 sm'rEN'HARUM
1102 159 1174 190 Lll3.
1199 158 1248 190 W.

108 242 183 259 muni
215 229 396 274 passionem
412 233 514 274 potest
531 230 673 273 intelligi
689 230 787 262 fuisse
806 227 925 261 tradita
938 254 946 269 ,
969 227 1043 261 lieet
1066 238 1132 261 non
1156 227 1197 260 sit
1220 226 1389 272 scriptum.
1414 226 1487 260 Non
1512 229 1609 271 ergo¹
1624 232 1702 262 tunc
1715 228 1807 264 illam

107 271 198 297 apostoli

94 304 142 322 aute
154 307 199 328 pas.
216 287 353 320 formam
369 286 516 321 Christus
531 287 622 333 prius
639 287 782 328 tradidit,
799 297 874 319 cum
890 285 927 318 ad
946 284 1239 329 evangelizandum
1254 285 1408 328 gentihus
1424 285 1531 325 misit;
1549 285 1604 318 sed
1619 297 1719 331 quam
1734 292 1809 321 ante

102 333 184 353 :ionem

93 364 179 385 cmm,
216 345 390 378 tradiderat
406 345 537 379 mittens
551 356 605 378 eos
619 346 651 377 in
667 344 829 384 Judaeam,
848 348 917 388 post
932 343 1074 383 iteravit,
1093 353 1168 375 cum
1184 342 1223 375 ad
1240 348 1352 386 gentes
1376 342 1474 375 misit.
1502 342 1713 376 Commodius
1731 355 1809 388 ergo

93 764 163 789 Quare
179 765 198 784 ln

94 800 200 822 aquatan-

95 829 138 847 tum
154 828 197 849 fiat.

95 1252 199 1272 mersione

118 1284 200 1309 quoties

96 1314 180 1335 debean

211 401 331 435 dicitur
343 402 504 436 institutio
520 404 612 445 facta,
631 401 762 446 quando
777 401 925 434 Christus
937 400 1089 433 aJoauue
1100 400 1282 445 baptizatus
1293 405 1339 433 est
1355 400 1388 432 in
1399 400 1540 433 Jordane
1554 413 1560 433 z
1576 401 1664 445 quod
1675 401 1806 446 dispen-

213 460 316 502 savit,
334 472 399 494 non
423 461 501 505 quia
519 459 671 493 mundari
695 459 821 500 voluit,
847 469 921 491 cum
946 458 1014 491 sine
1039 462 1166 503 peccato
1187 458 1304 498 fuerit,
1320 457 1375 490 sed
1399 458 1477 502 quia
1499 462 1650 492 contactu
1675 458 1808 493 mundae

212 518 318 551 carnis
342 529 410 551 suae
433 518 500 550 vim
523 517 780 560 regenerativem
807 516 946 549 contulit
965 516 1079 560 aquis,
1106 520 1142 549 ut
1164 515 1222 560 qui
1252 520 1360 560 postea
1384 516 1637 559 immergeretur
1658 516 1808 550 invocato

213 576 346 609 nomine
361 576 530 608 Trinitatis
541 601 549 617 ,
565 587 583 608 a
608 575 746 620 peccatis
768 579 976 619 purgaretur.
1003 574 1096 607 Tunc
1119 584 1196 615 ergo
1221 573 1370 606 invocato
1385 573 1517 606 nomine
1532 573 1702 606 Trinitatis
1716 573 1809 608 insti-

214 638 304 666 tutus
318 638 364 666 est
388 633 567 678 baptismus
591 633 730 667 Christi:
756 633 790 665 in
812 643 878 677 quo
899 632 1063 672 Trinitas,
1088 631 1182 675 eujus
1202 630 1395 675 mysterium
1419 630 1465 663 ibi
1488 630 1655 673 innotuit,
1672 631 1810 666 interius

215 690 382 724 hominem
397 691 594 736 baptizabat.

257 748 448 782 Celebratur
462 752 572 782 autem
586 748 645 783 hoc
663 751 902 783 sacramentum
918 751 1046 781 tanturn
1062 747 1096 780 in
1111 758 1197 792 aqua
1210 772 1218 788 ‚
1236 757 1300 780 non
1317 746 1350 779 in
1367 745 1431 779 alio
1446 745 1589 790 liquore,
1605 750 1643 780 ut
1657 746 1702 780 ait
1716 746 1810 780 Chri-

213 810 282 839 stus
295 811 306 828 ·
321 818 328 838 :
345 807 421 841 Nisi
435 807 506 851 quis
520 813 664 847 renatus,
682 811 742 839 etc.
760 806 900 851 Ideoque
916 805 1124 838 uniformiter
1139 804 1171 837 id
1185 804 1257 836 fieri
1272 804 1306 836 in
1321 815 1407 848 aqna
1423 803 1623 848 praecipitur,
1638 808 1675 838 ut
1689 804 1810 838 intelli-

214 867 311 907 gatur
325 864 412 908 quod
425 892 432 900 ,
451 865 532 897 sicut
548 876 633 909 aqna
648 864 757 897 sordes
773 863 916 908 corporis
929 889 937 904 ‚
955 875 990 896 ac
1005 866 1108 895 vestes
1123 862 1244 903 abluit,
1262 861 1306 894 ita
1323 861 1505 906 baptismus
1520 861 1662 895 maculas
1676 861 1808 902 animae,

214 921 389 966 sordesque
404 922 560 955 vitiorum
575 921 783 955 emundando
806 921 972 963 abstergit.
999 920 1061 954 Vel
1078 920 1149 952 ideo
1161 946 1170 959 ,
1190 923 1226 952 ut
1241 919 1372 952 nullum
1389 919 1499 963 inopia
1513 923 1681 953 excusaret
1697 932 1704 952 ε
1721 919 1809 964 quod

214 984 318 1022 posset
335 978 403 1012 lieri
420 1005 427 1021 ,
443 979 469 1011 si
485 979 516 1012 iu
534 979 610 1012 vino
634 980 685 1012 vel
701 979 771 1012 oleo
798 979 887 1011 tieret
899 1006 906 1018 ,
926 983 955 1010 vt
980 982 1016 1011 ut
1033 978 1217 1011 communis
1240 977 1373 1010 materia
1394 977 1581 1021 baptizandi
1607 977 1811 1010 inveniretur

213 1037 298 1080 apud
314 1048 437 1069 omues,
456 1037 550 1076 Quod
566 1049 651 1082 aqua
668 1042 676 1058 ⁸
694 1037 847 1080 signavit,
868 1048 940 1081 qua*
954 1036 992 1068 de
1008 1036 1106 1068 latere
1122 1035 1240 1068 Christi
1257 1035 1412 1075 manavit,
1430 1035 1513 1067 sicut
1527 1035 1660 1078 sanguis
1677 1035 1811 1068 alterius

213 1095 405 1126 sacramenti
427 1094 558 1137 signum
574 1095 648 1127 fuit.
668 1095 739 1127 Non
755 1107 832 1136 ergo
856 1095 890 1126 iu
916 1094 980 1126 alio
1004 1093 1131 1137 liquore
1157 1097 1259 1137 potest
1282 1093 1462 1125 cmisecrari
1477 1092 1679 1136 baptismus,
1696 1093 1760 1126 nisi
1775 1093 1810 1126 in

214 1162 311 1195 aqua.

259 1209 305 1242 Dc
328 1209 536 1242 immersione
551 1221 628 1242 vero
643 1236 649 1249 ‚
667 1210 693 1241 si
709 1210 867 1253 quaeritur
882 1221 948 1253 quo
972 1208 1068 1241 modo
1086 1208 1155 1240 lieri
1172 1207 1285 1240 debeat
1307 1208 1436 1251 praecise
1450 1233 1458 1248 ‚
1475 1207 1731 1252 respondemus:
1748 1208 1810 1242 Vel

215 1267 335 1307 semel,
354 1267 403 1299 vel
431 1271 498 1308 ter,
526 1278 583 1311 pro
604 1267 694 1299 vario
717 1278 804 1299 more
830 1266 988 1299 licclesiw.
1017 1266 1110 1298 Unde
1131 1265 1330 1307 Gregorius*
1349 1277 1355 1297 ε
1382 1278 1398 1296 ι(
1423 1265 1468 1297 De
1491 1265 1577 1297 trina
1600 1265 1811 1300 immersione

216 1324 367 1368 baptismi
383 1325 430 1356 nil
446 1324 555 1357 verius
579 1324 765 1368 responderi
791 1328 914 1367 potest,
933 1335 1032 1368 quam
1053 1323 1141 1367 quod
1165 1334 1221 1355 vos
1245 1323 1306 1366 ipsi
1325 1323 1489 1355 sensistis:
1513 1323 1592 1367 quia
1610 1323 1645 1355 in
1667 1334 1732 1355 una
1747 1322 1812 1356 fide

216 1380 299 1413 nihil
314 1381 417 1414 officit
432 1382 577 1415 Ecclesiae
592 1386 709 1414 sancta:
734 1381 934 1413 consuetudo
955 1381 1094 1413 diversa.
1120 1380 1204 1419 Quia
1224 1380 1311 1412 enim
1333 1380 1367 1412 in
1392 1379 1494 1412 tribus
1514 1379 1731 1413 subsistentiis
1745 1391 1813 1414 una

215 1438 397 1471 substantia
407 1443 464 1482 est,
478 1439 731 1484 reprclwnsibilc
748 1452 813 1471 esse
831 1439 1020 1471 nullatenus
1034 1442 1135 1483 potest
1152 1438 1311 1470 infantem
1327 1438 1361 1470 in
1376 1438 1549 1482 baptismo,
1568 1442 1627 1479 ter,
1644 1438 1695 1470 vel
1711 1438 1811 1471 semel

216 1496 412 1539 immergere
429 1508 435 1529 τ
453 1497 531 1541 quia
547 1501 577 1529 et
592 1497 625 1529 in
644 1497 746 1529 tribus
762 1497 979 1528 mersiouibus
995 1507 1208 1540 personarum
1225 1495 1380 1535 Trinitas,
1398 1499 1427 1528 et
1447 1495 1479 1527 in
1497 1506 1562 1528 una
1576 1499 1680 1539 potest
1693 1495 1812 1528 divini-

218 1554 292 1587 tatis
305 1553 517 1597 singularitas
532 1554 707 1597 designari.
729 1553 793 1586 Nos
809 1565 884 1586 vero
901 1554 956 1598 qui
976 1554 1068 1586 tertio
1089 1553 1332 1595 immergimus,
1350 1553 1447 1585 ctiam
1465 1553 1623 1587 triduanae
1637 1553 1813 1597 sepulturae

217 1615 456 1644 sacramentum
472 1611 651 1654 signamus.
677 1625 693 1642 »
720 1611 906 1644 Secundum
924 1612 983 1643 hoe
996 1637 1003 1651 ,
1020 1610 1093 1643 licet
1110 1622 1175 1643 non
1192 1610 1288 1642 modo
1309 1614 1373 1649 ter,
1390 1610 1444 1642 sed
1460 1610 1556 1642 etiam
1572 1610 1670 1643 semel
1686 1614 1814 1644 tantum

217 1669 424 1711 immergere.
443 1669 491 1701 lbi
513 1673 620 1701 tamen
643 1669 812 1701 dumtaxat
833 1669 1026 1711 immergere
1047 1668 1146 1701 semel
1171 1668 1245 1700 lieet.
1259 1694 1266 1707 ,
1283 1667 1340 1700 ubi
1364 1667 1564 1700 consuetudo
1578 1667 1727 1702 Ecclesiae
1741 1667 1815 1700 talis

217 1726 336 1759 existit.
365 1726 401 1760 Si
415 1726 490 1770 quis
506 1738 582 1759 vero
600 1726 631 1759 id
654 1727 758 1759 farere
781 1726 913 1770 incipiat
929 1753 936 1768 ‚
954 1726 1011 1758 ubi
1029 1725 1230 1758 consuetudo
1251 1725 1324 1757 talis
1340 1736 1404 1757 non
1421 1728 1486 1765 est,
1504 1725 1555 1757 vel
1571 1725 1671 1758 semel
1686 1729 1814 1758 tantum

220 1784 434 1827 mergendum
451 1788 582 1825 asserat,
598 1784 885 1828 reprehensibilem
900 1795 932 1816 se
948 1783 1127 1816 constituit.
1144 1782 1238 1815 Unde
1253 1782 1371 1814 lIaimo
1387 1787 1396 1802 ⁵
1416 1795 1422 1814 ε
1445 1795 1460 1812 ι(
1471 1782 1509 1814 ln
1524 1793 1583 1814 suo
1598 1793 1695 1815 sensu
1710 1782 1816 1815 abun-

218 1841 316 1874 dabat
330 1841 514 1886 Cyprianus
527 1867 535 1882 ,
552 1852 626 1874 cum
646 1841 744 1874 semel
775 1841 939 1884 mergebat
960 1841 993 1873 in
1018 1841 1179 1885 baptismo
1200 1839 1374 1884 parvulos;
1393 1840 1472 1883 quia
1495 1839 1582 1884 quod
1598 1839 1814 1883 intelligebat,

219 1899 362 1932 studiose
377 1899 545 1943 implebat,
563 1899 657 1931 bonis
671 1899 825 1943 operibus
840 1898 1051 1940 abundando,
1068 1898 1142 1930 lieet
1157 1898 1191 1930 in
1205 1897 1265 1930 hoc
1280 1897 1407 1929 nescius
1422 1897 1628 1942 delinqueret
1643 1909 1649 1929 :
1667 1897 1722 1930 sed
1737 1897 1817 1942 quia

220 1956 314 1990 honis
334 1957 488 2001 operibus
510 1957 713 1998 abundabat,
740 1961 850 2001 postea
873 1960 1038 2001 correptus
1063 1967 1082 1988 a
1105 1956 1172 1988 Deo
1194 1954 1374 1988 abundavit
1396 1954 1502 1987 altiori
1527 1966 1623 1987 sensu
1638 1981 1646 1995 ‚
1672 1959 1720 1988 ter
1743 1954 1817 1988 illos

222 2013 410 2057 mergendo.
426 2027 443 2044 n
464 2014 543 2046 Ecce
559 2014 729 2055 habemus,
747 2014 826 2058 quia
839 2014 979 2058 deliquit
995 2014 1050 2059 qui
1066 2013 1166 2046 semel
1185 2013 1316 2053 mersit;
1334 2012 1388 2045 sed
1404 2012 1464 2045 hoc
1478 2012 1562 2053 ideo,
1581 2012 1659 2056 quia
1675 2012 1770 2045 aliter
1784 2023 1817 2045 se

222 2070 361 2104 habebat
383 2071 584 2105 consuetudo
599 2072 690 2104 illius
706 2072 854 2104 Ecclesiae
868 2098 876 2112 ,
894 2072 945 2104 vel
962 2071 1041 2115 quia
1059 2082 1159 2103 unam
1175 2074 1303 2103 tantum
1319 2069 1500 2102 faciendam
1516 2069 1710 2102 mersionem
1726 2080 1817 2102 asse-

222 2127 325 2162 rebat.
343 2127 388 2161 De
403 2128 489 2161 trina
505 2129 664 2161 mersione
681 2129 886 2171 Augustinus
902 2129 948 2161 ait
962 2131 972 2147 Β
994 2141 1004 2160 .·
1024 2141 1039 2159 «
1062 2128 1239 2172 Postquam
1255 2138 1313 2159 nos
1327 2126 1456 2159 credere
1473 2126 1683 2170 promisimus
1696 2152 1704 2168 ,
1724 2127 1818 2160 tertio

222 2185 327 2230 capita
351 2190 460 2219 nostra
482 2186 515 2218 in
541 2197 630 2218 sacro
654 2186 741 2219 fonte
756 2186 971 2218 demersimus
989 2198 995 2217 :
1013 2185 1071 2229 qui
1092 2184 1171 2217 ordo
1186 2183 1373 2228 baptizandi
1389 2183 1511 2228 duplici
1529 2183 1675 2227 mysterii
1691 2183 1819 2227 signifi-

222 2242 348 2276 catione
363 2242 555 2276 celehratur.
576 2243 670 2276 Recte
684 2244 771 2276 enim
789 2243 882 2276 tertio
897 2242 1042 2275 immersi
1059 2242 1146 2282 estis,
1163 2241 1220 2286 qui
1239 2240 1407 2285 accepistis
1422 2240 1618 2284 baptismum
1635 2240 1670 2273 in
1684 2240 1817 2274 nomine

223 2299 404 2333 Trinitatis.
421 2300 518 2334 Recte
537 2301 631 2333 tertio
648 2301 813 2342 immersi,
831 2301 909 2344 quia
930 2299 1094 2344 accepistis
1115 2298 1314 2343 baptismum
1335 2298 1369 2330 in
1385 2298 1518 2330 nomine
1533 2297 1652 2331 Christi
1666 2323 1675 2340 ,
1691 2298 1750 2342 qui
1765 2297 1818 2331 die

223 2357 318 2390 tertia
331 2358 509 2391 resurrexit
523 2370 542 2391 a
557 2359 704 2390 mortuis.
722 2359 782 2390 Illa
796 2358 883 2390 enim
899 2358 993 2390 tertio
1009 2356 1143 2401 repetita
1159 2355 1323 2388 immersio
1340 2360 1455 2400 typum
1471 2355 1642 2388 domiuicae
1664 2355 1817 2400 exprimit

223 2415 410 2459 sepulturae.
426 2428 443 2446 »
461 2415 592 2449 Constat
606 2427 683 2458 ergo
698 2415 909 2460 baptizandos
925 2414 1018 2447 tertio
1032 2413 1148 2447 debere
1164 2413 1314 2456 immergi
1328 2425 1334 2444 :
1353 2419 1383 2446 et
1398 2417 1506 2446 tamen
1520 2412 1547 2445 si
1569 2412 1670 2445 semel
1685 2415 1812 2445 tantum

257 2526 263 2539 ¹
284 2526 316 2549 De
332 2525 453 2557 soum-emm,
470 2527 527 2551 dist.
543 2533 577 2554 w.
593 2536 614 2551 ν.
631 2527 754 2557 ‚NV-'assam
773 2534 781 2553 :
797 2529 870 2551 λιῑῑ..
887 2535 903 2549 :¹2
917 2535 962 2550 ini.
982 2532 998 2549 it
1022 2525 1120 2550 omnia}
1144 2526 1207 2549 iau-a
1227 2528 1266 2548 uel
1278 2532 1343 2548 irunt
1361 2523 1555 2555 Epipl1.;.x1ubr
1569 2541 1576 2550 .
1597 2523 1635 2546 vel
1652 2523 1698 2546 sub
1714 2522 1815 2546 uouiine

223 2560 360 2590 Ambrosii,
381 2563 405 2584 in
426 2565 497 2591 epist.
517 2562 550 2585 ml
569 2563 645 2589 Rom„
665 2569 698 2587 rx,
724 2565 741 2585 ’,,
758 2575 788 2579 -
806 2564 815 2578 ’-“
835 2563 877 2584 λεια
901 2580 915 2589 ,,
938 2568 974 2586 tit.
995 2565 1018 2585 ’,5.
1035 2574 1066 2578 -
1086 2562 1094 2574 ³
1108 2561 1193 2590 doum,
1214 2567 1268 2588 xm,
1290 2562 1328 2583 23¹2.
1345 2573 1372 2577 -
1390 2562 1398 2575 ὃ
1414 2560 1498 2589 Greg..
1516 2557 1778 2588 La=c111111·.ep1;c.,l=}·‚
1795 2559 1813 2587 1,

223 2595 297 2626 epist.
311 2601 364 2619 xm.
383 2598 405 2620 et
421 2597 540 2627 liabetur,
556 2597 584 2621 de
600 2598 703 2622 Cous-eor
715 2616 722 2627 ,
740 2597 795 2620 dist.
814 2603 848 2627 iv,
863 2604 885 2620 c.
902 2598 937 2621 μ’
954 2598 1020 2620 trina
1036 2597 1145 2620 (mmm-s.
1161 2609 1191 2613 -
1209 2596 1216 2608 ⁵
1237 2595 1330 2626 Haim.‚
1352 2602 1424 2625 supet*
1440 2595 1512 2625 epist.
1532 2592 1566 2617 od
1586 2593 1662 2623 Rom,
1678 2598 1729 2620 xiv,
1746 2594 1769 2617 5.
1785 2606 1813 2610 -—

222 2640 253 2649 -
268 2629 278 2644 ⁶
291 2629 414 2661 liabetur,
430 2631 459 2655 de
471 2632 596 2660 Conserr„
610 2632 667 2656 dist.
685 2638 719 2660 lv,
736 2639 758 2655 c.
774 2633 914 2663 Postquam.
