2017 2948
230 145 287 174 346

228 217 333 249 neque
347 217 478 248 parvus,
488 218 592 249 neque
605 219 740 249 magnus
753 211 856 250 potest
867 209 995 240 salvari.

228 261 407 302 BaptiSmus
427 264 534 293 autem
555 262 717 301 fluminis,
737 263 804 293 sive
819 271 911 303 aquae
927 287 934 300 ‚
952 264 999 293 est

227 315 440 354 necessarius,
455 316 530 355 quia
545 316 626 346 Deus
641 316 791 353 instituit,
809 318 840 345 et
853 316 929 355 quia
945 315 999 345 in-

227 369 328 399 stituit
342 369 401 399 sub
416 372 572 408 princepis)
589 380 595 399 ι
619 371 647 399 et
663 369 814 408 quoniam
829 378 901 408 quae
918 378 1000 408 prae-

227 424 316 462 cepta
331 425 415 460 sunt,
429 426 503 453 sunt
516 422 691 453 necessaria
706 423 744 453 ad
759 422 892 453 salutem
905 448 911 460 ,
930 423 1000 453 ideo

227 475 297 506 talis
314 476 490 515 baptismus
509 478 554 506 est
577 475 617 505 ad
639 475 774 505 salutem
791 476 997 507 necessarius,

228 528 288 560 Sed
304 529 455 569 qnoniam
479 528 558 558 Deus
578 529 738 558 neminem
751 529 873 567 obligat
888 529 927 559 ad
944 529 1000 559 im-

228 582 375 622 possibile
389 591 428 612 ex
443 590 501 611 suo
516 583 672 620 praecepto
686 605 694 618 ,
711 583 746 611 ut
758 581 833 612 dicit
848 582 1001 622 Hierony-

229 646 317 674 mus3
335 637 365 666 et
386 636 520 672 iteruin,
545 635 632 674 quod
656 634 728 674 quis
750 643 814 664 non
838 637 939 674 potest
959 635 1002 665 fa-

229 698 316 727 cere,
333 689 358 719 si
374 688 450 719 velit
467 689 566 719 farere
577 712 585 725 ,
604 690 770 727 reputatur
783 688 811 718 ei
827 697 883 727 pro
900 689 980 718 sacto
991 712 999 726 ,

229 742 307 772 sicut
327 742 401 772 dicit
425 741 533 772 Glossa
550 750 646 780 super
669 740 745 770 illud
762 740 878 771 Psalmi
896 743 904 759 ¹
922 751 929 771 :
946 741 998 772 Ec-

229 796 315 827 enim
335 797 371 826 in
389 795 481 827 corde
496 795 689 834 iniquitates
709 795 903 833 operamini,
921 797 999 824 etta:

234 860 248 877 α
263 848 351 885 Quod
376 858 440 879 non
464 851 550 888 potes
569 849 669 878 facere
681 871 690 885 ,
706 849 737 878 et
762 848 826 883 viS,
844 847 927 877 Deus
943 847 1002 877 sas:-

229 904 298 932 tum
319 904 467 941 reputat:
489 913 503 929 ›>
529 901 598 931 ideo
622 901 799 940 baptismus
822 909 914 940 aquae
937 908 1002 930 non

231 954 275 985 sic
288 957 335 986 est
350 955 564 991 necessarius,
581 954 657 994 quin
671 979 678 992 ‚
697 954 722 983 si
738 953 819 983 adsit
834 953 981 984 voluntas
993 977 1001 990 ,

231 1010 261 1038 et
289 1008 368 1039 desit
394 1007 606 1047 possibilitas,
631 1016 694 1037 non
727 1007 868 1036 salvetur
890 1006 1004 1045 aliquis

230 1061 297 1092 sine
312 1061 390 1100 ipso.
407 1060 648 1091 eoncedendum
662 1069 739 1098 ergo
751 1062 795 1089 est
809 1084 816 1097 ,
832 1059 917 1099 011οᾱ
930 1059 1004 1098 bap-

230 1116 343 1145 tismus
358 1115 497 1144 flaminis
517 1115 584 1145 sine
607 1114 764 1153 baptismo
778 1113 920 1143 fluminis
935 1112 1001 1143 suf-

231 1168 312 1206 ficit,
329 1168 502 1199 dummodo
524 1168 620 1198 homo
644 1167 759 1197 habeat
783 1166 980 1197 voluntatem
994 1190 1002 1203 ,

229 1224 260 1251 et
274 1221 486 1261 praepediatur
497 1223 532 1251 ut
546 1222 619 1251 ante
636 1222 771 1251 mortem
786 1228 850 1250 non
861 1219 1001 1259 recipiat,

230 1275 442 1316 praepediente
456 1275 641 1305 necessitate
654 1298 661 1311 ,
678 1273 759 1303 siout
772 1273 944 1304 ostendunt
956 1282 1005 1303 ra-

230 1329 331 1360 tiones
354 1328 486 1358 ultimae.
509 1327 751 1358 Concedendum
773 1329 820 1357 est
846 1326 1005 1357 nihilomi-

231 1390 304 1419 0115,
320 1381 405 1421 quod
421 1381 529 1411 nullus
544 1382 611 1410 sine
626 1380 685 1410 1100
702 1381 801 1420 potest
816 1379 932 1409 salvari
945 1402 955 1417 ,
977 1380 1002 1409 si

231 1435 329 1476 possit
345 1436 375 1465 et.
389 1435 533 1474 negligat
547 1434 697 1474 baptizari
714 1444 720 1463 :
737 1435 766 1463 et
784 1433 844 1463 hoc
858 1434 906 1463 est
921 1433 1003 1472 quod

231 1489 305 1519 dicit
320 1488 520 1528 Augustinus
534 1488 554 1525 Ξ,
572 1487 657 1527 quod
672 1487 744 1526 quis
764 1488 867 1526 potest
889 1486 1004 1516 salvari

232 1551 297 1573 non
312 1543 458 1581 percepto
476 1542 674 1571 sacramento
690 1539 856 1579 baptismi,
872 1539 926 1570 sed
942 1548 1005 1569 non

232 1597 333 1635 potest
347 1594 494 1634 baptismi
509 1594 705 1623 sacramento
717 1594 896 1632 contempto
909 1603 915 1623 z
931 1594 1005 1623 tunc

232 1650 340 1679 autem
355 1647 546 1685 contemnit7
570 1655 644 1677 cum
664 1645 816 1686 baptizari
836 1647 957 1685 potest,
975 1648 1005 1676 et

232 1701 336 1739 100115,
358 1703 387 1731 et
407 1703 533 1740 tempus
555 1709 588 1730 se
611 1699 717 1737 offert,
743 1701 773 1729 et
797 1698 956 1738 negligit:
976 1701 1006 1729 et

233 1757 309 1784 tnnc
322 1754 417 1784 etiam
433 1754 578 1793 privatur
588 1752 745 1792 baptismo
761 1751 901 1782 flaminis
911 1776 918 1789 ‚
932 1752 1007 1791 quia

233 1817 251 1837 a
269 1807 372 1846 gratia
387 1807 479 1837 cadit.

274 1860 320 1890 Ad
343 1860 419 1890 illud
441 1859 526 1899 quod
546 1859 695 1898 objicitur
709 1858 747 1889 de
766 1857 889 1888 Domini
914 1867 1005 1889 man-

233 1913 321 1951 dato⁷
338 1915 369 1943 et
384 1913 421 1944 ad
439 1912 515 1943 illud
532 1912 570 1942 de
585 1911 743 1948 Cornelio,
758 1913 826 1950 Jam
842 1913 926 1951 patet
944 1920 1007 1942 res-

234 1966 345 2006 ponsio
362 1990 370 2004 ‚
397 1966 473 2006 quia
496 1968 669 2005 utrumque
695 1964 887 2003 intelligitur
910 1964 944 1995 in
971 1974 1007 1995 eo

235 2020 288 2060 qui
316 2020 494 2050 facultatem
523 2019 618 2049 habet
630 2043 638 2055 ‚
665 2021 695 2049 et
722 2028 787 2049 non
813 2018 1008 2058 praepeditur

234 2072 418 2104 necessitate
436 2082 442 2102 :
461 2081 536 2102 nam
552 2071 715 2102 Cornelius
734 2071 838 2101 locum
850 2095 858 2109 ‚
883 2073 913 2101 et
925 2074 1006 2102 tem-

235 2134 295 2166 pus
308 2125 458 2162 habehat,
475 2126 506 2155 et
522 2124 643 2154 Domini
665 2124 849 2154 mandatnm
868 2124 1006 2154 affirma-

235 2178 338 2209 tivum
352 2186 426 2208 eum
438 2201 446 2215 ‚
465 2177 521 2216 qui
537 2179 675 2216 poterat,
694 2176 866 2215 obligabat.

276 2232 305 2261 3.
331 2230 378 2261 Ad
407 2230 485 2261 illud
513 2230 596 2269 quod
620 2229 769 2268 objicitur
784 2229 830 2269 >(le
853 2228 1006 2269 parvulo,

236 2274 331 2324 quod*
344 2286 418 2314 tune
435 2283 608 2323 parvulus,
627 2283 766 2313 maxime
784 2291 849 2313 non
868 2282 1006 2322 baptiza-

236 2340 303 2375 tus,
322 2337 435 2377 poterit
455 2336 586 2374 salvari,
608 2335 776 2366 dicendum
792 2335 876 2375 quod
894 2344 1009 2375 parvu-

236 2391 286 2421 lus
300 2414 309 2428 ,
339 2391 364 2421 si
392 2390 524 2422 haberet
551 2389 747 2429 baptismum
774 2389 912 2419 flaminis
940 2388 1008 2419 sine

271 2473 275 2485 ¹
295 2471 372 2499 Pha!
388 2477 452 2501 LVII,
467 2472 489 2494 3.
505 2483 536 2488 —
554 2470 561 2483 ²
580 2470 654 2500 Aug,
675 2469 704 2491 (Ir-
723 2470 763 2492 Ba
768 2471 804 2498 Α,
825 2470 888 2492 conl.
910 2470 1009 2498 Donat,

237 2507 280 2530 lib.
299 2507 340 2536 tv,
356 2514 368 2529 0
395 2512 455 2536 xxi,
471 2513 496 2529 n.
513 2507 550 2529 32.
565 2505 679 2529 —³E:z=
668 2505 731 2535 «3.,Ιι
748 2506 1007 2535 xxx111,12—⁴Cs.

239 2542 308 2565 Alex.
330 2542 411 2566 Alens.
417 2549 467 2572 ,.p
486 2542 527 2572 lV,
547 2548 572 2572 q.
597 2546 657 2571 vm,
682 2541 776 2563 memb.
794 2542 818 2570 ὃ,
837 2543 883 2564 art.
905 2543 928 2571 ὅ,
947 2541 994 2572 §2

238 2578 264 2602 S.
276 2577 379 2607 Thom„
391 2585 416 2608 p.
429 2578 471 2607 ΙΙΙ,
483 2584 508 2608 0.
521 2582 591 2607 vai,
608 2578 654 2600 art.
671 2577 712 2606 ¹25
726 2576 795 2599 eth
810 2575 889 2604 sint,
902 2576 961 2600 dist.
974 2583 1009 2606 iv,

238 2619 263 2644 q.
284 2618 323 2643 111,
343 2596 477 2643 ar’t.3,q.
502 2594 716 2642 111-1111011111ἀο5,
739 2611 770 2635 lV
791 2611 870 2642 Sena,
892 2611 950 2636 dist
974 2618 1009 2642 xv,

790 142 1100 174 SENTENTIARUM
1122 143 1195 175 LIB.
1220 144 1269 176 lv.

1053 210 1210 250 baptismo
1242 220 1335 251 aquae
1357 235 1364 249 ‚
1403 220 1569 251 nunquam
1603 213 1818 247 damnaretur.

1054 263 1144 301 Quod
1160 272 1237 303 ergo
1252 264 1422 294 damnatur
1433 288 1441 302 ‚
1458 263 1519 295 hoc
1540 267 1607 303 est,
1623 266 1699 306 quia
1719 268 1824 307 priva-

1055 318 1106 347 tus
1138 317 1297 357 baptismo
1325 327 1417 358 aquae
1449 321 1533 348 caret
1556 319 1660 358 gratia
1690 320 1827 360 Spiritus

1055 370 1177 401 sancti:
1199 371 1275 410 quia
1300 371 1390 402 aliter
1411 371 1450 402 ad
1474 372 1612 410 gratiam
1637 382 1700 403 non
1725 376 1827 413 potest

1055 423 1200 463 disponi,
1226 427 1383 464 quantum
1407 427 1453 455 est
1475 425 1513 455 de
1536 426 1611 464 jure
1638 427 1824 466 communi,

1057 476 1115 507 nisi
1139 476 1219 507 Deus
1240 477 1332 507 saciat
1352 477 1390 508 de
1405 478 1572 518 privilegio
1587 479 1730 519 speciali,
1747 480 1829 511 sicut

1056 530 1088 560 in
1105 530 1306 560 sanctificatis
1321 531 1354 560 in
1368 533 1469 561 utero.
1488 531 1546 562 Sed
1563 530 1691 562 adultus
1702 532 1741 563 de
1753 541 1825 563 sen-

1056 583 1153 613 tentia
1167 583 1328 613 communi
1345 585 1446 623 potest
1460 594 1517 624 per
1531 585 1625 616 fidem
1641 587 1671 615 et
1684 584 1826 616 dolorem

1056 636 1094 667 de
1110 637 1244 676 peccatis
1264 636 1301 666 ad
1325 637 1464 676 gratiam
1486 638 1629 678 disponi,
1652 638 1827 669 secundum

1056 689 1172 720 illud³t
1192 689 1389 729 Quacumque
1409 691 1486 722 hora
1508 692 1701 730 inqemuerit
1717 699 1828 730 pecca-

1057 745 1105 773 ior
1122 742 1173 782 (a),
1188 743 1256 774 vita
1274 743 1358 774 vivet
1370 765 1378 776 ,
1396 744 1454 773 ete.
1472 742 1559 774 Unde
1574 752 1638 773 non
1654 745 1700 774 est
1714 743 1827 782 simile,

1057 797 1133 837 quia
1147 798 1320 837 unicuique
1343 798 1414 837 plus
1433 798 1517 828 valet
1538 798 1616 829 sides
1636 807 1715 836 sua,
1731 807 1828 838 quam

1057 850 1160 881 aliena
1186 862 1192 881 :
1218 853 1248 881 et
1274 851 1316 881 ita
1339 851 1446 881 adulto
1475 851 1548 891 plus
1570 851 1656 882 valet
1679 850 1826 882 voluntas

1058 913 1117 934 sua
1132 928 1140 940 ,
1163 913 1259 944 quam
1283 904 1418 944 parvulo
1444 904 1593 935 voluntas
1621 904 1735 935 aliena.
1767 903 1830 935 Nee

1058 957 1227 988 damnatur
1237 957 1390 997 parvulus
1404 959 1532 997 propter
1542 956 1830 996 transgressionem

1058 1011 1223 1049 praecepti,
1248 1010 1302 1041 sed
1331 1012 1458 1050 propter
1477 1010 1603 1050 culpam
1624 1009 1830 1049 originalem,

1059 1072 1131 1102 quae
1146 1065 1289 1093 remanet
1303 1072 1366 1093 non
1383 1063 1495 1093 deleta.

1098 1115 1128 1146 4.
1153 1116 1242 1153 Quod
1267 1116 1379 1147 ultimo
1405 1116 1574 1155 objicitur,
1600 1117 1665 1155 jam
1692 1116 1832 1147 solutum

1059 1171 1122 1208 est,
1138 1169 1214 1209 quia
1233 1169 1346 1199 dicitur
1361 1171 1594 1199 sacramentum
1616 1169 1830 1206 necessitatis,

1061 1231 1126 1253 non
1140 1223 1215 1262 quia
1230 1223 1298 1253 sine
1312 1223 1380 1261 ipso
1395 1231 1459 1252 non
1474 1222 1572 1262 possit
1587 1222 1684 1252 homo
1703 1221 1831 1259 salvari,

1060 1275 1114 1305 sed
1138 1275 1212 1315 quia
1236 1275 1275 1305 ad
1297 1275 1357 1305 1100
1380 1278 1506 1306 tenetur
1519 1300 1526 1313 ,
1545 1275 1571 1305 51
1593 1277 1713 1316 potest,
1729 1277 1760 1306 et
1774 1274 1835 1305 hoc

1061 1328 1205 1368 neglecto
1220 1337 1284 1359 non
1300 1331 1399 1368 potest
1414 1329 1539 1360 salvari.

1328 1443 1507 1482 QUAESTIO
1531 1443 1569 1475 II.

1098 1527 1138 1552 An
1158 1526 1309 1560 baptismus
1327 1526 1468 1558 sanquim's
1485 1526 1522 1551 sit
1542 1525 1653 1558 dignior
1672 1524 1802 1560 baptismo

1373 1570 1491 1602 fluminis
1506 1570 1525 1595 ⁵.

1104 1648 1146 1679 De
1175 1647 1414 1688 praeeminentia
1444 1648 1577 1678 istorum
1592 1658 1599 1685 ;
1624 1649 1655 1678 et
1682 1647 1837 1687 quaeritur

1063 1701 1135 1742 quis
1160 1702 1335 1741 baptismus
1359 1701 1399 1731 sit
1422 1701 1571 1740 dignior,
1593 1702 1702 1731 utrum
1718 1699 1834 1740 baptis-

1064 1765 1136 1786 mus
1157 1764 1250 1795 aquae
1262 1779 1270 1793 ,
1287 1755 1338 1786 vel
1361 1754 1539 1794 sanguinis.
1557 1754 1596 1786 Et
1615 1754 1702 1794 quod
1724 1762 1816 1794 aquae
1828 1777 1836 1791 ,

1064 1809 1210 1847 videtur,
1235 1808 1310 1848 quia
1333 1809 1545 1839 Damascenus
1560 1811 1570 1827 ⁵
1585 1807 1756 1846 distinguit
1778 1815 1836 1837 no-

1065 1871 1137 1893 vem
1153 1871 1271 1901 genera
1289 1862 1518 1901 baptismatum
1543 1859 1739 1891 ascendendo
1759 1867 1838 1898 gra-

1065 1916 1174 1953 datim,
1189 1918 1218 1946 et
1233 1916 1266 1946 in
1281 1915 1395 1946 ultimo
1414 1914 1502 1954 ponit
1524 1914 1719 1954 baptismum
1734 1920 1837 1951 aquae,

1065 1968 1131 1999 sive
1151 1968 1294 1998 fluminis
1311 1979 1316 1997 :
1336 1976 1434 2006 ergo,
1452 1967 1478 1996 si
1504 1966 1663 2005 gradatim
1682 1963 1835 2001 ascendit,

1066 2021 1145 2052 siout
1160 2023 1243 2061 patet
1258 2021 1291 2050 in
1309 2021 1381 2050 aliis
1393 2019 1579 2050 differentiis
1591 2042 1598 2056 ‚
1612 2018 1738 2049 videtur
1753 2016 1839 2056 quod

1065 2074 1141 2104 illud
1159 2073 1242 2113 quod
1259 2073 1373 2104 ultimo
1389 2073 1496 2112 ponit,
1515 2074 1562 2102 est
1574 2070 1741 2111 perfectius
1761 2079 1768 2099 :
1785 2068 1840 2099 sed

1066 2127 1178 2157 ultimo
1201 2127 1288 2166 ponIt
1312 2126 1505 2165 baptismum
1531 2133 1624 2164 aquae
1642 2133 1649 2154 :
1664 2131 1764 2162 ergo,
1779 2123 1837 2152 etc.

1106 2181 1134 2209 2.
1152 2178 1230 2209 lien]
1246 2178 1424 2218 baptismus
1439 2186 1531 2217 aquae
1552 2177 1648 2208 habet
1668 2175 1840 2207 efficaciam

1066 2241 1084 2262 a
1096 2232 1240 2272 passione
1256 2231 1369 2262 Christi
1384 2242 1391 2268 ;
1409 2230 1462 2261 sed
1478 2230 1656 2270 baptismus
1671 2227 1839 2268 sanguinis

1067 2294 1084 2315 a
1100 2285 1246 2325 passione
1269 2284 1419 2324 martyris
1439 2295 1446 2314 ;
1463 2284 1518 2315 sed
1534 2285 1638 2322 major
1653 2286 1684 2314 et
1705 2280 1840 2313 nobilior

1067 2340 1113 2369 est
1129 2338 1232 2377 passio
1247 2337 1378 2375 Christi,
1393 2340 1423 2368 et
1441 2338 1511 2377 ejus
1525 2338 1639 2374 virtus,
1655 2343 1752 2376 quam
1767 2342 1839 2374 pas-

1067 2391 1115 2422 sio
1129 2391 1279 2430 martyris
1290 2414 1300 2428 ,
1316 2392 1347 2421 et
1363 2391 1432 2430 ejus
1446 2390 1549 2421 virtus
1561 2398 1569 2420 :
1581 2397 1661 2428 ergo
1676 2387 1778 2426 major
1791 2387 1838 2416 est

1067 2490 1114 2511 art.
1129 2491 1153 2515 2.
1164 2496 1188 2518 q.
1204 2494 1234 2516 11;
1249 2487 1337 2518 Str—pli.
1353 2487 1456 2517 mules„
1471 2488 1500 2511 lv
1519 2487 1597 2516 Seni„
1611 2485 1667 2509 dist.
1684 2489 1717 2513 tv,
1733 2490 1758 2514 q.
1777 2487 1838 2512 V111;

1069 2524 1156 2547 Petrus
1166 2524 1197 2546 de
1207 2524 1318 2550 Turant„
1331 2524 1361 2546 tv
1373 2524 1451 2552 Sena,
1463 2522 1519 2546 dist.
1532 2527 1566 2550 ιν,
1578 2528 1601 2551 q.
1617 2526 1685 2544 {x.—
1694 2520 1703 2535 ⁵
1712 2520 1840 2547 Damasc.,

1071 2559 1100 2582 de
1113 2558 1157 2589 fid.
1168 2558 1275 2588 orthod„
1293 2558 1335 2582 lib.
1353 2559 1394 2587 IV,
1407 2565 1429 2582 0.
1445 2563 1469 2581 v.

1100 2612 1133 2643 (a)
1149 2612 1223 2642 x'ulg.
1237 2619 1364 2636 conversus
1378 2612 1456 2640 suerit
1472 2610 1504 2634 ab
1517 2610 1644 2640 impietate
1655 2615 1708 2632 sua.

1854 1660 1886 1681 Ad
1906 1667 1958 1688 opp.
