2017 2948
114 425 216 446 Fundam.

111 1594 143 1615 Aa
163 1601 213 1621 opp.

230 129 288 159 392

503 247 682 285 QUAESTIO
705 249 728 278 l.

299 328 344 354 An
363 328 476 354 intentio
495 327 531 353 sit
550 327 580 353 de
598 327 751 353 necessitate
770 326 898 360 baptismi
914 328 935 354 ¹³

275 409 386 440 Utrum
401 410 533 440 intentio
555 410 594 439 sit
618 409 655 439 de
677 408 860 439 necessitate
882 407 999 447 baptis-

234 462 278 493 mi
284 472 294 502 ;
310 465 341 494 et
355 463 439 503 quod
460 463 592 493 intentio
613 462 653 492 sit
669 462 706 492 de
721 461 903 491 necessitate
922 461 999 500 hap-

232 516 317 547 tismi
336 540 345 554 ,
374 516 550 547 ostenditur
575 515 678 555 primo
704 523 760 554 per
782 514 1001 545 auctoritatem

233 569 373 609 Magistri
385 569 416 599 in
431 568 550 599 littera:
570 579 583 597 (ι
593 568 629 599 In
641 568 711 605 hoc,
725 569 754 598 et
769 568 800 598 in
812 567 882 598 aliis
897 577 1002 598 sacra-

232 623 361 660 mentis,
378 622 457 652 sicut
474 622 575 652 forma
589 621 743 652 servanda
756 623 802 651 est
812 644 821 658 ,
835 621 878 651 ita
893 621 999 652 inten-

232 676 274 706 tio
289 674 467 706 conserendi
478 674 553 705 illud
564 677 611 705 est
625 674 780 705 habenda.
793 684 807 702 »
825 673 885 704 Sed
900 674 1001 704 forma

230 733 277 759 est
292 729 330 759 de
345 728 527 758 necessitate
543 737 551 758 :
567 736 645 766 ergo
660 730 690 758 et
710 727 851 758 intentio.

271 781 348 813 Item
363 782 464 812 forma
479 781 651 812 verborum
672 783 719 811 est
740 781 777 811 de
795 780 997 815 necessitate,

233 845 295 867 non
310 835 485 866 secundum
500 835 585 875 quod
599 835 792 873 cogitantur,
815 834 868 864 sed
884 843 1000 864 secun-

230 889 307 919 dum
323 888 404 928 quod
425 888 594 919 dicuntur:
611 887 664 918 sed
679 887 782 918 dicere
797 889 844 917 est
858 896 931 917 cum
947 888 999 918 in·

230 942 368 973 tentione
379 941 517 981 proferre
532 952 538 971 :
555 949 635 979 ergo
646 940 780 971 intentio
795 942 841 970 est
856 949 997 971 necessa—

230 995 276 1025 ria
290 994 330 1025 ad
345 994 548 1034 baptismum.
575 994 607 1024 Si
629 995 665 1024 tu
679 993 763 1023 dicas
777 993 860 1033 quod
879 1002 918 1023 ex
940 994 998 1024 hoc

229 1056 292 1078 non
308 1047 464 1087 sequitur,
480 1046 565 1086 quod
587 1048 731 1086 oporteat
753 1046 870 1076 habere
893 1046 998 1077 inten-

229 1101 346 1131 tionem
362 1100 456 1130 talem
471 1102 501 1130 et
515 1100 625 1137 talem7
650 1100 703 1130 sed
719 1100 835 1130 sufficit
849 1100 932 1139 quod
947 1100 998 1130 iu-

228 1154 334 1184 tendat
355 1153 475 1193 aliquid
493 1177 501 1191 ‚
526 1155 641 1192 utputa
668 1153 791 1190 ludere3
822 1153 999 1184 ostenditur

228 1207 312 1247 quod
328 1216 454 1237 necesse
477 1209 524 1237 est
543 1207 659 1238 habere
683 1207 890 1237 intentionem
904 1207 997 1237 dandi

228 1262 474 1298 sacramentum,
491 1261 567 1300 quia
582 1269 689 1300 opera,
708 1269 781 1299 quae
797 1262 869 1290 sunt
885 1270 998 1291 secun-

228 1315 305 1345 dum
323 1316 424 1344 artem
439 1314 490 1345 vel
516 1315 672 1345 rationem
689 1317 724 1345 ut
739 1314 820 1345 ratio
836 1317 879 1345 est
890 1339 898 1352 ,
916 1315 997 1345 reci-

227 1367 317 1407 piunt
332 1367 622 1398 denominationem
646 1369 684 1398 ab
707 1370 777 1407 ejus
802 1369 996 1407 intentione,

228 1420 282 1460 qui
299 1422 459 1460 operatur,
486 1421 637 1460 quoniam
662 1422 686 1451 si
711 1422 844 1452 intendit
870 1422 996 1459 ludere,

228 1473 321 1504 ludus
336 1476 398 1504 est:
416 1483 496 1513 ergo
510 1475 536 1504 si
552 1484 615 1505 non
630 1474 763 1505 intendit
777 1475 998 1505 administrare

228 1530 460 1558 sacramentum
474 1552 482 1565 ‚
501 1538 566 1559 non
581 1531 628 1559 est
641 1532 887 1559 sacramentum.

269 1580 328 1612 Sed
344 1583 453 1611 contra
475 1591 482 1612 ;
507 1585 534 1612 1.
552 1582 754 1620 Augustinus
769 1582 843 1612 dicit
857 1582 878 1619 ²,
895 1585 925 1613 et
940 1582 997 1612 ha·

229 1633 329 1664 bitum
345 1636 390 1664 est
405 1643 502 1674 supra
516 1635 715 1665 distinetione
731 1635 822 1665 tortia
839 1647 844 1664 :
871 1646 884 1663 (ι
901 1635 997 1665 Aet-c-

228 1687 320 1718 dente
344 1688 442 1719 verbo
464 1689 503 1719 ad
531 1688 723 1718 elementum
752 1690 787 1718 fit
815 1697 998 1719 sacramen-

229 1743 309 1771 tum.
327 1752 340 1769 ›)
359 1741 444 1780 Ergo
461 1742 486 1772 si
502 1742 560 1772 ista
581 1742 644 1772 duo
667 1742 789 1780 adsint,
817 1751 996 1773 sacramen-

229 1796 296 1824 tum
312 1796 358 1825 est
372 1795 534 1833 integrum
547 1819 555 1832 ‚
580 1795 720 1826 maxime
735 1804 807 1825 cum
824 1796 857 1825 in
874 1796 998 1826 datione

229 1847 338 1878 t'ormae
354 1847 484 1878 intentio
499 1857 564 1878 non
579 1849 741 1886 tangatur.

268 1903 297 1931 Ξ.
329 1901 407 1931 Item
427 1901 465 1932 ad
496 1901 689 1941 baptismum
724 1904 883 1933 concurrit
902 1903 996 1942 fides,

228 1962 301 1984 cum
316 1954 355 1984 sit
370 1957 604 1986 sacramentum
619 1954 692 1985 fidei
709 1965 715 1985 :
733 1955 786 1986 sed
802 1955 878 1986 fides
894 1956 996 1987 Eccle-

229 2007 283 2038 siae
298 2007 430 2045 suffieit,
450 2018 522 2039 cum
538 2008 698 2048 baptizans
713 2010 759 2038 est
775 2008 909 2039 infidelis
925 2019 931 2040 :
952 2019 999 2040 er-

229 2068 271 2098 go
288 2060 414 2091 videtur
434 2061 578 2092 similiter
598 2062 682 2101 qued
698 2061 831 2091 intentio
852 2062 998 2094 Ecclesiae

229 2113 374 2152 suppleat
388 2113 593 2144 intentionem
609 2115 804 2154 baptizantis.

269 2168 298 2196 3.
310 2165 388 2196 Item
400 2166 577 2205 baptismus
586 2167 629 2197 ita
642 2168 767 2207 respicit
782 2168 996 2208 recipientem,

230 2219 311 2250 sieut
326 2218 452 2249 dantem
470 2230 476 2250 :
494 2220 546 2249 sed
563 2229 627 2250 non
642 2223 688 2251 est
703 2221 878 2251 necessaria
894 2222 996 2253 inten-

231 2272 273 2302 tio
288 2272 321 2302 in
336 2272 504 2312 recipiente
517 2295 524 2308 ‚
543 2274 577 2302 ut
600 2274 684 2312 patet
699 2273 731 2303 in
747 2274 880 2313 parvulo
896 2277 925 2305 et
947 2276 997 2305 fu-

231 2325 314 2356 rioso
332 2336 338 2356 :
355 2333 432 2364 ergo
447 2333 505 2355 nee
520 2325 553 2355 in
570 2325 677 2355 dante:
695 2328 726 2356 et
741 2326 800 2358 sic.
819 2331 876 2358 etc.

270 2378 300 2409 [ι.
320 2378 398 2409 Item
419 2378 564 2409 videmus
587 2378 673 2417 quod
687 2387 781 2417 opera
802 2380 996 2419 spiritualia,

264 2459 321 2488 'Cf-
339 2459 409 2482 Alex.
427 2459 502 2482 Ateus
515 2476 521 2488 ,
538 2466 562 2488 p.
582 2458 663 2488 1v,‹1.
681 2459 857 2483 v11=‚111‹·n11.r.
879 2461 895 2482 i.
911 2462 958 2483 art.
979 2463 997 2485 Ι,

229 2494 242 2523 ξ
263 2496 288 2518 1:
306 2496 331 2517 S,
349 2494 450 2522 Tiunn„
467 2501 490 2524 p.
515 2495 557 2523 lli,
577 2501 601 2523 q.
621 2499 689 2522 miv,
706 2496 752 2516 ait.
771 2496 797 2522 ὃς
821 2497 843 2517 vt
868 2495 896 2518 ΙΥ
919 2497 997 2525 Scan,

230 2529 286 2551 dist.
310 2535 342 2559 vi,
362 2537 386 2559 ¹1·
409 2536 426 2554 1,
447 2531 493 2552 art.
512 2532 535 2559 2,
556 2537 580 2559 q.
603 2535 623 2556 [ς
642 2528 706 2552 (iuil.
724 2529 848 2558 ΑΙΙίεἰυιᾙν
872 2531 899 2552 ΙΥ
921 2532 997 2559 Ξνμί,,

231 2566 301 2587 tract.
314 2570 352 2593 111,
376 2572 397 2587 c.
416 2571 449 2593 iv,
478 2572 503 2596 q.
530 2571 577 2591 vu;
600 2566 678 2589 Seot..
707 2565 736 2587 iV
766 2566 843 2594 Saul„
872 2565 928 2589 dist.
959 2572 997 2593 vi,

229 2605 253 2628 q.
279 2604 308 2628 v;
331 2599 458 2628 Riehard„
481 2600 509 2622 1v
531 2600 609 2626 sant..
632 2599 688 2622 dist.
711 2605 746 2629 vt,
769 2607 794 2630 ιι.
818 2606 851 2625 ιι;
875 2601 997 2628 Durmul.,

785 125 1092 159 SENTENTIARUM
1114 126 1187 157 LIB.
1211 127 1261 159 1V.

1057 201 1130 233 quae
1145 193 1298 225 Dominus
1312 196 1385 226 facit
1407 205 1462 236 per
1485 197 1648 229 ministros
1661 197 1749 228 aliud
1772 197 1823 228 in-

1058 247 1233 286 tendentes,
1257 249 1429 288 approbat,
1449 252 1562 290 utputa
1581 250 1695 281 tentari
1720 251 1823 290 justos

1057 310 1112 341 per
1126 302 1304 341 daemones,
1322 304 1377 343 qui
1393 304 1611 343 probationem
1630 313 1693 334 non
1716 304 1823 334 inten-

1056 354 1145 386 dunt.
1175 355 1325 386 Similiter
1354 356 1386 387 in
1414 357 1562 396 operibus
1589 356 1822 396 corporalibus,

1056 408 1112 447 qui
1129 408 1167 448 (α)
1185 409 1319 448 percutit
1333 410 1464 440 vulnere
1479 409 1586 440 lethali
1597 434 1606 447 ‚
1623 409 1680 440 etsi
1695 418 1759 440 non
1773 408 1822 438 in-

1057 461 1165 491 tendat
1180 462 1333 500 occidere,
1350 462 1556 493 homicidium
1571 463 1642 494 facit
1658 473 1664 492 :
1683 470 1761 502 ergo
1774 461 1823 491 vi-

1056 514 1147 545 detur
1161 515 1306 545 similiter
1321 516 1353 546 in
1376 516 1554 556 proposito,
1577 516 1654 556 quia
1669 515 1740 546 licet
1753 514 1825 555 quis

1057 576 1119 598 non
1134 567 1277 598 intendat
1300 568 1473 608 baptizare,
1492 572 1599 600 tamen
1614 569 1639 599 si
1655 569 1726 600 facit
1741 567 1824 608 quod

1056 620 1230 660 requiritur
1243 621 1281 652 ad
1298 622 1494 662 baptismum
1507 646 1515 660 ‚
1532 622 1678 662 baptizat.

1097 676 1125 704 5.
1145 675 1241 713 Item,
1258 676 1284 706 si
1301 676 1432 707 intentio
1459 679 1506 707 est
1528 676 1722 714 necessaria,
1746 684 1825 715 ergo

1056 727 1187 767 quilibet
1202 730 1257 767 {est
1281 729 1422 760 incertus
1437 732 1544 760 utrum
1565 730 1604 760 sit
1625 729 1798 770 baptizatus
1815 740 1822 760 ς

1056 789 1144 819 ergo,
1160 781 1185 811 si
1202 790 1266 812 non
1279 781 1369 813 debet
1383 792 1415 813 se
1426 783 1623 814 committere
1638 781 1822 820 discrimini,

1055 842 1179 873 semper
1196 836 1322 865 tenetur
1337 835 1539 874 rebaptizari,
1562 844 1636 867 cum
1659 843 1826 875 nunquam

1055 887 1154 927 possit
1167 888 1335 919 certificari
1345 888 1384 919 de
1399 889 1572 921 intentione
1588 889 1784 929 baptizantis.

1328 1004 1552 1035 CONCLUSIO.

1055 1091 1170 1116 Intentio
1191 1093 1226 1117 est
1255 1090 1286 1116 de
1312 1092 1468 1117 necessitate
1492 1091 1632 1126 baptismi,
1658 1098 1715 1117 cum
1736 1097 1826 1117 sacra-

1089 1136 1203 1160 mencum
1219 1142 1270 1160 uon
1291 1134 1387 1161 habeat
1404 1142 1479 1161 sunm
1495 1142 1545 1162 esse
1560 1143 1576 1161 a
1592 1136 1704 1166 natura,
1725 1134 1771 1161 sed
1791 1134 1824 1161 ab

1089 1179 1265 1205 institutione.

1095 1262 1186 1302 Resp.
1204 1263 1243 1292 ad
1258 1272 1328 1302 arg.
1347 1263 1518 1294 Dicendum
1532 1263 1616 1303 quod
1629 1263 1663 1293 in
1679 1262 1766 1293 omni
1779 1271 1825 1293 sa-

1055 1319 1217 1347 cramento
1232 1317 1410 1347 necessaria
1425 1319 1471 1347 est
1495 1316 1638 1347 intentio.
1664 1315 1752 1347 Ratio
1767 1324 1826 1346 au—

1055 1373 1116 1400 tem
1135 1370 1233 1409 hujus
1248 1372 1293 1400 est
1302 1395 1309 1408 ,
1322 1371 1397 1410 quia
1408 1372 1640 1401 sacramentum
1653 1378 1718 1400 non
1731 1368 1826 1400 habet

1055 1432 1121 1454 esse
1142 1433 1238 1454 suum
1255 1433 1273 1454 a
1298 1426 1432 1459 natura,
1454 1424 1507 1454 sed
1532 1424 1571 1454 ab
1596 1423 1793 1454 institutione
1814 1432 1821 1453 :

1056 1477 1140 1508 unde
1152 1477 1176 1507 si
1186 1480 1258 1507 ante
1270 1477 1501 1508 institutionem
1514 1478 1683 1507 immersus
1694 1478 1773 1506 esset
1786 1475 1824 1514 (b)

1055 1530 1125 1569 quis
1148 1530 1180 1560 in
1203 1539 1319 1569 aquam
1342 1530 1401 1560 sub
1423 1530 1525 1560 forma
1548 1530 1737 1566 verborum,
1760 1537 1824 1560 non

1055 1587 1133 1614 esset
1147 1588 1393 1615 sacramentum.
1409 1584 1518 1615 Dicunt
1531 1593 1610 1623 ergo
1625 1584 1766 1624 quidam,
1782 1584 1825 1614 si-

1054 1640 1107 1667 eut
1121 1638 1273 1676 magister
1292 1638 1385 1677 Ilugo
1403 1639 1440 1668 de
1459 1640 1566 1668 sancto
1581 1638 1715 1670 Victore,
1739 1638 1823 1677 quod

1054 1693 1250 1722 sacramenta
1264 1692 1405 1722 instituta
1419 1694 1496 1721 sunt
1510 1694 1545 1722 ut
1559 1692 1636 1721 fiant
1650 1690 1824 1721 rationabi-

1055 1745 1125 1775 liter
1139 1747 1169 1775 et
1183 1753 1224 1775 ex
1240 1744 1416 1775 intentione
1431 1755 1437 1774 :
1455 1747 1484 1774 et
1499 1744 1584 1782 ideo,
1602 1744 1627 1774 si
1642 1752 1706 1774 non
1721 1743 1760 1774 sit
1772 1743 1824 1774 in-

1056 1798 1169 1833 tentio,
1187 1806 1250 1828 nou
1267 1800 1313 1827 est
1327 1799 1578 1828 sacramentum.
1594 1797 1646 1827 Ait
1659 1796 1744 1826 enim
1759 1796 1822 1826 sic:

1060 1863 1073 1879 ι(
1089 1850 1292 1881 Sacramenta
1307 1850 1359 1880 Dei
1374 1859 1439 1881 non
1454 1851 1498 1880 sic
1512 1850 1656 1880 instituta
1676 1851 1765 1886 sunt,
1790 1851 1826 1879 ut

1056 1905 1092 1943 (c)
1109 1903 1261 1943 operandi
1274 1903 1395 1934 nullam
1409 1903 1563 1934 rationem
1576 1903 1753 1939 admittant,
1769 1904 1825 1932 aut

1056 1957 1250 1987 tumultuosa
1266 1956 1404 1996 quadam
1417 1980 1424 1994 ,
1441 1959 1471 1986 et
1487 1956 1641 1992 violenta,
1667 1957 1762 1994 atque
1781 1955 1823 1985 ir-

1056 2011 1234 2041 rationabili
1249 2010 1435 2049 pertinacia,
1454 2010 1522 2040 sine
1538 2009 1625 2039 omni
1640 2008 1823 2044 intentione,

1056 2066 1110 2095 aut
1124 2064 1286 2094 voluntate
1308 2063 1510 2102 operantium
1525 2062 1563 2093 ad
1585 2062 1731 2092 effectum
1752 2070 1825 2101 pro-

1056 2117 1176 2148 cedant.
1193 2116 1269 2147 Vide
1284 2125 1363 2155 ergo
1384 2118 1412 2145 et
1429 2115 1590 2146 considera
1603 2138 1610 2152 ‚
1634 2114 1709 2153 quia
1729 2114 1824 2145 ratio-

1056 2170 1160 2200 nabile
1175 2171 1297 2209 oportet
1312 2178 1380 2199 esse
1400 2178 1494 2199 omne
1509 2177 1588 2208 opus
1603 2167 1824 2198 ministrorum

1055 2222 1124 2259 Dei⁷
1149 2231 1205 2252 nec
1227 2231 1282 2261 per
1303 2222 1399 2252 solam
1421 2222 1556 2252 sormam
1578 2223 1708 2261 possunt
1727 2221 1821 2258 dare,

1056 2275 1111 2305 ubi
1125 2274 1238 2313 agendi
1254 2274 1385 2304 intentio
1396 2274 1483 2304 nulla
1497 2276 1553 2304 est.
1568 2286 1582 2301 ι)
1600 2273 1702 2304 Potest
1716 2276 1825 2304 tamen

1056 2330 1086 2358 et
1098 2327 1158 2357 alia
1172 2327 1253 2358 ratio
1266 2327 1434 2365 assignari,
1449 2327 1523 2366 quia
1534 2327 1572 2357 ad
1588 2329 1824 2357 sacramentum

1057 2380 1230 2411 necessaria
1245 2382 1290 2410 est
1306 2380 1454 2417 intentio,
1471 2382 1501 2410 et
1516 2379 1681 2410 institutio.
1703 2379 1749 2409 Ad
1764 2379 1824 2409 hoc

1058 2452 1086 2474 iv
1114 2452 1192 2480 Smt,
1218 2451 1273 2474 dist.
1296 2457 1333 2480 ιιι,
1353 2458 1376 2481 q.
1400 2457 1429 2479 u;
1452 2451 1539 2481 steph.
1565 2451 1667 2480 Brulet,
1694 2450 1723 2473 tv
1747 2450 1824 2480 Scan,

1056 2486 1111 2509 dist.
1129 2492 1162 2510 vt.
1180 2496 1203 2515 ¹4-
1224 2492 1262 2509 tx:
1287 2488 1373 2509 rou-us
1391 2486 1420 2509 sit*
1436 2487 1547 2515 'l';u‘aut.‚
1567 2487 1597 2509 lY
1615 2488 1693 2508 seni..
1711 2485 1767 2508 dist.
1807 2491 1823 2515 Ι,

1056 2528 1079 2552 q.
1098 2527 1132 2544 Π.
1149 2535 1155 2537 >
1192 2522 1284 2551 mnia„
1301 2522 1325 2543 ιἰι
1342 2522 1412 2544 Jouu.
1431 2523 1501 2544 tract.
1520 2527 1596 2547 mxx,
1616 2528 1640 2544 u.
1657 2522 1679 2543 3.

1088 2566 1120 2595 (a)
1138 2565 1196 2589 Coet.
1210 2565 1271 2588 mitt.
1287 2564 1353 2587 ‹let-st
1367 2565 1418 2594 qui.
1432 2577 1458 2581 --
1474 2564 1510 2594 (b)
1524 2566 1583 2589 Coet.
1607 2564 1666 2587 edit.
1685 2565 1823 2588 immersis-

1056 2602 1102 2624 set.
1116 2613 1144 2618 -
1157 2602 1188 2629 (τ’)
1203 2600 1274 2624 Edit.
1293 2600 1347 2623 I'en.
1363 2600 1431 2624 dees!
1449 2602 1482 2623 ut.

1851 1264 1912 1285 natio
1925 1267 1931 1286 t
1940 1282 1945 1289 ,

1855 2281 1912 2302 nanu
1924 2284 1943 2303 2.
