2017 2948
111 754 204 780 Respon-

117 786 145 805 tio
160 786 186 806 ad

103 816 141 836 ult.
169 824 206 843 pru

102 847 160 868 fund.

227 149 286 177 442

226 213 388 253 propriam
410 212 525 248 fidem,
550 210 680 248 attingit
707 212 812 240 tamen
840 207 998 239 mediante

225 266 287 297 fide
302 265 416 296 aliena.
444 264 531 295 Unde
553 263 822 294 sacramentaliter
843 261 995 298 comedit,

225 319 373 360 quamvis
387 327 451 349 non
467 319 508 348 ita
525 318 681 356 attingat⁷
701 317 782 346 sicut
797 316 848 346 ille
863 316 918 355 qni
934 324 998 345 cre-

223 373 267 403 dit
293 372 354 402 side
385 371 521 411 propria.
547 370 584 401 Et
613 370 656 399 sic
682 371 765 409 patet
792 378 848 408 pro
877 370 997 408 quanto

222 426 345 457 dicatur
366 424 634 455 sacramentaliter
655 421 861 459 manducare,
883 421 998 451 scilicet

221 479 297 519 quia
316 480 547 509 sacramentum
573 476 715 516 primum
734 484 808 506 vere
826 475 947 512 existit,
967 476 997 505 ct

220 532 286 571 ipse
301 532 355 572 qui
380 531 570 567 manducat,
602 528 678 559 illud
701 531 736 559 ut
761 530 995 558 sacramentum

221 594 347 616 sumere
358 584 501 621 intendit,
520 583 586 613 sive
602 583 677 622 quia
687 582 861 612 creditesse
875 591 989 612 verum

221 640 454 669 sacramentum
465 661 474 675 ‚
491 637 557 668 sive
572 637 647 676 quia
663 636 821 666 existimat
834 635 911 666 alios
926 644 992 665 cre-

221 692 304 722 dere.

262 744 310 774 Ad
325 744 401 775 illud
418 743 502 784 qnod
523 743 683 782 objicitur,
698 742 783 781 qnod
800 742 913 772 sufficit
929 741 996 771 sola

222 797 424 828 manducatio
445 796 631 836 corporalis,
650 795 819 825 dicendum
835 795 917 834 qnod
935 794 993 824 t'al-

221 860 293 881 sum
307 852 368 888 est,
393 850 472 880 sicut
491 849 661 880 ostendunt
682 848 821 878 rationes
837 848 876 878 ad
892 857 994 888 oppo-

220 904 333 941 situm;
350 903 414 934 imo
429 905 569 943 quatuor
579 902 767 940 exiguntur,
782 901 863 931 sicut
874 903 992 947 tactum

219 960 276 988 est.

260 1013 287 1040 1.
312 1010 359 1040 Ad
381 1010 457 1040 illud
481 1009 564 1049 quod
589 1009 737 1047 objicitur
760 1009 797 1039 de
821 1008 990 1045 mersione,

218 1063 386 1093 dicendum
406 1064 488 1102 quod
507 1072 569 1093 non
593 1062 708 1092 suflicit
728 1062 759 1091 in
775 1061 893 1097 adulte,
911 1061 993 1091 siout

219 1115 308 1155 prius
322 1116 439 1145 dictum
463 1115 538 1152 fuit,
555 1115 614 1144 nisi
639 1114 718 1144 adsit
736 1114 869 1144 intentio
893 1124 988 1153 regu·

216 1169 277 1199 lata
299 1177 317 1198 a
339 1169 411 1205 side,
438 1168 488 1198 vel
506 1168 538 1197 in
560 1177 608 1205 se,
627 1167 677 1198 vel
700 1168 732 1197 iu
747 1167 828 1204 alio·‚
851 1168 895 1197 sic
914 1169 944 1197 et
958 1168 991 1197 in

216 1222 388 1261 proposito.

255 1276 285 1304 2.
310 1274 358 1304 Ad
385 1274 462 1305 illud
486 1274 569 1313 quod
593 1273 742 1312 objicitur
768 1273 806 1303 de
834 1273 992 1313 spirituali

215 1328 472 1365 manducatione,
498 1327 667 1357 dicendum
688 1326 772 1366 qnod
796 1335 860 1356 non
879 1329 924 1357 est
949 1327 991 1356 si-

216 1380 305 1417 mile,
323 1381 398 1419 quia
411 1381 449 1419 ‚in
462 1382 532 1410 actn
556 1379 628 1409 fidei
646 1381 677 1409 et
691 1379 851 1409 charitatis
867 1388 992 1419 semper

216 1433 389 1473 spiritualis
411 1441 462 1463 res
487 1433 675 1471 attingitur:
701 1434 731 1462 et
755 1433 797 1462 ita
821 1441 871 1462 res
898 1433 990 1471 spiri-

217 1486 310 1516 tualis
333 1495 398 1515 non
421 1486 602 1516 frustratur.
629 1486 689 1516 Sed
711 1495 784 1515 cun]
808 1486 879 1524 quis
901 1495 990 1516 man-

217 1539 310 1569 ducat
324 1539 543 1578 corporaliter,
565 1541 665 1579 potest
679 1548 745 1569 esse
763 1538 847 1578 quod
865 1548 927 1569 non
943 1541 989 1569 at-

217 1592 320 1631 tingat
335 1592 454 1632 aliquid
472 1593 557 1631 qnod
574 1592 782 1631 spiritualiter
797 1592 916 1629 subest,
934 1601 992 1622 nec

217 1644 396 1682 intellectu,
420 1654 477 1675 nec
497 1646 626 1681 affectu,
648 1654 703 1675 nec
717 1654 772 1684 per
795 1654 844 1681 se,
863 1654 921 1675 nec
936 1654 992 1684 per

217 1698 366 1735 alterum,
391 1700 421 1728 et
440 1699 481 1728 ita
503 1707 566 1728 non
583 1698 752 1728 manducet
774 1698 814 1736 (a)
833 1701 867 1728 ut
884 1707 989 1728 sacra-

218 1753 379 1782 mentum:
398 1753 427 1781 et
442 1752 486 1781 sic
502 1754 584 1791 patet
599 1752 687 1782 illud.

258 1808 286 1836 3.
300 1805 348 1836 Ad
363 1805 439 1836 illud
454 1806 539 1846 qnod
554 1806 703 1845 objicitur
718 1806 756 1836 de
771 1806 833 1836 fide
848 1805 987 1845 informi,

218 1858 388 1889 dicendum
409 1859 492 1898 quod
516 1859 631 1889 salsum
648 1861 708 1896 est,
727 1859 801 1898 quia
823 1859 926 1889 minor
946 1861 990 1889 est

217 1911 358 1950 cognitio
372 1912 603 1947 aestimationis,
618 1921 714 1951 quam
730 1912 820 1948 fidei;
837 1914 868 1942 et
883 1912 990 1942 minus

219 1966 265 1995 est
280 1964 442 1995 intendere
464 1965 564 1995 facere
584 1965 669 2004 qnod
686 1964 766 1995 alius
785 1966 875 2002 facit,
892 1975 990 2005 quam

219 2018 381 2048 intendere
396 2018 478 2057 quod
495 2018 609 2048 credit:
627 2020 656 2048 et
671 2017 748 2057 quia
763 2018 924 2057 dispositio
936 2019 991 2049 ali-

219 2079 283 2110 qua
304 2073 365 2108 est,
388 2071 458 2101 ideo
481 2070 586 2110 aliquo
608 2071 700 2100 modo
722 2073 767 2100 est
791 2071 991 2102 manducatio

219 2124 464 2161 sacramentalis,
479 2124 626 2163 quamvis
640 2132 705 2153 non
718 2124 761 2153 ita
776 2125 877 2163 plene.

263 2178 292 2206 ΙΙ.
309 2176 357 2207 Ad
374 2176 449 2206 illud
471 2176 554 2216 qnod
576 2176 724 2215 objicitur
739 2176 775 2206 ‹le
794 2177 987 2216 inseparabi-

219 2229 320 2267 litate,
349 2229 516 2260 dicendnn·
550 2229 633 2267 quod
663 2229 884 2268 inseparabilia
914 2232 990 2260 sunt

220 2284 375 2322 quantum
389 2283 429 2313 ab
445 2283 552 2319 situm,
569 2291 632 2312 non
648 2284 753 2311 tamen
773 2284 847 2312 sunt
863 2283 987 2322 insepa-

219 2334 330 2364 rabilia
345 2336 499 2374 quantum
516 2333 553 2364 ad
569 2339 688 2363 actum:
704 2335 805 2372 potest
819 2334 901 2363 enim
918 2334 990 2373 quis

219 2390 392 2426 percutere,
404 2390 434 2418 et
447 2387 616 2427 perforare,
631 2389 660 2416 et
675 2386 822 2424 frangere
836 2387 987 2426 speciem,

218 2442 248 2470 et
265 2442 372 2471 tamen
389 2440 470 2471 nihil
488 2440 562 2470 facit
583 2440 665 2470 circa
686 2448 753 2469 rem
768 2449 774 2469 :
797 2439 841 2469 ita
855 2442 885 2470 et
901 2449 989 2471 man-

250 2538 257 2553 ¹
273 2537 314 2567 Cf.
332 2538 403 2563 Alex.
420 2538 514 2569 Alens„
528 2545 554 2569 p.
573 2538 615 2568 iv,
632 2544 653 2569 q.
676 2543 713 2568 xi,
731 2537 839 2561 membr.
857 2540 881 2568 2,
899 2541 945 2564 art.
966 2542 987 2568 Ι,

218 2573 273 2604 §23
292 2574 318 2597 S.
338 2573 440 2602 Thom.,
459 2581 485 2605 p.
507 2574 548 2604 ΙΙΙ,
564 2581 589 2605 q.
607 2579 696 2604 LXXXI,
713 2575 760 2597 art.
779 2576 805 2604 ¹3
821 2576 845 2597 et
861 2575 891 2599 lV
910 2575 987 2607 Sent„

218 2607 274 2632 dist.
287 2613 323 2638 xi,
335 2615 360 2639 q.
371 2614 409 2638 111,
423 2611 469 2633 art.
483 2612 508 2639 l;
523 2609 610 2640 Steph.
626 2609 729 2640 Brulet„
743 2609 772 2632 lv
788 2609 985 2643 Sent„dist.1x,

783 139 1091 172 SENTENTIARUM
1112 141 1185 172 LIB.
1209 141 1258 171 iv.

1053 208 1179 238 ducare.
1190 207 1228 239 Et
1240 207 1393 247 quoniam
1410 207 1646 237 sacramentum
1658 208 1733 240 dicit
1742 220 1824 243 eom-

1055 261 1252 300 parationem
1273 260 1312 290 ad
1332 267 1415 295 rem,
1437 258 1515 288 nihil
1534 258 1649 290 dicitur
1667 262 1824 303 attingere

1054 313 1332 349 sacramentaliter,
1350 312 1411 342 nisi
1424 311 1518 341 eliani
1534 312 1673 352 attingat
1686 323 1753 345 rem
1771 326 1778 346 :
1795 319 1825 348 et

1054 366 1112 396 hoc
1129 369 1229 406 polest
1245 375 1322 402 esse,
1338 365 1416 395 sicut
1429 365 1534 395 visum
1549 368 1614 396 est:
1631 369 1662 397 et
1676 367 1745 399 ideo
1759 378 1824 400 non

1054 420 1167 450 sufficit
1183 420 1284 450 solum
1306 419 1441 458 speciem
1460 418 1653 451 manducare
1673 421 1712 452 ad
1731 431 1822 453 man-

1053 474 1256 504 ducationem
1287 471 1562 510 sacramentalem,
1593 473 1655 504 nisi
1687 475 1824 514 attingat

1053 535 1119 555 rem
1140 534 1195 565 per
1219 524 1424 555 intentionem
1443 524 1623 563 regulatam
1644 526 1750 566 aliquo
1766 536 1824 567 ge-

1051 587 1126 608 nere
1146 577 1353 616 cognitionis,
1371 576 1486 606 scilicet
1503 577 1551 607 vel
1567 577 1822 617 existimationis,

1052 632 1101 662 vel
1124 631 1197 661 fidei
1222 630 1383 667 informis,
1410 629 1460 660 vel
1484 630 1557 660 fidei
1582 630 1742 671 formatae,
1772 633 1824 665 vel

1051 685 1145 715 etiam
1161 684 1300 714 scientiae
1315 686 1421 720 certae,
1434 685 1468 714 ut
1484 683 1516 714 in
1529 684 1661 716 Christo.

1309 816 1488 854 QUAESTlo
1513 816 1561 847 lv.

1081 914 1124 939 An
1146 912 1246 938 Christi
1264 911 1434 938 manducatio
1454 912 1536 943 fuerit
1556 913 1758 940 sacramentalis
1774 918 1791 939 ¹.

1090 1006 1201 1037 Utrum
1213 1005 1355 1036 Christus
1366 1005 1606 1036 manducaverit
1617 1006 1758 1046 quolibet
1770 1015 1823 1038 su·
1838 1016 1941 1038 Fundam.

1049 1059 1261 1099 pradictorum
1286 1058 1469 1096 modorum;
1487 1061 1517 1089 et,
1534 1059 1618 1099 quod
1638 1069 1820 1091 sacramen-

1047 1114 1162 1149 taliter,
1178 1112 1304 1142 videtur
1315 1114 1339 1142 ²:
1358 1112 1496 1152 Cumque
1512 1113 1550 1143 cle
1566 1114 1724 1153 sanquine
1738 1115 1822 1146 arie-

1048 1168 1112 1202 tis;
1136 1167 1241 1196 Glossa
1266 1165 1356 1196 Esicii
1386 1166 1420 1204 lb]
1444 1178 1449 1196 :
1483 1177 1497 1194 «
1521 1165 1627 1197 Primo
1655 1167 1818 1206 sacerdos,

1048 1219 1159 1249 deinde
1188 1219 1243 1249 filii
1268 1219 1427 1257 sanguine
1458 1218 1716 1257 intingebantur,
1744 1220 1820 1259 quia

1048 1272 1188 1302 Christus
1211 1272 1243 1301 in
1260 1280 1349 1301 roena
1366 1271 1453 1310 prius
1474 1271 1665 1309 sanguinem
1685 1272 1819 1311 accepit,

1048 1324 1159 1355 deinde
1179 1324 1340 1363 discipulis
1358 1324 1453 1354 dedit.
1478 1334 1492 1351 ν)
1511 1323 1549 1354 Et.
1570 1332 1684 1354 rursus
1704 1323 1820 1354 ibidem

1048 1378 1121 1408 [licit
1136 1378 1263 1408 Glossa:
1281 1378 1402 1414 «Bibit,
1418 1379 1448 1407 et
1464 1376 1532 1407 aliis
1549 1377 1656 1407 bibere
1671 1377 1765 1408 dedit.
1782 1388 1796 1406 υ

1089 1431 1165 1460 Item
1182 1431 1305 1461 ratione
1322 1430 1456 1467 videtur,
1476 1430 1549 1469 quia
1564 1430 1758 1469 baptismum
1773 1439 1821 1462 ac-

1047 1484 1127 1523 cepit
1142 1484 1174 1513 in
1197 1483 1400 1523 exemplum:
1423 1492 1501 1522 ergo
1522 1483 1547 1512 si
1566 1482 1625 1513 hoe
1640 1492 1820 1514 sacramen—

1046 1539 1115 1567 tnm
1131 1539 1177 1567 est
1193 1537 1295 1575 magis
1311 1537 1466 1574 arduum,
1483 1546 1562 1575 ergo
1577 1537 1615 1567 de
1636 1537 1696 1568 hoc
1717 1538 1821 1578 magis

1046 1590 1228 1629 exemplum
1245 1590 1318 1619 (lare
1334 1590 1477 1620 debebat.

1087 1644 1187 1681 Item,
1218 1643 1300 1683 quod
1329 1643 1534 1684 spiritualiter
1559 1644 1816 1684 manducaverit,

1047 1698 1183 1734 videtur,
1208 1697 1282 1738 qnia
1307 1698 1511 1737 spiritualiter
1534 1698 1744 1729 manducatur
1761 1707 1818 1738 per

1046 1752 1261 1790 cognitionem
1291 1752 1321 1781 et
1351 1750 1568 1781 dilectionem:
1597 1751 1651 1782 sed
1675 1750 1814 1782 Christus

1046 1813 1171 1836 summe
1197 1813 1230 1834 se
1257 1804 1467 1843 cognoscebat
1498 1806 1529 1834 et
1559 1804 1709 1844 diligebat
1727 1816 1734 1835 :
1763 1814 1818 1836 er-

1048 1866 1105 1897 go,
1123 1859 1181 1888 etc.

1088 1911 1165 1941 Item
1188 1911 1329 1942 Christus
1358 1912 1424 1940 erat
1450 1910 1553 1941 adhuc
1581 1911 1708 1941 viator:
1739 1920 1818 1952 ergo

1046 1964 1147 1995 adhuc
1164 1963 1297 1994 debebat
1311 1964 1357 1993 uti
1368 1963 1497 1994 viatico:
1510 1963 1563 1994 sed
1573 1972 1687 2003 corpus
1702 1963 1817 1995 Christi

1046 2016 1250 2057 spiritualiter
1264 2019 1310 2047 est
1325 2016 1492 2047 viaticum:
1511 2025 1600 2055 ergo,
1617 2019 1676 2047 etc.

1085 2070 1214 2100 Contra:
1231 2069 1317 2106 Quod
1333 2079 1397 2100 non
1415 2069 1655 2100 manducaverit
1672 2070 1817 2109 spiritua·
1834 2083 1866 2104 Ad
1884 2091 1934 2112 099,

1045 2124 1126 2161 liter,
1143 2123 1279 2160 videtur,
1297 2124 1371 2163 qnia
1394 2123 1447 2153 ubi
1469 2125 1514 2153 est
1534 2123 1707 2162 spiritualis
1725 2132 1815 2153 man-

1045 2177 1185 2213 ducatio,
1208 2176 1250 2205 ibi
1270 2178 1316 2205 est
1334 2176 1430 2206 unio:
1455 2176 1509 2206 ulii
1529 2178 1635 2206 autem
1657 2176 1751 2214 unio,
1773 2176 1817 2206 ibi

1045 2229 1209 2260 diversitas
1224 2229 1377 2259 nonnulla
1389 2231 1453 2260 est:
1471 2238 1551 2268 crgo
1566 2238 1640 2259 cum
1654 2229 1736 2259 idem
1751 2237 1816 2259 non

1045 2283 1167 2314 differat
1181 2292 1200 2312 a
1214 2292 1258 2321 se,
1275 2285 1358 2322 patet
1373 2282 1458 2322 quod
1471 2282 1612 2313 Christus
1628 2291 1692 2312 non
1708 2291 1814 2313 come-

1045 2337 1089 2367 dit
1103 2337 1322 2377 spiritualiter,
1339 2346 1413 2367 cum
1428 2336 1522 2367 suerit
1535 2337 1618 2367 idem
1633 2336 1706 2367 sibi.

1084 2391 1113 2420 ⁶2.
1140 2389 1233 2427 Item,
1255 2390 1311 2420 ubi
1335 2391 1382 2420 est
1405 2389 1576 2429 spiritualis
1600 2388 1812 2426 manducatio,

1044 2444 1275 2473 sacramentnm
1298 2442 1393 2473 habet
1416 2442 1615 2482 spiritualem
1643 2441 1812 2472 effectum:

1044 2536 1069 2559 q,
1086 2534 1123 2558 1v;
1140 2528 1216 2552 Gabr.
1234 2528 1306 2558 niel„
1320 2529 1351 2552 lV
1368 2527 1446 2557 Sent„
1457 2528 1514 2551 dist.
1530 2533 1566 2558 ix,
1582 2534 1607 2558 q.
1623 2533 1639 2551 1.
1656 2539 1682 2544 -
1701 2526 1710 2541 ²
1725 2526 1813 2556 levit..

1045 2570 1100 2593 vui,
1116 2566 1153 2588 24.

1077 2614 1108 2644 (a)
1126 2614 1186 2638 Coet.
1204 2613 1255 2637 edit
1270 2612 1414 2637 manducat.
1426 2624 1456 2629 —
1468 2611 1499 2642 (b)
1514 2611 1569 2641 Leq.
1586 2610 1713 2642 Hesychii.
