2017 2948
94 609 190 634 Explica-

211 104 269 133 016

485 211 708 244 CONCLUSIO.

211 278 345 312 Jejunium
361 281 397 305 est
412 287 476 314 opus
488 282 704 314 satisfactorium
713 303 722 313 ,
735 289 795 307 cum
807 283 842 307 sit
858 283 981 316 pcrnale;

247 326 270 349 et
286 324 337 350 Deo
350 324 457 358 placet,
473 326 537 359 quia
553 327 672 360 corporis
690 328 714 351 ct
728 326 844 359 spiritus
859 328 896 352 est
912 334 982 353 reor·-

247 368 410 396 dinativum.

253 435 344 476 Resp.
361 437 399 467 ad
419 446 491 476 arg.
517 438 689 468 Dicendum
712 439 795 478 quod
817 439 981 479 jeJunium

213 492 259 519 est
273 497 353 529 opus
368 491 622 528 satisfactorium,
635 491 810 522 secundum
821 492 904 531 quod
917 492 982 532 ipse

214 541 366 572 Dominus
392 542 486 572 dicit¹
510 552 517 573 z
541 544 605 575 Hoc
629 552 727 583 yemis
755 544 982 577 clcemom'orwn

214 603 277 627 non
285 595 414 634 ejicitur
429 597 497 627 πίει·
512 597 548 627 ‘ln
563 598 706 629 oratione
721 601 749 629 ec
759 598 900 637 jejunio.
917 598 981 636 Est,

215 649 365 688 inquam,
383 649 626 680 satisfactorium
649 650 810 682 liberando
830 661 848 682 a
873 661 980 691 poena,

213 711 286 731 cum
302 703 341 732 sit
363 702 486 742 poenale
500 713 506 740 ;
525 705 555 733 θῖ
572 703 634 734 Deo
649 707 695 734 est
722 705 871 744 placitum
885 729 893 742 ,
910 705 985 744 quia

213 755 353 794 corporis
363 758 393 786 et
407 756 538 795 spiritus
548 759 593 787 est
602 758 865 796 reordinativuiu,
878 760 913 789 ut
921 767 986 789 cor-

215 817 272 847 pus
294 809 415 848 spiritui
440 819 504 840 non
528 814 687 850 repugnet
710 812 981 843 contumaciter²z

216 861 277 896 Qui
291 862 425 894 delicate
437 871 457 894 a
470 864 610 902 pueritia
624 865 728 896 nutrit
741 873 864 896 servum
879 874 984 903 suum,

215 915 328 946 sentiet
339 916 429 946 illum
444 919 657 948 contumacem
666 927 677 956 ,·
689 921 723 948 ut
745 918 866 957 spiritui
884 918 983 957 subji-

215 968 315 998 ciatur
333 969 466 999 totaliter
481 969 490 985 ³
507 981 513 999 :
532 970 660 1009 Castiqo
679 979 793 1010 corpus
810 979 930 1009 meum,
958 974 986 1003 et

218 1022 253 1051 in
263 1022 446 1053 servitutem
460 1022 584 1062 redisse,
601 1027 677 1061 etc.;
694 1027 730 1054 ut
745 1034 807 1055 non
827 1026 987 1056 crucietur

217 1075 408 1105 aeternaliter
420 1078 444 1106 ⁶:
462 1076 518 1107 Est
529 1077 587 1115 qui
599 1077 700 1109 multa
715 1077 853 1109 redimat
866 1078 986 1111 modico

216 1130 381 1168 pretz'0‚·et
400 1130 409 1146 ⁵
428 1139 435 1160 ;
456 1130 545 1161 Diem
567 1138 625 1169 pro
650 1139 734 1162 anno
758 1131 834 1162 defle?
851 1132 931 1171 tibi}
954 1135 989 1162 ut

217 1181 414 1219 glorificetur
441 1184 631 1213 aeternaliter
652 1183 661 1199 ⁰
688 1195 694 1214 :
717 1184 754 1215 ΙιΙ
780 1184 865 1224 quod
887 1188 931 1216 est
952 1186 986 1216 'ln

217 1237 367 1274 proesente'
382 1239 635 1269 momentanewn
654 1242 683 1269 et
695 1239 759 1269 leuc
769 1238 986 1270 tribulationis

217 1292 343 1326 nosti-ce,
360 1291 418 1320 etc.

259 1345 287 1372 1.
300 1342 345 1372 Ad
363 1342 438 1373 illud
454 1353 531 1382 ergo
553 1344 636 1384 quod
653 1344 800 1383 obj'icitur
814 1345 847 1375 in
861 1348 988 1376 contra-

218 1395 302 1425 rium
316 1420 324 1433 ,
340 1396 425 1435 quod
440 1406 504 1427 non
519 1397 618 1437 placet
634 1397 712 1436 Deo,
730 1400 801 1436 etc,
818 1398 988 1429 dicendum

219 1448 304 1488 quod
328 1448 390 1479 Deo
416 1458 479 1479 non
505 1450 603 1489 placet
626 1451 753 1481 afflictio
777 1452 897 1489 carnis,
924 1453 990 1483 sive

219 1502 288 1540 ejus
299 1503 480 1540 maceratio,
497 1504 671 1534 secundum
689 1514 739 1541 se3
761 1505 814 1535 sed
832 1508 989 1544 quantum

220 1554 252 1584 in
266 1563 302 1584 ea
324 1556 458 1594 punitur
476 1556 625 1595 spii-itm,
650 1557 725 1596 quia
745 1557 833 1587 dolor
858 1566 920 1587 non
946 1561 992 1588 est

221 1607 336 1645 carnis,
350 1608 402 1638 sed
418 1608 533 1639 animae
545 1609 578 1639 in
591 1618 695 1646 carne,
708 1612 743 1639 ut
752 1610 825 1639 dicit
838 1610 992 1649 Augusti-

222 1660 320 1698 nus⁷;
337 1663 367 1691 et
383 1661 415 1691 in
431 1664 587 1701 quantum
611 1662 682 1692 talis
701 1671 794 1702 poena
814 1664 953 1702 procedit
974 1674 992 1694 a

222 1722 316 1753 poena
330 1713 446 1744 doloris
461 1715 645 1754 spiritualis,
661 1718 695 1746 ut.
710 1725 784 1754 non„
797 1717 878 1747 sicut
893 1717 992 1757 hypo-

223 1766 310 1805 crita,
325 1767 465 1798 exterius
481 1771 605 1799 tantum
619 1769 741 1808 puniat.
754 1769 793 1800 Et
807 1773 916 1801 contra
932 1771 991 1801 hoc

223 1822 269 1849 est
282 1819 358 1850 illud
373 1820 468 1851 Joelis
482 1822 503 1859 ⁸,
519 1822 595 1861 quia
618 1831 683 1853 non
702 1823 849 1854 dolebant
871 1824 989 1862 animo,

223 1872 276 1903 sed
286 1873 390 1912 signo.

262 1927 291 1956 ⁶2.
313 1926 361 1956 Ad
376 1926 455 1957 illud
468 1927 553 1967 quod
563 1927 723 1967 objicitur,
737 1929 822 1968 quod
837 1929 875 1959 ad
891 1930 992 1961 modi-

223 1987 296 2008 cum
312 1978 404 2017 valet,
414 1979 582 2010 dicendum
596 1981 681 2020 quod
696 1982 756 2013 hoc
773 1985 838 2021 est,
855 1983 904 2014 vel
918 1984 993 2024 quia

223 2031 279 2061 uni
292 2031 361 2070 soli,
376 2032 427 2062 vel
443 2032 482 2064 ad
498 2033 656 2065 modicum
676 2036 910 2074 comparatione
924 2037 990 2076 pie-

223 2084 305 2114 tatis.

263 2138 292 2168 3.
313 2137 362 2168 Ad
378 2138 455 2170 illud
470 2140 555 2179 quod
570 2142 730 2181 objicitur.
745 2143 830 2183 quod
842 2153 916 2174 caro
928 2153 991 2175 non

223 2193 269 2220 est
284 2199 389 2230 causa,
405 2192 573 2224 dicendum
588 2195 672 2234 quod
683 2196 739 2225 etsi
755 2205 819 2227 non
831 2196 870 2227 sit
884 2206 990 2233 causa,

256 2248 410 2278 'Mn1-c.,1x,
422 2250 460 2273 28.
474 2263 503 2267 —
518 2251 526 2264 2
538 2252 710 2282 P1·oe=.‚x.x1x‘‚
724 2256 761 2276 :t⁴
777 2267 807 2270 —
824 2254 833 2269 ³
850 2255 855 2276 l
871 2254 938 2282 Cor..
955 2260 991 2284 ix,

224 2284 301 2307 27.·-
315 2284 324 2299 ⁵
338 2285 427 2314 lic-elz),
442 2292 485 2315 xx,
504 2288 540 2310 ¹2.
552 2300 580 2304 —
592 2287 602 2304 ⁵
614 2288 711 2315 Ezrffcli„
729 2294 761 2318 iv,
777 2291 799 2311 G.
817 2302 843 2306 -
860 2290 870 2305 ⁸
885 2292 902 2312 ΙΙ
923 2291 991 2320 ‘'1:1'„

226 2325 258 2348 iv,
283 2321 317 2342 Π.
335 2332 365 2338 -
384 2320 392 2335 ⁷
414 2322 488 2350 Anu„
510 2322 539 2344 cle
560 2323 634 2346 cunt.
652 2323 707 2353 Dei,
725 2324 766 2348 111).
787 2325 853 2353 ΧΙΥ,
868 2332 890 2348 c.
907 2330 949 2349 xv.
962 2339 992 2343 —

223 2355 234 2371 ⁸
246 2355 320 2385 Joel„
334 2362 362 2385 11,
378 2358 414 2381 12.
430 2371 455 2374 -
474 2359 483 2373 ⁹
496 2358 581 2389 Rern„
594 2359 620 2382 in
636 2359 720 2385 Cantu
735 2367 810 2384 serui.
830 2368 853 2384 J..

765 105 1073 137 SENTEN'I'IARUM
1097 106 1170 138 LlB.
1194 106 1243 138 IV.

1037 175 1084 203 est
1110 175 1217 205 tamen
1233 175 1373 214 occasi03
1396 176 1574 208 occasiones
1595 179 1704 209 autem
1731 180 1806 211 sunt

1037 226 1258 265 praecidendae.

1076 281 1107 310 4.
1123 280 1169 310 Ad
1195 280 1271 311 illud
1294 282 1378 321 quod
1399 282 1562 322 objicitur,
1581 282 1665 324 quod
1682 286 1730 314 est
1753 284 1806 315 in-

1038 335 1263 370 strumentum,
1275 334 1443 366 dicendum
1457 335 1543 376 quod
1557 336 1675 376 duplex
1694 338 1741 368 est
1756 337 1805 368 in·

1038 388 1266 425 strumentum,
1282 388 1400 419 scilicet
1416 391 1606 429 separatum,
1626 392 1657 421 et
1669 390 1729 421 hoc
1743 399 1807 422 non

1038 442 1084 469 est
1108 440 1320 479 puniendum3
1345 444 1376 471 et
1403 443 1621 482 conjunctum,
1647 443 1741 484 quale
1763 446 1810 475 est

1039 502 1122 529 caro,
1138 495 1168 522 et
1187 493 1245 523 hoc
1260 496 1306 524 est
1334 495 1543 535 puniendum,
1559 497 1635 536 quia
1662 497 1721 528 hoc
1746 507 1809 538 pu-

1039 546 1117 583 nito,
1143 547 1276 586 punitur
1291 548 1430 588 spiritus.

1081 600 1099 627 5
1113 601 1143 629 et
1158 601 1187 630 6.
1208 600 1254 630 Ad
1278 600 1355 631 illud
1373 602 1459 641 quod
1479 602 1646 642 objicitur,
1661 603 1746 644 quod
1760 604 1809 635 so-

1042 652 1163 683 vendus
1177 656 1221 683 est
1244 654 1410 693 inimicus,
1429 655 1597 686 dicendum
1626 656 1711 696 quod
1737 665 1811 687 caro

1041 706 1174 736 fovenda
1189 709 1235 737 est
1248 709 1280 737 ct
1294 708 1450 738 servanda
1460 732 1468 746 ,
1485 707 1539 739 sed
1555 708 1720 740 inimicitia
1740 717 1812 740 car·

1042 759 1091 788 nis
1116 768 1180 789 non
1205 763 1251 790 est
1279 761 1434 799 fovenda,
1453 762 1518 792 imo
1543 761 1581 792 ad
1610 762 1811 794 concordiam

1043 812 1172 852 spiritus
1196 815 1371 845 revocanda
1390 826 1395 844 :
1414 817 1442 845 ct
1457 815 1532 855 quia
1550 815 1610 846 hoe
1638 816 1674 846 fit
1697 824 1754 856 per
1763 817 1814 856 je-

1039 866 1168 904 Junium
1195 868 1227 897 et
1245 867 1388 906 flagella3
1407 868 1476 899 ideo
1498 871 1545 899 est
1570 869 1754 909 punienda:
1782 872 1815 901 et

1043 928 1099 958 per
1111 919 1171 950 hoc
1182 922 1265 959 patet
1279 921 1364 960 quod
1381 921 1524 952 naturale
1539 925 1585 952 est
1599 931 1727 954 carnem
1741 923 1813 954 dili—

1043 981 1119 1011 gere
1134 975 1162 1002 et
1177 973 1300 1011 fovere;
1318 974 1372 1005 sed
1386 975 1489 1005 carnis
1507 975 1667 1006 lasciviam
1690 975 1810 1015 fovere,

1043 1028 1089 1055 est
1104 1026 1312 1066 corruptionis
1327 1029 1357 1057 et
1372 1027 1451 1058 vitii.

1084 1081 1113 1109 7.
1132 1080 1175 1109 Ad
1194 1079 1271 1111 illud
1284 1081 1367 1120 quod
1383 1081 1550 1120 objicitur,
1566 1081 1651 1121 quod
1667 1081 1816 1114 dIminuit

1045 1133 1332 1171 vitam‚dicendum
1349 1135 1432 1175 quod
1449 1135 1626 1166 dimInuere
1642 1135 1752 1174 vitam,
1764 1136 1814 1167 vel

1045 1186 1229 1223 accelerare,
1241 1189 1295 1217 aut
1310 1190 1353 1217 est
1365 1197 1404 1218 ex
1416 1188 1602 1226 intentione,
1614 1191 1669 1219 aut
1679 1193 1812 1229 praeter:

1046 1239 1071 1268 si
1086 1248 1125 1270 ex
1140 1240 1314 1271 intentione
1325 1265 1333 1278 ‚
1347 1243 1510 1280 peccatum
1529 1243 1588 1279 est,
1605 1244 1635 1272 et
1659 1242 1704 1272 sic
1719 1242 1815 1273 intel-

1044 1291 1117 1331 ligit
1137 1292 1349 1333 Hieronymus
1357 1305 1365 1331 3
1382 1296 1434 1324 aut
1455 1297 1570 1333 praeter
1596 1295 1813 1333 intentionem,

1046 1347 1076 1375 et
1090 1348 1163 1376 tunc
1179 1349 1236 1376 aut
1250 1347 1352 1378 dando
1367 1356 1494 1387 opvram
1510 1348 1553 1378 rei
1565 1348 1669 1386 licitae,
1681 1351 1736 1379 aut
1751 1357 1816 1379 non

1046 1396 1153 1434 licitae;
1170 1397 1220 1427 vel
1235 1397 1317 1435 utili,
1335 1398 1389 1428 sed
1404 1398 1519 1429 iliicitae
1531 1399 1579 1429 vel
1590 1399 1817 1439 mulae:primo

1046 1450 1141 1480 modo
1164 1459 1228 1481 non
1250 1454 1297 1481 est
1317 1453 1499 1491 peccatum,
1525 1452 1580 1483 sed
1607 1452 1645 1492 (α)
1667 1452 1815 1484 secundo.

1047 1503 1152 1543 Aliqui
1171 1507 1277 1535 tamen
1301 1504 1411 1535 dicunt
1433 1506 1518 1545 quod
1540 1506 1731 1536 abstinentia
1753 1514 1818 1537 non

1046 1557 1197 1588 accelerat
1211 1560 1345 1588 mortem
1355 1569 1362 1595 ;
1373 1559 1425 1588 sed
1441 1561 1549 1589 tamen
1562 1568 1626 1589 non
1639 1559 1743 1597 credo,
1754 1560 1818 1590 imo

1048 1610 1155 1647 gravis
1170 1610 1361 1641 abs-tinentia
1377 1611 1455 1641 bene
1471 1612 1636 1642 accelerat.

1088 1664 1117 1692 8.
1134 1663 1180 1693 Ad
1196 1662 1274 1693 illud
1296 1663 1379 1702 quod
1402 1663 1564 1703 objicitur,
1588 1664 1672 1703 quod
1694 1674 1755 1695 non
1771 1667 1817 1696 est

1047 1718 1188 1748 medium
1210 1719 1242 1748 in
1268 1718 1420 1757 jejuniis,
1440 1718 1610 1749 dicendum
1633 1719 1717 1759 quod
1734 1719 1814 1758 imo;

1048 1770 1100 1800 sed
1116 1771 1174 1800 hoc
1190 1780 1253 1801 non
1268 1774 1315 1801 est
1328 1771 1468 1802 medium
1484 1772 1672 1810 sobrietatis,
1687 1773 1741 1803 sed
1755 1781 1818 1804 me-

1047 1824 1136 1854 dium
1149 1824 1294 1862 Jusiiiiae‚
1305 1824 1379 1864 quia
1398 1825 1522 1864 Jejunio
1534 1825 1626 1864 punit
1640 1826 1712 1865 quis
1725 1835 1817 1856 suam

1048 1886 1195 1907 carnem:
1221 1877 1324 1907 sedin
1347 1878 1405 1908 hac
1430 1878 1594 1918 punitione
1624 1879 1818 1910 servandum

1047 1932 1093 1960 est
1127 1930 1169 1961 ita
1196 1931 1354 1969 medium,
1381 1934 1415 1962 ut
1441 1941 1498 1962 nee
1521 1932 1617 1962 nimis
1645 1933 1730 1963 lente
1757 1942 1817 1973 pu-

1047 1983 1123 2021 niat,
1144 1984 1187 2014 ita
1208 1985 1292 2024 quod
1314 1985 1391 2014 vitia
1414 1986 1517 2016 carnis
1538 1986 1648 2017 vivant
1659 2009 1669 2024 ,
1686 1995 1743 2018 nec
1774 1987 1818 2017 ita

1047 2037 1175 2073 acerbe,
1206 2039 1239 2067 ut
1269 2039 1381 2068 natura
1408 2038 1541 2069 deficiat.
1574 2039 1659 2070 Unde
1686 2039 1818 2070 Bernar-

1047 2089 1153 2119 dus⁹:
1186 2101 1200 2117 «
1227 2090 1356 2129 Oportet
1376 2100 1504 2121 carnem
1532 2092 1725 2131 reprimere,
1753 2101 1818 2124 non

1047 2142 1268 2180 extinguere.»
1288 2142 1349 2173 Nec
1359 2143 1442 2173 istud
1458 2144 1599 2183 impedit,
1609 2145 1688 2184 quin
1699 2145 1740 2176 sit
1748 2154 1818 2177 me-

1046 2195 1147 2233 dium,
1162 2195 1236 2235 quia
1250 2196 1289 2227 ad
1309 2198 1490 2227 extremum
1514 2197 1648 2229 declinat
1664 2209 1671 2230 :
1690 2208 1765 2230 nam
1784 2199 1818 2230 in

1047 2248 1196 2287 patientia
1212 2249 1351 2279 medium
1369 2252 1415 2279 est
1439 2249 1502 2280 fere
1525 2251 1634 2281 omnia
1649 2252 1816 2290 sustinere,

1044 2290 1077 2330 'et
1092 2300 1125 2331 in
1139 2301 1331 2332 coutinentia
1345 2302 1441 2333 etiam
1455 2311 1581 2343 semper
1595 2304 1764 2336 abstinere.

1087 2363 1111 2393 a)
1128 2364 1186 2388 Coet.
1203 2364 1263 2389 edil.
1281 2365 1330 2388 vel.
