2017 2948
126 1111 212 1132 Lavacri

105 1146 125 1162 et
138 1142 211 1163 ltalnri

114 1172 212 1194 ‹infereu-

103 1204 141 1224 tia.

108 1908 185 1934 Opinio
197 1911 215 1930 1.

110 2121 187 2147 Opinio
196 2125 215 2142 2.

222 132 280 160 300

221 204 285 226 11011
311 196 350 226 ad
377 205 492 236 aquam
514 208 521 228 :
547 205 624 236 ergo
652 197 828 236 baptismus
853 204 918 226 non
946 199 992 226 est

221 257 314 288 aqua.
333 248 422 286 Quod
437 251 542 281 autem
558 259 617 281 nec
631 259 712 289 aqua
733 249 773 279 sit
785 273 792 287 ,
810 257 867 279 nec
882 248 991 279 tinctio

221 303 253 331 in
269 310 362 340 aqua,
377 301 513 341 videtur,
531 302 605 342 quia
625 302 801 341 baptismus
819 303 925 331 manet
940 309 991 331 re-

221 354 350 385 cedente
382 364 466 394 aqua
491 358 522 385 et
551 354 712 385 ablutione
744 354 778 384 in
807 354 988 394 baptizato:

222 416 317 446 ergo,
339 410 397 438 etc.
419 407 455 438 Et
479 408 563 448 quod
588 409 734 444 maneat,
755 407 900 444 videtur,
917 406 993 446 quia

222 469 347 500 semper
373 461 573 497 denominat,
597 462 628 490 et
656 468 823 500 nunquam
847 459 990 490 iteratur.

493 578 718 610 CONCLUSIO.

223 667 303 701 Aqua
318 666 426 693 abluens
443 667 480 692 est
494 667 599 699 sianum
616 666 713 699 qratioe
731 666 804 692 intus
824 666 992 699 mundantis,

258 712 283 736 et
304 710 404 736 ablutio
428 713 465 736 est
487 711 591 743 signum]
616 711 755 736 interioris
778 711 961 737 mzmdatz'onc's
985 720 992 736 :

257 761 314 787 quoe
329 754 380 780 duo
393 756 452 780 suut
467 762 546 781 unum
560 756 764 788 sacramentum,
779 755 840 781 licet
852 756 995 789 principa-

260 798 311 824 lior
325 799 359 825 sit
372 806 453 833 aqna,
470 806 550 833 quam
566 798 678 825 ablutio.

264 885 356 925 Resp.
372 885 409 916 ad
425 894 494 924 arg.
511 885 558 915 Ad
575 885 817 924 intelligentiam
833 885 996 926 praedicto-

225 948 298 970 rum
311 941 358 970 est
369 938 544 969 notandum
552 963 559 977 ‚
572 938 657 978 quod
668 939 833 978 baptizare
844 938 876 969 in
888 948 996 977 graeco

225 994 349 1023 tantum
374 991 480 1029 valet,
506 993 663 1030 quantum
686 992 792 1023 lavare
818 992 850 1022 in
874 991 993 1029 1111111ος

225 1045 311 1075 unde
335 1046 343 1061 ¹
367 1055 373 1075 :
397 1044 609 1076 Descendebat
632 1046 667 1076 z'n
689 1044 803 1076 vallem
824 1045 996 1084 Βθτὴιιῑίίε,

227 1101 255 1131 et
272 1097 457 1137 baptizabat
476 1105 518 1128 se.
537 1097 585 1127 Ab
609 1106 645 1127 00
664 1099 771 1127 autem
785 1098 869 1137 quod
889 1100 936 1128 ost
950 1099 995 1130 Ια-

227 1160 313 1188 vare,
329 1152 429 1182 oritur
442 1151 606 1182 lavacrum
621 1152 651 1181 et
664 1150 749 1182 lotio.
764 1150 939 1181 Lavacrum
953 1154 998 1182 est

227 1214 310 1244 aqua
325 1204 475 1244 deputata
489 1204 528 1234 ad
543 1203 716 1234 lavandum
726 1227 733 1241 ⁷
751 1203 829 1233 sicut
849 1204 997 1234 balneum

226 1259 273 1288 est
294 1266 377 1296 aqua
395 1257 545 1296 deputata
566 1256 606 1286 ab
625 1256 836 1286 bulueandum
854 1255 998 1285 humano

225 1311 370 1342 artificio.
390 1310 478 1341 Lotio
493 1319 570 1340 vero
585 1311 630 1339 est
646 1318 724 1339 usus
744 1309 795 1340 vel
813 1310 942 1340 effectus
957 1309 996 1348 (α)

225 1372 329 1403 aquae.
347 1363 527 1403 Baptismus
544 1363 643 1401 igitur
665 1363 819 1402 accipilur
834 1372 891 1402 pro
911 1362 997 1393 lava-

225 1426 299 1455 cro,
316 1419 374 1447 111Ξ
390 1427 396 1447 :
414 1417 524 1447 Dentes
539 1418 590 1448 tui
602 1417 684 1448 sicut
699 1424 806 1455 qreqcs
821 1419 997 1453 tonsarum,

226 1478 296 1511 quoe
310 1470 518 1502 ascenderunt
537 1470 575 1501 cle
592 1469 731 1501 larue-ro.
749 1469 855 1499 Glossa
873 1480 879 1499 ;
902 1480 915 1497 a
931 1468 999 1499 Loti

227 1523 260 1553 in
275 1523 441 1562 baptismo.
460 1534 473 1550 »
493 1522 531 1553 Et
546 1532 562 1553 e
577 1531 730 1552 converso
743 1533 750 1559 3
768 1522 853 1552 uncle
868 1522 1000 1561 Aposto-

226 1576 276 1607 lus
291 1576 320 1605 ⁸:
339 1576 398 1606 Per
414 1576 577 1607 lavacrum
592 1576 853 1613 resmierationis,
868 1577 897 1606 et
911 1583 997 1606 reno-

226 1630 378 1660 vationis.
408 1629 567 1669 Accipilur
600 1631 695 1659 etiam
725 1639 782 1669 pro
815 1629 932 1659 lotione
956 1631 966 1647 Β
990 1639 996 1658 :

230 1683 378 1714 Tenemes
403 1682 611 1714 traditionem
632 1683 794 1714 homimem
809 1705 819 1720 ,
844 1682 1000 1722 baptisma

227 1736 361 1768 calicum
372 1739 401 1768 ec
414 1744 589 1774 urceorum,
606 1737 637 1767 id
654 1739 701 1767 est
717 1737 862 1767 lotiones.
880 1736 1000 1766 Simili-

227 1793 276 1820 ter
298 1790 419 1821 ablutio
443 1799 500 1830 pro
524 1791 702 1830 baptismo;
726 1792 762 1822 ut
777 1791 811 1821 ⁵:
837 1791 897 1826 Oui
918 1790 1000 1823 lotus

229 1846 290 1883 esc,
306 1852 371 1876 non
392 1844 535 1885 indiget,
551 1847 610 1876 etc.
629 1846 744 1882 Lotus,
760 1844 790 1875 id
807 1846 874 1882 est,
895 1843 999 1883 bapti-

230 1899 340 1927 zatus:
357 1897 434 1928 Cum
456 1907 536 1937 ergo
553 1906 669 1928 nomen
690 1897 837 1937 baptismi
857 1897 999 1937 aequiva—

229 1950 290 1981 leat
314 1950 456 1988 lavacro,
472 1953 503 1981 et
518 1951 612 1981 etiam
635 1951 759 1988 lotioni,
777 1950 928 1981 dixerunt
942 1950 999 1980 ali-

229 2005 284 2045 qui
308 2005 393 2044 quod
420 2006 611 2045 baptismus,
639 2005 815 2036 secundum
843 2005 928 2045 quod
955 2006 1002 2036 est

230 2067 346 2090 nomen
357 2060 554 2097 sacramenti,
569 2060 652 2090 idem
663 2062 709 2090 est
719 2059 804 2098 quod
816 2058 999 2096 lavacrum

230 2112 283 2143 alii
297 2113 382 2152 quod
397 2115 444 2143 est
463 2113 547 2143 idem
562 2112 647 2152 quod
662 2112 780 2142 tinctio.
798 2111 913 2142 Primae
928 2111 1002 2151 opi-

230 2165 333 2196 nionis
352 2166 478 2196 videtur
498 2165 595 2195 fuisse
617 2165 772 2204 magister
786 2164 883 2203 Hugo
897 2164 927 2202 ⁶3
946 2164 1000 2195 sed

228 2219 374 2250 secundae
394 2218 555 2258 Magister.
573 2218 670 2249 Credo
688 2219 793 2248 tamen
811 2217 896 2257 quod
910 2219 999 2248 utro-

228 2281 290 2312 que
314 2272 409 2303 modo
429 2272 549 2302 dictum
574 2273 621 2301 est
643 2273 877 2301 sacramentum
893 2294 900 2307 ‚
927 2271 1002 2310 quia

227 2325 404 2356 secundum
418 2325 502 2365 quod
518 2326 690 2363 lavacrum,
704 2326 748 2354 est
759 2333 856 2354 sacra}
868 2324 914 2354 rei
931 2325 956 2354 si
961 2333 999 2362 g-

227 2387 306 2408 num
321 2388 327 2408 ε
341 2386 425 2417 aqua
440 2377 526 2408 enim
541 2376 673 2407 abluens
687 2376 819 2415 signum
829 2379 875 2406 est
886 2377 1000 2416 gratim

228 2431 313 2462 intus
328 2431 512 2462 mundantis
520 2454 530 2469 ‚
546 2432 576 2461 et
589 2430 708 2460 ablutio
724 2430 856 2467 signum
872 2429 999 2460 interio-

229 2483 272 2514 ris
296 2483 511 2515 mundationis
536 2494 543 2514 :
568 2485 599 2514 et
624 2483 667 2513 ita
694 2484 867 2522 utrumque
892 2492 1001 2513 sacra-

262 2569 268 2586 1
283 2563 380 2594 10111111,
395 2569 442 2594 xli,
459 2565 481 2588 7.
498 2577 526 2581 —
543 2564 552 2580 ²
571 2563 704 2593 Cunt.,1V‚
719 2565 778 2587 2.-
793 2563 801 2577 ³
815 2563 871 2593 Tit„
889 2568 925 2592 111,
941 2564 1001 2587 5.—

231 2598 240 2613 ⁶
253 2599 342 2628 Marc„
358 2604 402 2629 vn,
415 2600 470 2623 4.-
483 2600 493 2616 ⁸
503 2600 584 2628 donn..
602 2604 658 2627 xm,
677 2600 746 2623 ¹0.-
760 2598 849 2629 mug„
860 2598 903 2622 ubi
915 2605 1000 2629 supra.

777 127 1085 161 SENTENTIARUM
1107 128 1180 160 LIB.
1205 128 1254 160 lv.

1048 197 1212 234 mentum;
1227 205 1285 227 nec
1298 199 1405 228 tamen
1424 199 1488 230 duo
1509 201 1726 238 sacramenta,
1742 200 1819 240 quia

1048 258 1153 279 unum
1167 251 1213 280 est
1228 252 1355 290 propter
1374 250 1520 282 alterum.
1539 252 1632 292 Aqua
1647 252 1733 284 enim
1754 261 1819 284 non

1048 306 1094 332 est
1109 305 1353 341 sacramentum,
1371 304 1429 334 nisi
1446 304 1478 334 in
1494 307 1651 344 quantum
1665 305 1818 344 abluens;

1048 356 1079 385 et
1093 354 1168 385 lotio
1183 364 1247 386 non
1269 358 1315 386 est
1329 360 1586 396 sacramentum,
1605 359 1665 388 nisi
1685 359 1760 398 quia
1774 358 1819 389 10-

1049 407 1092 438 tio
1104 416 1195 447 aquae
1206 432 1214 445 ,
1225 408 1275 439 vel
1287 409 1319 438 111
1335 418 1436 449 aqua:
1452 412 1482 440 et
1493 410 1562 441 ideo
1577 412 1699 441 tantum
1718 420 1822 442 unum

1049 462 1296 492 sacramentum.
1317 461 1350 493 Si
1372 465 1478 493 tamen
1503 472 1628 502 quaeras
1652 472 1710 504 per
1735 463 1821 504 quod

1049 513 1138 552 prius
1162 515 1192 543 et
1217 514 1364 553 proprius
1382 514 1417 554 (b)
1435 515 1551 546 dicitur
1571 517 1821 554 sacramentum,

1049 566 1159 595 utrum
1185 565 1361 605 baptismus
1384 576 1441 607 pro
1464 568 1607 607 lavacro,
1630 578 1671 599 an
1694 577 1752 608 pro
1773 568 1822 600 10-

1050 618 1135 649 tione
1148 642 1155 656 ,
1175 620 1223 649 est
1242 619 1530 659 distinguendum:
1548 622 1625 661 quia
1645 622 1824 662 baptismus

1050 671 1165 702 dicitur
1195 674 1430 704 sacramentum
1465 674 1664 705 sanctificans
1688 685 1696 705 :
1721 676 1753 705 et
1780 674 1824 705 sic

1051 724 1258 764 principalius
1280 725 1396 756 dicitur
1411 726 1449 756 de
1464 726 1581 757 lotione
1592 751 1600 765 ,
1617 726 1693 767 quia
1707 727 1822 759 imme-

1052 777 1166 808 diatius
1182 778 1309 818 respicit
1320 778 1504 810 interiorem
1517 779 1665 811 effectum
1681 792 1688 811 :
1705 782 1737 812 et
1750 781 1826 821 hap-

1051 829 1165 860 tismus
1179 830 1294 862 dicitur
1307 831 1404 862 etiam
1419 835 1655 864 sacramentum
1669 833 1801 872 signans
1813 857 1824 872 ,

1051 885 1082 914 et
1094 883 1138 914 510
1156 883 1372 924 principaliter
1394 885 1509 916 dicitur
1531 885 1570 916 de
1584 885 1711 917 lavacro
1725 910 1734 924 ‚
1750 886 1827 926 quia

1052 937 1218 975 signatum
1239 937 1372 969 interius
1396 938 1541 978 proprie,
1560 941 1591 970 et
1605 948 1662 979 per
1678 939 1768 980 prius
1779 941 1827 970 est

1054 990 1158 1030 gratia
1173 991 1331 1022 mundans
1342 1016 1349 1030 ‚
1367 994 1397 1023 et
1412 1001 1467 1032 per
1479 1001 1677 1032 consequens
1692 992 1760 1032 ipsa
1775 992 1827 1023 lo-

1052 1043 1107 1074 tio.
1132 1044 1170 1074 Et
1193 1045 1241 1074 est
1265 1044 1449 1084 exemplum
1473 1045 1639 1076 :Circulus
1663 1045 1825 1086 expositus

1053 1098 1125 1127 ante
1140 1097 1305 1127 tabernam
1328 1097 1459 1136 signum
1485 1100 1531 1128 est
1553 1098 1622 1129 vini
1643 1097 1824 1136 vendendi,

1053 1152 1083 1181 et
1098 1150 1254 1190 expositio
1268 1150 1375 1181 circuli
1399 1152 1445 1181 est
1466 1151 1597 1190 signum
1610 1151 1823 1188 venditionis3

1054 1205 1161 1234 tamen
1176 1204 1282 1242 magis
1302 1204 1428 1243 proprIe
1444 1206 1491 1234 est
1509 1204 1643 1243 signum
1665 1204 1824 1242 circulus,

1053 1265 1151 1295 quam
1180 1256 1335 1296 expositio
1361 1268 1367 1287 :
1393 1257 1437 1287 510
1465 1266 1549 1296 aqua
1575 1257 1700 1296 magis,
1729 1265 1827 1297 quam

1054 1310 1186 1341 ablutio.
1212 1310 1250 1341 Et
1271 1310 1480 1342 concedendae
1503 1312 1579 1341 sunt
1605 1310 1743 1342 rationes
1766 1310 1826 1342 hoc

1054 1363 1236 1403 probantes.

1095 1419 1123 1446 1.
1146 1416 1193 1447 Ad
1209 1416 1286 1446 illud
1309 1416 1394 1456 quod
1410 1416 1558 1456 objicitur
1577 1417 1610 1446 in
1632 1416 1827 1448 contrarium

1054 1469 1092 1499 de
1114 1468 1265 1508 Magistro
1277 1492 1285 1507 ‚
1301 1469 1471 1500 dicendum
1493 1469 1578 1508 quod
1594 1469 1660 1509 ipse
1674 1469 1733 1500 fuit
1748 1469 1828 1501 alte-

1054 1523 1121 1554 rius
1142 1523 1301 1563 opinionis
1322 1534 1330 1554 ι
1352 1523 1563 1554 nihilominus
1585 1525 1692 1554 tamen
1716 1532 1827 1555 conce-

1054 1576 1194 1607 dendum
1210 1578 1257 1607 est
1272 1577 1357 1616 quod
1373 1576 1548 1616 baptismus
1564 1577 1604 1607 sit
1618 1576 1756 1608 ablutio:
1770 1585 1828 1607 nec

1055 1639 1095 1660 ex
1110 1630 1169 1660 hoc
1185 1629 1330 1669 sequitur
1346 1630 1431 1669 quod
1447 1639 1511 1660 non
1529 1630 1568 1660 sit
1582 1639 1665 1670 aqua
1683 1629 1826 1660 abluens.

1056 1682 1147 1720 Quod
1162 1686 1268 1713 autem
1285 1682 1379 1720 dicit,
1395 1683 1479 1722 quod
1500 1683 1693 1714 elementum
1708 1691 1773 1714 non
1789 1683 1830 1714 sit

1055 1738 1309 1774 sacramentum,
1331 1736 1575 1775 intelligendum
1600 1745 1664 1767 non
1688 1739 1734 1767 est
1758 1738 1827 1767 tan-

1056 1792 1126 1820 tum
1151 1790 1326 1821 secundum
1341 1789 1373 1820 id
1391 1790 1476 1829 quod
1491 1792 1556 1827 est,
1578 1789 1632 1820 sed
1653 1789 1829 1821 secundum

1056 1846 1162 1874 actum
1176 1867 1186 1881 ,
1204 1843 1261 1883 qui
1276 1845 1323 1874 est
1336 1843 1456 1874 lavare.

1097 1899 1126 1927 2.
1145 1896 1204 1927 Per
1218 1896 1279 1927 hoc
1291 1896 1388 1927 etiam
1400 1898 1486 1936 patet
1499 1904 1645 1936 sequens,
1657 1896 1733 1936 quia
1747 1905 1829 1936 aqua

1056 1959 1120 1980 non
1135 1952 1182 1980 est
1196 1951 1433 1981 sacramentum
1450 1948 1626 1980 secundum
1647 1949 1729 1989 quod
1747 1958 1830 1990 aqua

1056 2003 1178 2042 solum,
1196 2004 1250 2034 sed
1273 2003 1447 2034 secundum
1471 2004 1578 2033 actum
1592 2002 1736 2040 lavandi,
1749 2002 1832 2033 sicut

1057 2056 1162 2095 gratia
1177 2056 1324 2087 medetur
1337 2055 1513 2086 secundum
1529 2057 1634 2086 actum
1647 2054 1828 2094 purgandi:

1056 2112 1086 2141 et
1101 2111 1171 2142 ideo
1186 2120 1250 2142 nou
1275 2111 1420 2150 sequitur
1443 2110 1529 2150 quod
1553 2118 1679 2150 semper
1693 2119 1777 2150 aqua
1790 2110 1833 2141 sit

1057 2167 1308 2202 sacramentum,
1326 2173 1384 2195 nec
1407 2163 1492 2203 quod
1517 2163 1622 2194 01111115
1645 2172 1751 2203 aqua,
1777 2163 1831 2194 sed

1056 2227 1139 2258 aqua
1155 2227 1228 2258 quae
1250 2218 1353 2254 lavat,
1372 2220 1402 2247 et
1417 2225 1490 2256 quae
1506 2217 1678 2257 deputatur
1691 2217 1730 2248 ad
1744 2215 1805 2248 11οο
1821 2228 1828 2248 :

1056 2273 1087 2301 et
1101 2271 1161 2301 1100
1174 2279 1240 2301 non
1254 2272 1300 2301 est
1317 2272 1419 2301 totum
1436 2279 1523 2300 mare
1534 2293 1542 2307 ,
1557 2269 1608 2300 vel
1622 2269 1757 2307 fluvius,
1775 2269 1830 2300 sed

1055 2324 1134 2354 illud
1161 2332 1252 2363 aquae
1279 2323 1364 2363 quod
1389 2323 1428 2353 (le
1450 2322 1598 2362 proximo
1619 2322 1830 2362 conjungitur

1056 2377 1179 2417 corpori
1206 2377 1350 2407 lavando.
1377 2375 1425 2407 Ex
1450 2375 1510 2406 hoc
1541 2375 1637 2406 etiam
1665 2377 1752 2415 patet
1778 2383 1827 2405 se-

1056 2439 1172 2470 quens,
1189 2431 1263 2470 quia
1278 2429 1413 2460 verbum
1429 2429 1564 2460 refertur
1576 2429 1615 2460 ad
1630 2437 1746 2468 aquam
1756 2451 1766 2466 ‚
1781 2437 1828 2459 se-

1055 2484 1196 2515 cundum
1214 2483 1299 2524 quod
1317 2484 1551 2514 sacramentum
1565 2482 1599 2513 in
1619 2484 1692 2513 actu
1704 2493 1719 2521 ,⁴
1737 2481 1828 2513 etsie

1055 2537 1088 2568 in
1103 2539 1260 2577 quantum
1275 2539 1322 2568 est
1337 2536 1459 2568 lavans.

1087 2599 1120 2629 (α)
1143 2599 1211 2624 Edit.
1232 2599 1287 2623 Ven.
1303 2598 1415 2624 aflectus.
1430 2611 1460 2617 -
1476 2597 1510 2628 (ὸ)
1525 2597 1554 2621 ld
1566 2599 1602 2622 est
1617 2596 1697 2628 mugio
1714 2595 1825 2627 proprie.

1853 1061 1930 1082 Exem-

1843 1092 1911 1119 plum.
