2017 2948
195 135 255 164 312

196 199 317 230 debitor
339 209 406 231 esse
420 200 513 241 coepit
524 223 533 238 ,
550 211 613 242 quo
628 202 667 233 ad
685 203 790 243 ipsum
811 214 867 244 per
882 213 966 244 prae-

197 251 384 284 dicationem
398 253 554 285 institutio
568 257 723 295 pervenit..
740 269 754 285 »

520 358 586 379 Dt'ss.
611 359 642 379 11.

199 418 254 442 Non
269 424 329 449 ergo
344 418 370 442 iu
387 418 436 443 alio
450 418 547 450 liquori·
563 421 646 450 potest
660 421 801 445 consecrari
818 421 966 452 baptismus

491 455 540 478 nisi
558 455 581 478 iu
599 462 673 486 aqua.

239 520 400 556 Quaeritur
418 523 527 551 utrum
547 521 578 551 iu
601 522 688 552 omni
711 532 814 563 aqua;
836 526 866 554 et
885 524 969 564 quod

199 574 262 611 sic,
283 573 418 609 videtur,
444 575 518 614 quia
539 575 644 605 oninis
665 585 747 615 aqua
770 577 858 607 omui
877 587 969 618 aquae

199 629 241 656 cst
257 627 366 658 cadem
380 627 481 667 specie
494 638 500 658 :
515 637 592 667 ergo
607 628 631 658 si
645 629 716 659 data
729 632 773 660 est
788 631 889 660 virtus
903 640 971 671 spe-

199 680 254 709 ciei
271 689 382 720 aquae,
401 690 463 710 non
479 681 553 711 huic
565 705 573 719 ,
594 682 642 712 vel
660 682 703 712 illi
720 683 843 722 speciali
855 708 863 721 ,
881 684 968 714 ride-

200 736 253 763 tur
268 733 352 772 quod
368 734 399 764 in
415 735 500 764 omni
517 734 613 773 possit
629 735 695 765 sieri
715 736 900 775 baptismus.

241 786 331 826 Resp.
356 787 526 818 Dicendum
541 789 624 828 quod
645 789 821 829 baptismus
843 792 968 823 institu-

201 842 251 869 tus
272 842 318 870 est
342 839 373 870 in
396 840 551 871 elemento
575 851 688 881 aqum,
712 844 788 882 quia
812 854 896 884 aqua
918 855 972 884 por

202 902 292 923 sunm
312 893 496 933 qualitatem
513 899 718 935 repraesentat
738 898 874 935 gratiam
894 899 972 939 hap-

201 946 368 977 tismalem.
386 946 434 977 Ad
450 947 506 977 hoc
522 957 601 987 ergo
620 949 703 988 quod
719 950 757 980 sit
776 951 970 990 baptismus,

201 999 373 1040 requiritur
395 1000 478 1039 quod
501 1001 639 1031 salvetur
657 1004 830 1042 proprietas
851 1007 879 1035 ct
899 1015 972 1045 spe-

203 1054 263 1083 cics
278 1062 370 1093 aquae
382 1077 390 1091 ‚
415 1054 451 1083 ut
466 1053 506 1083 sit
519 1063 601 1093 aqua
617 1056 787 1092 naturalis7
807 1059 836 1087 ct
852 1057 973 1088 liabens

202 1106 309 1145 aliquo
324 1105 418 1136 modo
433 1107 656 1145 proprietatem
679 1108 805 1139 lavandi
823 1119 829 1140 :
847 1112 877 1140 et
892 1111 973 1141 hauc

203 1159 297 1188 vti'un
320 1159 414 1189 habet
428 1168 510 1198 aqua
524 1160 661 1190 turbida.
683 1160 715 1191 Si
732 1171 808 1191 vcro
825 1162 880 1192 has
896 1172 973 1194 con—

203 1212 336 1242 ditiones
359 1221 440 1251 aqua
471 1212 599 1251 perdat,
635 1214 682 1243 vel
714 1215 797 1253 quod
825 1215 975 1247 miscetur

203 1274 276 1295 cum
293 1265 556 1304 praedominante,
574 1268 604 1296 ct
619 1265 780 1305 aut-rante,
797 1270 826 1297 ct
840 1268 974 1301 ducente

203 1318 236 1348 iu
251 1317 327 1348 alias
341 1318 557 1358 proprietates,
574 1328 636 1348 non
650 1322 696 1349 est
709 1320 879 1351 dicendum
896 1325 973 1353 tunc

203 1371 235 1401 in
256 1370 309 1401 illo
330 1370 453 1411 liquore
476 1371 555 1401 tradi
576 1372 771 1412 baptismatis
793 1384 973 1406 sacramen-

204 1426 271 1454 tum
288 1434 294 1454 :
313 1425 343 1454 et
357 1423 400 1454 sic
416 1425 499 1463 patet
514 1425 599 1464 quod
613 1425 772 1464 objicitur.

520 1526 587 1548 DUB.
612 1526 656 1548 ΙΙΙ.

203 1587 256 1610 Nec
269 1586 424 1617 baptismus,
439 1592 487 1610 nec
505 1586 677 1615 circumcisio,
697 1589 768 1617 regui
788 1589 862 1613 nobis
880 1591 975 1615 aditum

536 1623 643 1652 aperuit.

242 1687 376 1719 Videtur
396 1688 477 1718 male
496 1688 598 1719 dicere
610 1713 617 1727 ,
642 1689 716 1729 qnia
734 1691 843 1730 januae
857 1692 975 1724 clausio

203 1750 268 1771 non
289 1740 349 1771 suit
363 1740 421 1771 nisi
440 1750 496 1780 por
509 1744 692 1781 peccatum,
717 1745 747 1773 et
767 1746 905 1776 maxime
921 1756 976 1786 per

203 1794 359 1833 originale
375 1805 382 1824 ε
399 1794 452 1825 sed
469 1795 645 1834 baptismus
659 1798 690 1826 et
704 1796 900 1830 circumcisio
915 1800 974 1830 de-

203 1846 309 1877 lebant
332 1846 505 1885 originale:
531 1856 611 1886 ergo
630 1850 813 1888 aperiebant
828 1852 972 1891 januam.

204 1899 281 1930 Item
310 1900 348 1930 de
375 1900 532 1940 baptismo
558 1901 684 1932 videtur
707 1902 811 1934 dicere
840 1905 972 1945 falsum,

204 1953 277 1993 quia
301 1961 396 1992 super
419 1953 496 1984 illud
520 1954 651 1985 Lucoe¹:
675 1955 826 1995 Apertum
848 1962 895 1991 est
914 1967 973 1992 οω-

203 2006 293 2044 lum,
325 2005 431 2037 Glossa
457 2005 569 2038 Bedae:
600 2019 613 2036 α
639 2008 721 2039 Dum
753 2010 805 2041 ille
831 2010 976 2044 ,iordanis

204 2059 294 2099 aquis
307 2059 345 2098 (a)
356 2059 461 2097 subiit,
473 2060 564 2090 nobis
574 2060 643 2091 coeli
652 2062 782 2100 januam
799 2063 834 2102 (b)
847 2066 953 2104 pandit
966 2077 973 2097 ε

204 2115 235 2142 et
251 2112 328 2142 dum
350 2121 422 2143 caro
437 2112 566 2144 innoxia
586 2114 776 2153 frigentibus
795 2118 885 2157 aquis
903 2122 974 2150 tan—

204 2164 302 2204 gitur,
321 2166 463 2205 opposita
477 2167 637 2205 quondam
652 2168 686 2207 (c)
704 2169 806 2199 noxiis
823 2172 976 2212 romphea

204 2218 412 2257 restinguitur
434 2218 596 2258 igneam).
617 2231 631 2248 »
659 2220 721 2251 Nec
746 2222 887 2254 Christus
912 2235 973 2256 σο]-

203 2271 270 2301 lum
291 2273 366 2301 tuuc
387 2271 509 2310 aperire
529 2272 640 2311 ccepit3
663 2274 714 2303 sed
735 2275 785 2305 his
802 2277 907 2307 vei-his
923 2290 973 2309 os-

204 2324 344 2354 tenditur
355 2324 456 2355 virtus
466 2324 622 2363 baptismi.
641 2327 801 2362 Quaeritur
811 2339 890 2369 ergo
901 2341 974 2371 quaa

204 2377 243 2407 sit
266 2376 318 2407 illa
338 2378 457 2416 Jauua,
490 2379 520 2407 et
543 2379 702 2417 quomodo
729 2380 768 2410 sit
792 2387 919 2422 aperta,
946 2390 975 2417 et

204 2429 341 2469 quando.
365 2429 496 2461 Videtur
519 2431 605 2461 enim
628 2434 735 2470 aperta
757 2433 789 2464 in
810 2438 952 2475 passione
966 2463 973 2477 ,

204 2483 279 2522 quia
301 2492 396 2523 super
418 2481 535 2514 illud’:
561 2484 741 2524 Pacificcms
763 2495 818 2526 per
839 2493 975 2531 sanqui—

239 2555 243 2568 ¹
258 2554 325 2584 Luc„
339 2560 380 2585 ut,
394 2556 432 2580 21.
448 2568 478 2572 —
491 2555 502 2571 ²
516 2554 619 2585 Coloss.‚
635 2561 652 2585 1,
665 2557 705 2580 20.
718 2569 747 2574 -
761 2557 769 2571 ³
782 2558 884 2589 Esther,
899 2568 936 2591 iv,
949 2566 972 2587 2.

233 2598 268 2630 (a)
286 2598 356 2622 Edit.
372 2599 478 2630 Ayrz‘pp.
494 2606 559 2631 oper.
579 2600 605 2623 V.
622 2600 691 2630 ned„
705 2601 785 2626 undas
802 2604 929 2631 Jordanis.
943 2621 973 2626 —

753 137 1061 170 SENTENTIARUM
1083 138 1156 170 LlB.
1181 140 1230 172 tv.

1022 214 1115 244 nem,
1132 209 1204 245 etc.,
1228 206 1357 239 Glossa:
1385 219 1400 238 σ
1417 207 1506 240 Patet
1529 209 1623 240 modo
1645 210 1795 241 introitus

1025 259 1057 289 in
1072 258 1199 290 coelum.
1217 271 1231 288 n
1250 259 1327 291 item
1342 261 1469 292 videtur
1484 262 1569 302 quod
1583 262 1618 292 in
1633 271 1794 294 resurrec-

1024 312 1119 350 tione,
1138 322 1193 352 per
1208 314 1383 345 orationem
1403 323 1501 354 quam
1517 317 1622 346 cantat
1637 314 1794 346 Ecclesia:

1025 364 1108 397 Deus
1123 367 1180 406 qni
1193 368 1384 399 oeterm'tatis
1397 368 1488 399 nobis
1502 367 1629 400 aditum
1641 392 1650 406 ,
1666 370 1724 399 etc.

1066 418 1157 459 Resp.
1179 419 1350 450 Dicendum
1370 420 1453 461 quod
1473 420 1592 452 clausio
1606 422 1717 461 januae
1731 421 1796 462 spi-

1024 472 1146 502 ritualis
1159 473 1350 513 intelligitur
1366 474 1535 514 prohibitio
1551 474 1604 505 illa
1616 499 1623 513 ,
1640 475 1681 506 ob
1696 483 1795 516 quam

1026 525 1133 556 nullus
1170 529 1292 566 poterat
1322 527 1445 567 ingredi
1473 528 1512 558 ad
1537 528 1660 559 Domini
1688 537 1795 568 aspec-

1026 582 1095 610 tum
1111 591 1117 611 z
1134 580 1187 610 illa
1197 583 1305 611 autem
1317 581 1488 620 prohibitio
1500 583 1594 613 erata
1607 582 1716 613 divina
1727 583 1795 622 Jus-

1026 633 1094 663 titia
1107 635 1191 673 J'ustc
1207 634 1376 674 puniente,
1401 638 1432 665 et
1451 644 1470 665 a
1488 637 1613 674 peccato
1628 635 1722 675 primi
1737 634 1796 666 ho-

1028 687 1122 716 minis
1160 690 1372 727 promerente.
1414 688 1593 719 Merebatur
1633 689 1801 728 originalis

1027 739 1118 779 culpa
1131 764 1138 777 ‚
1163 742 1198 770 ut
1213 740 1308 771 homo
1324 749 1388 771 non
1406 743 1599 781 compareret
1615 751 1722 772 coram
1739 741 1802 773 Deo

1028 796 1154 833 propter
1176 794 1346 825 foeditatem
1363 794 1465 834 culpae
1479 819 1485 831 ‚
1504 797 1632 835 propter
1646 795 1801 827 offensam

1028 848 1199 885 majestatis
1218 847 1334 878 diviuae
1347 870 1355 884 ‚
1376 849 1406 878 et
1428 850 1556 888 propter
1577 848 1801 879 mortalitatem

1028 901 1060 930 in
1080 910 1173 931 carne
1191 911 1198 931 :
1223 901 1298 941 quia
1318 901 1451 932 vestitus
1471 911 1558 933 sacco
1583 911 1648 932 non
1670 902 1804 933 debebat

1029 954 1153 993 ingredi
1172 954 1203 984 in
1220 954 1372 994 palatium
1388 954 1474 993 regis
1488 955 1614 985 Assueri
1625 979 1632 992 ,
1658 955 1741 985 sicut
1753 954 1801 985 di-

1029 1006 1130 1035 citur³
1147 1017 1154 1035 :
1172 1006 1264 1036 istam
1292 1006 1376 1036 enim
1393 1006 1527 1045 januam
1547 1005 1668 1046 aperire
1691 1005 1805 1036 dicitur

1029 1059 1121 1097 illud,
1139 1059 1222 1099 quod
1238 1061 1379 1090 removet
1394 1059 1452 1089 ista
1464 1058 1635 1089 obstacula.
1653 1058 1804 1090 Obstacu-

1029 1111 1096 1142 lum
1119 1113 1219 1152 culpae
1242 1113 1410 1143 amovebat
1434 1112 1630 1151 baptismus·,
1655 1112 1801 1143 obstacu-

1029 1163 1097 1194 lum
1122 1164 1217 1195 dcbiti
1243 1165 1364 1195 ratitum
1381 1164 1511 1196 offensae
1533 1164 1654 1194 amovit
1676 1164 1801 1204 passio,

1030 1227 1085 1256 per
1102 1227 1196 1257 quam
1217 1218 1274 1248 suit
1293 1218 1373 1248 facta
1396 1217 1582 1254 satisfacti03
1603 1216 1802 1247 obstaculum

1031 1271 1159 1309 mortis,
1195 1270 1308 1301 Christi
1338 1270 1550 1301 resurrectio:
1576 1272 1607 1300 et
1630 1269 1674 1300 ita
1694 1270 1803 1309 januae

1031 1324 1150 1364 apertio
1165 1323 1308 1354 inchoari
1322 1324 1437 1354 dicitur
1452 1324 1486 1354 in
1500 1323 1674 1363 baptismo,
1690 1324 1720 1353 et
1733 1331 1804 1362 pro-

1030 1378 1145 1407 fectum
1160 1376 1277 1407 habere
1293 1377 1324 1407 in
1341 1377 1485 1417 passione
1498 1387 1505 1414 ;
1522 1376 1576 1406 sed
1591 1375 1804 1416 complemen-

1030 1433 1099 1461 tum
1124 1431 1157 1461 in
1182 1432 1430 1469 resurrectione,
1457 1430 1746 1461 manifestationem
1769 1430 1804 1460 in

1031 1484 1223 1515 ascensione.
1241 1484 1276 1514 Et
1291 1485 1443 1524 quoniam
1459 1484 1527 1515 haec
1537 1485 1606 1523 jam
1621 1483 1701 1514 sacta
1716 1485 1801 1520 sunt,

1031 1538 1100 1568 ideo
1113 1538 1214 1568 virtus
1227 1538 1374 1578 baptismi
1388 1540 1434 1569 est
1442 1539 1576 1577 januam
1589 1537 1721 1577 aperire,
1738 1546 1802 1567 non

1030 1600 1086 1630 per
1101 1599 1133 1621 se
1149 1593 1285 1628 tantum,
1306 1591 1358 1621 sed
1374 1591 1469 1621 etiam
1487 1592 1615 1630 propter
1629 1589 1701 1627 hoe,
1717 1590 1802 1630 quod

1027 1644 1093 1682 jam
1111 1643 1189 1673 facta
1204 1645 1249 1673 est
1263 1643 1378 1674 oblatio
1397 1644 1508 1674 hostiae
1523 1651 1620 1673 verae.
1645 1641 1717 1673 Ideo
1733 1651 1801 1672 ma-

1032 1697 1082 1736 gis
1113 1697 1242 1727 effectus
1275 1697 1446 1736 apertionis
1475 1698 1583 1737 Januae
1616 1695 1800 1726 attribuitur

1030 1750 1204 1790 baptismo,
1223 1759 1319 1790 quam
1335 1749 1578 1787 circumcisioni,
1592 1749 1665 1779 licet
1680 1750 1802 1779 utrum-

1031 1812 1092 1843 que
1109 1806 1344 1834 sacramentum
1359 1803 1461 1835 deleat
1477 1803 1602 1844 culpam
1617 1813 1624 1832 ;
1642 1804 1673 1833 et
1686 1802 1730 1832 sic
1744 1811 1799 1842 pa-

1030 1858 1074 1886 tet
1089 1856 1177 1887 illud.

1270 1961 1428 1995 ARTICU
1434 1960 1511 1994 LUS
1536 1961 1560 1993 Ι.

1069 2069 1116 2099 Ad
1140 2068 1385 2107 intelligentiam
1405 2068 1506 2107 hujus
1524 2067 1622 2107 partis
1636 2066 1696 2097 tria
1710 2066 1802 2106 prin-

1030 2121 1170 2160 cipaliter
1198 2123 1409 2160 quaeruntur:
1443 2120 1545 2160 primo
1578 2119 1732 2159 quaeritur
1763 2119 1802 2149 de

1029 2173 1179 2213 baptismi
1204 2173 1420 2211 institutione;
1447 2173 1584 2204 secundo
1606 2173 1643 2203 de
1665 2172 1801 2203 instituti

1030 2227 1323 2264 administratione;
1358 2227 1449 2257 tertio
1479 2226 1517 2257 de
1552 2224 1802 2256 circumcisionis

1029 2280 1201 2310 cessationev
1213 2304 1220 2317 ‚
1238 2280 1305 2310 sive
1320 2280 1535 2311 evacuatione.
1555 2279 1642 2309 Circa
1660 2277 1801 2318 primum

1030 2335 1219 2372 quaeruntur
1233 2333 1296 2363 (luo
1312 2344 1318 2363 z
1335 2334 1439 2373 primo
1454 2333 1610 2373 quaeritur
1621 2332 1654 2362 in
1666 2339 1730 2371 quo
1742 2330 1802 2361 ele-

1029 2388 1135 2416 mento
1164 2386 1202 2416 sit
1229 2389 1463 2417 sacramentum
1494 2385 1642 2425 baptismi
1673 2383 1798 2414 institu-

1029 2442 1118 2477 tum;
1149 2440 1307 2477 secund0‚
1338 2443 1447 2471 utrum
1478 2440 1511 2470 in
1542 2437 1736 2469 institutione
1761 2435 1801 2466 sit

1029 2492 1129 2523 virtus
1144 2492 1256 2524 collata
1271 2494 1362 2533 aquis
1375 2517 1384 2531 ‚
1401 2494 1481 2524 sicut
1494 2492 1570 2523 dicit
1583 2489 1745 2528 Magister.

1028 2573 1061 2603 (b)
1083 2572 1156 2602 Hasd„
1177 2574 1236 2598 coeli
1258 2574 1332 2598 nobis
1346 2575 1447 2606 januas.
1467 2587 1497 2592 —
1516 2573 1546 2603 (c)
1571 2571 1631 2595 Caet.
1650 2568 1710 2594 edit.
1732 2574 1800 2592 com-

1027 2608 1111 2633 moda.
1125 2622 1155 2626 -
1171 2608 1205 2641 (d)
1222 2610 1281 2634 Coet.
1298 2610 1357 2634 odit.
1371 2610 1429 2641 igne
1445 2607 1606 2640 extinguitur.
