2017 2948
621 185 717 217 nisT.
740 186 791 216 vi.
815 185 930 217 PART.
955 186 978 216 1.
1000 185 1090 216 ΛΒΤ.
1116 185 1137 216 1.
1160 169 1310 222 QuAEST.
1334 188 1372 219 11.

236 257 266 284 1.
282 253 324 284 Βθ
337 253 430 284 tertio
444 255 531 292 actu,
543 253 599 293 qui
615 254 661 283 est
674 252 849 284 assimilare
858 277 865 291 ,
881 260 966 293 quae-

194 307 276 337 ritur
291 330 299 344 ,
328 307 380 337 cui
402 306 562 336 character
585 305 762 343 assimilat3
789 308 820 336 et
844 307 966 336 constat

194 360 279 399 quod
297 360 323 390 si
344 359 453 397 alicui,
471 359 555 399 quod
571 359 598 389 ei
617 368 634 389 a
657 368 721 398 quo
740 358 938 397 imprimitur
955 369 962 390 :

195 422 272 451 ergo
286 412 439 442 assimilat
454 412 527 441 Deo.
547 411 608 442 Sed
623 414 732 442 contra
750 423 756 442 :
781 412 964 442 Similitudo

194 468 240 496 est
257 474 365 496 rerum
381 465 596 495 differentium
611 465 720 495 eadem
735 465 870 504 qualitas
885 475 892 494 ε
910 464 964 494 sed

195 517 331 549 Creatori
355 519 386 548 et
411 519 564 548 creaturae
589 517 671 548 nihil
699 520 745 548 est
770 526 961 548 commune:

194 580 287 610 ergo,
306 573 364 601 etc.

232 627 261 655 ⁶2.
286 624 379 662 Item,
400 623 564 654 character
587 625 648 654 stat
668 633 742 654 cum
764 623 873 663 culpa,
891 631 963 662 quae

192 677 324 708 omnino
348 679 395 708 est
418 677 480 707 Deo
504 676 690 707 dissimilis:
714 676 768 707 sed
788 675 963 706 similitudo

191 729 360 770 expellitur
375 739 431 769 per
447 729 735 760 dissimilitudinem
753 739 760 759 :
777 737 855 767 ergo
870 727 964 768 culpa

191 783 376 822 expelleret,
393 782 460 813 sive
475 782 606 820 deleret,
627 782 858 819 characterem,
877 780 963 820 quod

191 835 304 866 falsum
318 838 366 866 est
381 844 389 866 ε
406 844 485 874 ergo
497 859 505 874 ,
523 838 582 866 etc.

229 891 258 920 3.
276 889 370 926 Item,
387 898 461 919 cum
474 889 625 920 assimilet
640 889 697 919 toti
713 888 871 926 Trinitati,
887 887 964 928 quia

189 942 343 982 quidquid
353 942 571 973 assimilatum
586 951 742 982 personae,
754 944 783 971 et
795 941 961 978 omnibus;

189 997 354 1037 quaeritur,
373 996 425 1027 cui
440 1005 496 1036 per
510 996 810 1036 appropriationem.
828 995 865 1025 Et
877 994 962 1034 quod

190 1048 293 1087 Patri,
310 1049 448 1086 videtur,
464 1049 541 1088 quia
555 1051 601 1079 θεῖ
615 1050 851 1078 sacramentum
866 1056 963 1086 rege-

189 1103 376 1133 nerationis:
390 1103 443 1133 sed
453 1104 521 1141 ejus
535 1104 581 1132 est
596 1111 799 1141 regenerare,
809 1103 902 1140 cujus
915 1102 962 1130 est

189 1165 343 1195 generare
362 1166 368 1186 :
386 1165 460 1186 cum
475 1164 554 1194 ergo
569 1164 723 1194 generare
739 1154 777 1184 sit
792 1153 958 1194 proprium

189 1208 305 1246 Patris,
322 1210 424 1248 patet,
446 1210 505 1238 ete.
536 1207 574 1239 Et
595 1208 680 1247 quod
703 1207 798 1245 Filio,
819 1207 960 1244 videtur,

189 1262 265 1301 quia
284 1262 383 1292 Filius
407 1261 522 1291 dicitur
543 1269 610 1291 esse
630 1261 793 1291 character
812 1262 961 1290 aeternus.

188 1314 249 1345 Sed
264 1314 347 1353 quod
363 1313 493 1353 Spiritui
507 1315 631 1349 sancto,
649 1312 786 1350 videtur,
799 1313 875 1351 quia
888 1313 963 1342 cha-

187 1368 289 1397 racter
304 1366 434 1405 signum
451 1367 496 1396 est
510 1374 694 1405 praeparans
709 1365 749 1395 ad
765 1365 915 1404 gratiani,
930 1367 962 1395 et

187 1420 308 1451 donum
323 1413 502 1458 gratuitum
518 1419 619 1458 gratis
636 1419 747 1449 datum
765 1429 771 1449 z
790 1418 844 1448 sed
859 1418 963 1457 gratia

187 1473 410 1513 appropriatur
426 1472 558 1513 Spiritui
573 1474 680 1502 sancto
695 1482 702 1502 :
720 1480 812 1510 erge,
829 1474 888 1502 etc.

230 1529 259 1557 1.
276 1525 319 1557 De
340 1528 453 1566 quarto
472 1526 567 1556 etiam
587 1528 676 1562 actu,
700 1525 818 1555 scilicet
838 1524 876 1555 de
897 1524 960 1555 dis-

187 1580 338 1610 tinctione
352 1580 526 1619 quaeritur,
545 1587 626 1618 quos
641 1577 821 1616 distinguit.
835 1577 874 1608 Et
887 1577 962 1609 dicit

186 1633 398 1664 Damascenus
412 1632 497 1672 quod
512 1632 674 1662 character
686 1631 884 1671 baptismalis
900 1631 962 1662 dis-

186 1685 306 1724 tinguit
337 1684 462 1716 fidelem
490 1685 530 1715 ab
557 1684 687 1715 infideli.
730 1684 792 1715 Sed
821 1684 956 1715 Contra:

186 1738 277 1769 Multi
292 1741 367 1770 sunt
393 1737 502 1769 fideles
523 1738 578 1778 qui
597 1747 662 1768 non
687 1738 805 1768 hahent
828 1737 958 1769 charac-

186 1794 286 1822 terem
303 1815 311 1829 ‚
340 1793 373 1822 θῖ
407 1791 499 1822 multi
532 1791 674 1822 infideles
696 1814 704 1828 ‚
731 1791 787 1831 qui
816 1791 934 1822 habent
951 1802 958 1822 z

188 1853 283 1883 ergo,
300 1847 358 1875 etc.

229 1900 259 1928 2.
277 1897 356 1928 Item
368 1921 377 1935 ,
391 1897 418 1927 si
432 1896 614 1936 distinguit,
631 1897 788 1936 quaeritur
804 1898 856 1927 cui
878 1905 886 1928 :
906 1899 962 1928 aut

189 1950 274 1981 enim
292 1950 371 1988 Deo,
395 1952 450 1981 aut
474 1950 590 1981 nobis:
614 1950 677 1981 Deo
698 1959 778 1988 non,
794 1951 870 1990 quia
893 1950 961 1990 ipse

189 2012 254 2034 non
268 2002 411 2042 indiget3
430 2003 522 2034 nobis
539 2012 603 2034 non
615 2027 623 2042 ,
639 2003 714 2043 quia
732 2012 798 2034 non
812 2003 960 2034 videmus

189 2058 298 2087 utrum
314 2055 429 2096 aliquis
447 2056 562 2087 habeat
581 2056 806 2087 characterem.
829 2056 919 2094 Quod
933 2056 960 2087 si

189 2109 314 2147 angelis
331 2132 340 2147 ,
361 2109 413 2139 vel
437 2109 554 2147 beatis,
578 2109 762 2150 superfluit,
783 2110 860 2150 quia
879 2110 959 2141 bene

190 2161 258 2192 sine
272 2161 332 2192 hoc
346 2165 554 2202 cognoscunt.
737 2156 740 2159 ¹

462 2277 687 2310 CONCLUSIO.

192 2362 336 2389 Character
350 2364 387 2387 est
400 2362 487 2397 utilis,
499 2365 563 2397 quia
576 2365 695 2397 qratiam
707 2365 856 2399 siqnificat,
867 2365 959 2399 aliquo

225 2405 299 2432 modo
317 2408 453 2440 proeparat
474 2407 511 2433 ad
530 2409 663 2440 qratiam,
685 2410 830 2443 coufiysurat
851 2410 918 2445 Deo,
934 2412 959 2437 et

225 2449 368 2484 distinquz't
383 2458 440 2477 ovcs
456 2451 488 2477 ab
500 2453 621 2486 invicem,
638 2455 660 2479 et
675 2453 708 2479 ab
723 2455 797 2480 allis.

230 2536 323 2577 Resp.
343 2537 383 2568 ad
403 2546 474 2577 arg.
495 2538 579 2578 quod
600 2538 763 2569 character
781 2541 829 2570 est
847 2540 957 2579 signa..

190 2590 299 2622 culum
313 2592 539 2623 sacramentale
553 2602 572 2623 a
586 2592 649 2624 Deo
662 2593 864 2633 impressum.
879 2593 959 2632 Quia

191 2642 393 2683 signaculum
408 2645 646 2686 sacramentale,
656 2645 728 2678 ideo
742 2647 881 2685 gratiam
894 2646 959 2687 sig-

1732 187 1790 217 375

1020 252 1142 290 nificat,
1154 253 1185 282 et
1198 260 1264 282 non
1275 254 1403 284 tantum
1416 253 1440 283 si
1445 254 1587 293 gnificat,
1604 255 1670 285 imo
1682 253 1790 294 aliquo

1020 305 1113 336 modo
1130 308 1303 345 praeparat‚
1324 306 1399 346 quia
1421 315 1499 336 usus
1519 308 1790 338 sacramentorum

1019 367 1084 388 non
1098 360 1222 388 tantum
1240 358 1334 388 estin
1349 358 1575 397 significando,
1592 359 1645 389 sed
1666 360 1699 390 in
1720 360 1788 390 effi-

1019 411 1128 441 ciendo
1152 411 1290 450 quodam
1305 412 1409 442 modo.
1425 412 1464 441 Et
1478 412 1554 451 quia
1569 412 1707 451 gratiam
1722 414 1791 452 sig-

1019 464 1141 502 nificat,
1158 466 1188 494 et
1208 465 1247 494 ad
1271 465 1409 503 gratiam
1431 464 1580 504 disponit,
1604 464 1676 496 ideo
1695 465 1790 497 habet

1019 517 1159 556 aliquam
1176 517 1417 548 similitudinem
1431 527 1504 548 cum
1521 518 1641 557 gratia,
1657 528 1730 558 quae
1745 522 1791 551 est

1019 571 1192 602 similitudo
1206 571 1259 602 Dei
1273 581 1281 602 :
1296 572 1366 602 ideo
1382 571 1488 611 aliquo
1501 572 1595 602 modo
1610 572 1792 611 configurat

1019 624 1092 655 Deo.
1112 624 1148 654 Et
1164 625 1239 664 quia
1253 634 1364 655 omnes
1378 626 1620 664 configurantur
1631 624 1704 663 uni,
1722 625 1791 656 ideo

1019 677 1171 708 assimilat
1190 678 1284 708 etiam
1300 687 1435 717 gregem
1449 678 1573 709 Domini
1595 678 1677 708 inter
1693 686 1745 715 se,
1760 680 1792 709 et

1019 739 1075 769 per
1095 730 1156 760 hoc
1177 730 1345 770 distinguit
1365 731 1405 762 ab
1422 731 1472 761 his
1491 731 1546 770 qui
1567 739 1633 762 non
1655 732 1730 762 sunt
1753 731 1791 762 de

1018 792 1139 822 grege:
1157 784 1207 814 vel
1222 784 1318 815 eliam
1337 784 1571 815 distinctionem
1590 784 1663 815 facit
1684 784 1717 815 in
1736 793 1791 816 eo-

1018 837 1090 868 dem
1107 846 1209 876 grege
1224 838 1400 869 secundum
1415 838 1510 869 aliam
1521 862 1529 876 ‚
1540 839 1572 869 et
1584 838 1680 869 aliam
1694 838 1792 869 ratio-

1019 899 1094 920 nem
1108 890 1303 921 assimilandi
1317 891 1336 921 ¹.

1060 946 1074 973 1
1087 960 1105 966 -
1115 945 1144 973 2.
1158 943 1203 974 Ad
1221 943 1299 974 illud
1309 952 1389 982 ergo
1404 943 1490 983 quod
1504 942 1652 982 objicitur
1668 942 1786 982 primo,

1018 996 1103 1037 quod
1120 1005 1186 1027 nou
1200 998 1247 1027 est
1262 996 1404 1034 visibile,
1422 996 1593 1027 dicendum
1612 995 1697 1036 quod
1716 995 1790 1026 cha-

1018 1050 1121 1079 racter
1135 1058 1208 1080 cum
1224 1049 1374 1080 exteriori
1387 1049 1482 1087 signo
1492 1048 1565 1079 facit
1578 1057 1680 1079 unum
1690 1057 1792 1080 sacra·-

1018 1104 1186 1133 mentum:
1202 1103 1286 1133 unde
1303 1111 1368 1133 non
1384 1105 1431 1133 est
1450 1102 1530 1133 ratio
1550 1102 1585 1132 in
1604 1110 1642 1133 eo
1663 1101 1790 1141 signifi-

1018 1155 1109 1185 candi
1123 1164 1180 1195 per
1194 1164 1228 1186 se
1242 1157 1378 1193 tantum,
1394 1155 1446 1186 sed
1463 1164 1519 1195 per
1533 1154 1791 1194 conjunctionem

1018 1217 1092 1238 cum
1107 1208 1255 1239 exteriori
1272 1208 1429 1239 elemento
1444 1217 1452 1238 :
1465 1210 1496 1238 et
1510 1207 1632 1238 ratione
1646 1207 1731 1238 illius
1746 1210 1793 1238 est

1019 1261 1141 1291 visibile
1154 1285 1161 1297 ‚
1175 1263 1204 1291 et
1219 1270 1322 1292 unum
1334 1286 1342 1299 ,
1360 1262 1442 1292 sicut
1455 1261 1648 1292 elementum
1662 1269 1766 1291 unum
1782 1271 1789 1292 z

1018 1316 1049 1344 et
1066 1314 1188 1344 ratione
1210 1315 1279 1353 ejus
1297 1316 1343 1345 est
1361 1314 1600 1352 voluntarium,
1617 1314 1700 1345 sicut
1722 1314 1789 1345 ele-

1019 1369 1161 1398 mentum
1184 1368 1343 1407 significat
1364 1377 1404 1398 ex
1427 1368 1641 1406 institutione,
1664 1377 1723 1398 nec
1744 1370 1792 1399 est

1017 1423 1123 1452 tamen
1138 1421 1301 1452 diversum
1315 1421 1400 1461 apud
1421 1421 1563 1451 diversos
1574 1445 1582 1459 ,
1602 1421 1679 1460 quia
1700 1421 1789 1452 insti-

1017 1477 1123 1505 tutum
1144 1477 1191 1505 est
1211 1475 1396 1504 auctoritate
1418 1474 1561 1513 Magistri
1585 1474 1788 1506 universalis.

1058 1531 1086 1559 3.
1101 1528 1149 1559 Ad
1163 1528 1240 1558 illud
1251 1528 1335 1567 quod
1346 1527 1514 1566 quaeritur,
1526 1527 1605 1566 quid
1617 1527 1789 1566 significet,

1017 1581 1186 1612 dicendum
1209 1581 1293 1620 quod
1318 1580 1456 1619 gratiam
1474 1582 1528 1611 :et
1549 1580 1635 1619 quod
1657 1580 1701 1610 ibi
1726 1589 1791 1611 non

1017 1634 1073 1673 sit,
1092 1637 1127 1665 ut
1148 1636 1261 1674 supra2
1277 1634 1424 1664 habitum
1446 1634 1510 1671 est,
1530 1632 1592 1664 hoc
1613 1634 1661 1664 est
1674 1642 1715 1664 ex
1735 1633 1790 1665 de-

1016 1687 1098 1718 fectu
1113 1687 1313 1726 suscipientis
1329 1689 1464 1717 tantum.

1058 1745 1092 1780 1,
1109 1744 1127 1772 2
1142 1743 1171 1771 et
1188 1744 1216 1771 3.
1232 1740 1280 1770 Ad
1301 1739 1380 1769 illud
1399 1739 1484 1779 quod
1507 1739 1659 1779 objicitur
1678 1739 1716 1771 de
1739 1748 1789 1771 se-

1016 1794 1120 1824 cundo
1141 1795 1230 1831 actu,
1255 1793 1423 1824 dicendum
1444 1792 1529 1832 quod
1550 1793 1687 1832 disponit
1709 1792 1793 1824 sicut

1016 1846 1175 1886 quoddam
1190 1846 1319 1883 lumen,
1341 1847 1372 1876 et
1392 1845 1477 1875 calor
1498 1845 1600 1876 datus.
1622 1845 1790 1885 Dispositio

1016 1902 1124 1930 autem
1140 1899 1194 1929 illa
1212 1908 1277 1929 non
1298 1900 1344 1929 est
1360 1898 1569 1936 necessitatis,
1587 1899 1672 1938 quod
1686 1908 1790 1938 agens

1016 1962 1080 1983 non
1091 1952 1189 1992 possit
1199 1953 1289 1983 aliter
1300 1961 1407 1991 agere,
1419 1951 1467 1982 vel
1479 1952 1653 1992 suscipiens
1663 1961 1788 1992 capere,

1016 2006 1070 2037 sed
1089 2008 1214 2036 tantum
1237 2005 1458 2045 congruitatis.
1475 2004 1555 2042 Quia
1569 2005 1657 2035 enim
1671 2007 1788 2037 natura

1016 2061 1164 2099 corrupta
1177 2060 1224 2090 est
1237 2067 1294 2099 per
1309 2060 1473 2098 peccatum
1483 2082 1491 2096 ,
1508 2059 1540 2089 et
1551 2057 1736 2098 indisposita
1748 2058 1788 2089 ad

1017 2113 1154 2153 gratiam
1169 2136 1179 2151 ,
1203 2121 1387 2151 congruum
1413 2111 1472 2142 fuit
1500 2111 1587 2151 quod
1614 2111 1788 2143 intercedat

1016 2165 1177 2206 dispositio
1187 2166 1311 2197 media:
1326 2174 1391 2196 non
1404 2165 1448 2196 sic
1462 2165 1564 2204 gratia
1577 2165 1616 2196 ad
1631 2164 1785 2204 gloriam.

1016 2219 1054 2250 Et
1071 2219 1116 2249 sic
1137 2220 1222 2259 patet
1244 2218 1409 2259 responsio
1432 2218 1472 2249 ad
1493 2218 1555 2249 tria
1573 2219 1696 2258 objecta.
1718 2227 1727 2249 ε
1747 2218 1787 2250 ad

1015 2273 1181 2313 primum,
1205 2272 1281 2311 quia
1304 2280 1371 2302 non
1400 2273 1448 2302 est
1470 2271 1632 2310 dispositio
1657 2272 1788 2311 propter

1016 2325 1143 2365 agentis
1165 2325 1399 2363 indigentiam3
1420 2324 1460 2354 ad
1483 2324 1658 2355 secundum
1675 2347 1684 2362 ,
1709 2323 1786 2364 quia

1016 2388 1081 2411 non
1100 2381 1148 2410 est
1167 2378 1330 2418 dispositio
1352 2377 1550 2415 necessaria3
1568 2377 1607 2407 ad
1630 2376 1763 2407 tertium
1775 2400 1783 2415 ‚

1015 2432 1092 2473 quia
1104 2441 1168 2462 non
1180 2433 1228 2462 est
1243 2431 1355 2462 similis
1369 2431 1532 2470 dispositio
1544 2430 1578 2460 in
1591 2431 1707 2460 natura
1716 2438 1786 2469 pec-

1015 2486 1129 2517 catrice
1140 2485 1179 2515 ad
1196 2485 1350 2524 gratiam,
1363 2483 1444 2514 sicut
1458 2482 1572 2522 gratiae
1582 2482 1622 2513 ad
1634 2482 1783 2521 gloriam.

1055 2540 1070 2568 1
1088 2540 1120 2570 θῖ
1134 2541 1163 2569 2.
1179 2538 1228 2569 Ad
1242 2538 1320 2569 illud
1335 2537 1420 2577 quod
1434 2536 1592 2576 quaeritur
1608 2535 1646 2566 de
1662 2534 1785 2566 assimi-

1050 2620 1146 2649 lscot,
1160 2619 1218 2643 dist.
1230 2624 1267 2648 v1,
1283 2625 1308 2648 ‘I-
1320 2623 1345 2647 x,
1359 2618 1435 2648 negat
1447 2616 1512 2641 hauc
1524 2615 1716 2647 dispositionem
1729 2621 1784 2639 me-

1015 2656 1105 2680 dicam.
1119 2669 1149 2673 —-
1160 2655 1170 2671 ²
1182 2654 1245 2678 Dist.
1261 2660 1294 2681 w,
1309 2654 1355 2677 art.
1369 2654 1392 2683 2,
1408 2659 1432 2683 q.
1450 2658 1468 2676 11
1483 2656 1506 2675 et
1524 2658 1563 2676 111.
