2017 2948
122 1566 152 1587 De
160 1566 227 1586 [ribus

123 1598 213 1617 actioni*

118 1627 158 1648 bus
164 1628 228 1654 poeni-

133 1660 213 1679 tentiae,

254 81 312 111 642

253 147 300 177 est
313 146 400 187 loqui
417 147 455 178 de
468 147 654 178 contritione
671 159 678 179 z
700 150 755 179 aut
770 151 863 189 prout
879 151 925 179 est
939 148 1024 180 dele-

253 199 319 230 tiva
342 199 458 240 culpae;
484 202 540 231 aut
565 202 659 241 prout
687 201 820 232 (leletiva
849 211 962 241 poenae.
990 201 1024 232 Si

254 254 347 291 prout
361 254 407 282 est
418 252 552 283 deletiva
566 253 678 294 culpae,
694 254 737 285 sic
749 258 899 294 operatur
913 255 944 284 in
956 256 1023 294 Jus-

252 305 420 335 tificationc
435 306 525 346 impii
547 306 579 336 in
594 306 722 337 instanti
742 318 748 338 ε
766 310 793 336 (el
812 307 855 337 sic
871 310 942 338 actu
959 317 1023 338 non

250 360 350 397 potest
365 358 484 389 habere
506 359 649 390 ordinem
675 362 817 398 respectu
838 360 1022 400 specialium

248 413 466 451 peccatorum,
489 413 563 452 quia
594 412 690 442 simul
714 414 745 442 et
768 412 800 443 in
824 413 952 444 instanti
978 416 1023 444 est

248 467 357 494 contra
381 474 475 495 omne
495 467 658 504 peccalum
682 465 899 496 commissum.
924 466 1023 497 Ilabet

249 520 355 548 tamen
381 518 554 549 secundum
577 518 738 555 habitum,
762 519 838 558 quia
860 519 948 550 dolor
971 520 1022 551 ille

247 569 450 601 habitualiter
460 571 595 611 disponit
608 571 646 601 ad
657 572 876 603 detestandum
892 573 1020 613 aliquod

248 623 330 663 plus,
359 623 484 663 aliquod
510 624 635 655 minus:
661 627 691 655 et
718 625 794 664 quia
816 626 960 656 habilitat
982 627 1021 657 ad

247 676 466 707 detestandum
482 676 624 716 malum,
646 678 720 717 quia
741 678 878 717 malum,
896 679 966 709 ideo
981 681 1020 710 ad

247 729 350 768 magis
361 729 579 760 detestandum
595 732 699 770 majus
717 731 849 763 malum.
865 732 896 763 Si
911 735 1019 763 autem

246 782 433 822 loquamur,
459 785 554 823 prout
577 786 622 814 est
645 784 779 815 deletiva
802 795 921 825 poenae,
945 788 1020 817 tunc

246 836 413 867 dicendum
429 838 513 877 quod
530 837 623 868 hahet
640 840 794 878 majorem
810 840 1018 871 intensionem

245 892 276 921 et
298 891 466 929 minorem,
486 892 581 922 etiam
603 893 777 923 secundum
796 895 917 932 actum,
938 895 1019 925 sicut

244 944 414 975 ostendunt
439 945 577 975 rationes
605 945 740 977 inductae
774 947 811 977 ad
845 948 1017 978 secundam

245 999 380 1037 partem.

284 1052 299 1080 1
321 1052 351 1081 et
375 1053 403 1081 2.
429 1051 477 1081 Ad
508 1051 585 1082 illud
607 1061 685 1091 ergo
708 1053 793 1092 quod
816 1054 963 1093 objicitur
984 1055 1017 1085 in

243 1103 448 1140 contrarium,
466 1106 550 1143 patet
565 1105 744 1144 responsio,
762 1106 877 1137 scilicet
895 1106 934 1137 ad
950 1107 1014 1146 pri-

242 1165 334 1186 mum
349 1158 379 1187 et
391 1157 581 1188 secundum:
600 1159 775 1198 procedunt
791 1159 877 1189 enim
893 1160 931 1190 de
941 1169 1016 1190 con-

242 1209 368 1240 tritione
383 1210 557 1240 secundum
579 1210 715 1250 primam
731 1211 828 1249 viani,
850 1212 966 1243 scilieet
981 1214 1017 1243 ut

241 1264 288 1292 est
303 1262 336 1292 in
348 1263 573 1301 justificatione
586 1263 686 1303 impii.

809 81 1118 114 SENTENTIARUM
1142 83 1214 115 LIB.
1240 84 1288 116 lv.

1120 153 1138 182 3
1151 152 1181 182 et
1196 153 1226 182 4.
1250 152 1298 183 Ad
1318 152 1394 184 illud
1411 154 1495 193 quod
1511 153 1659 194 objicitur
1673 155 1712 187 de
1725 164 1851 196 separa-

1079 204 1178 242 tione,
1193 207 1224 235 et
1238 205 1370 244 damno,
1392 209 1421 237 et
1436 207 1567 245 offensa,
1584 207 1752 240 dicendum
1766 210 1851 250 quod

1080 258 1237 297 separatio
1261 259 1433 290 attenditur
1459 261 1491 290 in
1514 260 1715 299 elongatione
1739 271 1851 294 secun-

1079 310 1154 341 dum
1176 311 1477 351 dissimilitudinem,
1495 317 1525 344 et
1541 315 1661 345 offensa
1677 316 1850 348 secundum

1078 367 1312 405 contemptum,
1331 368 1362 397 et
1383 367 1536 398 damnum
1557 368 1732 399 secundum
1755 369 1852 401 amis-

1078 417 1198 448 sionem
1222 420 1448 457 gratuitorum,
1470 423 1501 451 et
1522 420 1774 452 vulnerationem
1794 431 1851 453 na-

1077 471 1245 510 turalium,
1264 473 1331 503 sive
1350 473 1638 504 dehabilitationem
1655 484 1662 504 :
1692 477 1722 504 et
1745 475 1779 506 in
1802 475 1853 506 his

1078 533 1179 562 poenae
1203 525 1322 564 gradus
1348 528 1419 556 est:
1446 526 1530 556 unde
1557 526 1634 557 illud
1663 536 1729 558 non
1754 527 1849 559 valet.

1077 577 1229 614 Quamvis
1243 579 1329 608 enim
1346 578 1428 609 Deus
1442 579 1482 609 ab
1496 580 1645 610 omnihus
1658 580 1849 620 offendatur,

1077 633 1182 661 tamen
1202 631 1299 671 aliqui
1319 634 1527 662 contemnunt
1548 641 1622 663 eum
1644 632 1731 672 plus,
1753 633 1851 674 aliqui

1078 677 1198 715 minus3
1224 681 1253 708 et
1275 678 1421 709 similiter
1445 679 1478 708 in
1500 679 1607 718 aliquo
1630 682 1757 718 peccato
1777 680 1852 720 plus

1076 734 1192 761 natura
1223 731 1367 770 laeditur,
1399 734 1429 763 et
1460 741 1478 762 a
1512 732 1629 763 virtute
1663 733 1730 772 plus
1761 732 1848 764 elon-

1077 786 1184 822 gatur.

1116 841 1145 869 5.
1164 837 1212 868 Ad
1227 837 1305 868 illud
1320 838 1402 877 quod
1416 838 1581 878 objicitur,
1598 839 1682 878 quod
1697 839 1736 870 de
1750 849 1849 879 parvo

1076 900 1140 921 non
1160 892 1267 922 minus
1294 894 1394 931 potest
1414 892 1535 931 dolere,
1558 892 1726 924 dicendum
1745 893 1847 934 quod,

1075 945 1155 975 sicut
1171 945 1202 975 in
1225 945 1375 976 charitate
1397 955 1462 976 non
1483 948 1530 976 est
1549 945 1624 976 dare
1645 947 1725 986 quin
1747 955 1847 986 amor,

1074 1000 1371 1038 quantumcumque
1398 999 1438 1029 sit
1463 1008 1599 1038 parvuS,
1621 1001 1652 1030 et
1673 1003 1847 1040 quantum-

1073 1061 1211 1091 cumque
1226 1062 1365 1091 magnus
1376 1076 1384 1090 ,
1401 1061 1526 1092 semper
1543 1053 1584 1083 sit
1598 1053 1718 1091 bonus;
1739 1056 1846 1084 tamen

1073 1105 1106 1135 in
1128 1114 1185 1135 sna
1204 1105 1425 1144 magnitudine
1446 1107 1477 1136 et
1498 1106 1653 1146 parvitate
1673 1107 1847 1138 necessario

1073 1158 1168 1188 habet
1187 1158 1350 1188 ordinem:
1374 1159 1418 1188 sic
1437 1158 1470 1188 in
1487 1159 1646 1199 proposito
1664 1162 1710 1190 est
1727 1159 1845 1190 intelli-

1074 1210 1218 1250 gendum
1233 1221 1239 1239 2
1256 1213 1287 1241 et
1302 1211 1346 1241 sic
1365 1214 1411 1242 est
1425 1212 1513 1242 facile
1527 1212 1564 1242 ad
1585 1214 1698 1243 caetera
1712 1222 1846 1252 respon-

1072 1265 1155 1296 dere.

945 1390 1062 1426 PARS
1093 1390 1140 1426 II.

615 1475 810 1498 DETERMINAT
831 1477 869 1498 DE
891 1477 1033 1499 PARTIBUS
1056 1476 1243 1499 SUBJECTIVIS
1264 1476 1472 1498 POENITENTIAE.

294 1553 464 1586 l’raedictis
487 1566 565 1587 vero
589 1555 810 1599 adjiciendum
827 1562 893 1600 est,
912 1558 999 1602 quod
1025 1559 1128 1591 tribus
1147 1558 1251 1591 modis
1270 1558 1380 1601 agitur
1396 1558 1586 1602 poenitentia
1605 1570 1611 1590 :
1629 1561 1703 1591 ante
1718 1557 1839 1602 baptis-

249 1622 339 1644 mum
354 1637 361 1653 ‚
383 1611 503 1645 scilicet
517 1612 556 1645 de
571 1613 736 1657 prioribus
752 1615 889 1658 peccatis
902 1628 909 1657 ;
927 1620 997 1660 post
1011 1616 1210 1660 baptismum
1223 1620 1269 1647 est
1283 1615 1322 1648 de
1337 1616 1557 1658 gravioribus,
1572 1626 1647 1660 quae
1665 1619 1734 1660 post
1748 1626 1839 1648 com-

249 1669 445 1711 mittuntur;
462 1674 508 1702 est
523 1670 620 1703 etiam
642 1672 834 1716 poenitentia
863 1673 1043 1706 venialium
1067 1673 1278 1717 quotidiana,
1302 1684 1375 1717 quae
1397 1673 1493 1706 etiam
1517 1673 1696 1705 humilium
1721 1676 1788 1714 est,
1807 1677 1839 1705 et

246 1727 476 1771 perfectorum.
494 1728 587 1761 Unde
603 1730 810 1772 Augustinus
827 1730 834 1746 ¹
856 1742 863 1762 :
884 1731 994 1763 «Tres
1015 1735 1092 1764 sunt
1115 1731 1256 1763 actiones
1277 1731 1494 1775 pcenitentiae,
1512 1742 1593 1774 quas
1615 1741 1743 1763 mecum
1763 1740 1837 1762 eru-

245 1784 325 1818 ditio
341 1789 448 1818 vestra
470 1787 680 1829 recognoscit.
699 1787 772 1821 Una
795 1793 842 1821 est
861 1800 932 1833 quse
948 1800 1072 1821 novum
1087 1789 1255 1821 hominem
1273 1800 1329 1833 per
1343 1788 1543 1833 baptismum
1559 1787 1719 1832 parturit,
1735 1787 1837 1820 donec

244 1853 302 1886 per
316 1842 515 1887 baptismum
534 1845 684 1878 omnium
700 1847 942 1890 praeteritorum
958 1846 1083 1879 ablutio
1098 1846 1154 1879 fiat
1170 1850 1374 1890 peccatorum
1394 1858 1400 1878 :
1418 1846 1497 1890 quia
1511 1845 1626 1878 nullus
1637 1855 1705 1878 suae
1719 1844 1836 1877 volun-

243 1900 319 1932 tatis
333 1900 466 1944 arbiter,
479 1902 542 1934 nisi
559 1903 713 1946 poeniteat
731 1915 806 1936 eum
823 1904 941 1936 veteris
956 1904 1044 1946 vitae,
1062 1915 1182 1937 novam
1197 1903 1350 1937 inchoare
1365 1907 1467 1947 potest
1483 1915 1489 1935 :
1503 1914 1522 1935 a
1532 1914 1598 1946 qua
1612 1901 1744 1946 parvuli
1758 1906 1835 1935 sunt

243 1957 407 1991 immunes
421 1970 495 1992 cum
511 1960 739 2005 baptizantur,
758 1963 836 2007 quia
853 1962 1001 1995 nondum
1017 1966 1152 2006 possunt
1168 1961 1217 1994 uti
1238 1961 1341 1993 libero
1356 1961 1492 1993 arbitrio
1510 1973 1517 1993 ε
1535 1959 1656 2004 quibus
1671 1963 1779 1992 tamen
1795 1959 1834 1992 ad

244 2016 463 2049 remissionem
488 2018 657 2061 originalis
682 2019 801 2063 peccati
825 2020 954 2064 prodest
977 2031 1092 2053 eorum
1116 2019 1215 2060 fides,
1242 2031 1260 2051 a
1286 2018 1407 2062 quibus
1432 2017 1628 2050 offeruntur.
1654 2016 1767 2049 Altera
1788 2020 1835 2049 est

244 2073 326 2106 actio
340 2074 539 2118 poenitentiae
556 2081 625 2120 post
640 2077 839 2121 baptismum
850 2104 858 2119 ‚
875 2089 948 2122 quae
970 2078 1007 2110 fit
1023 2089 1080 2122 pro
1096 2077 1162 2110 illis
1178 2076 1314 2121 peccatis
1336 2087 1410 2120 quae
1434 2075 1515 2118 legis
1536 2074 1710 2117 decalogus
1732 2073 1834 2107 conti-

246 2135 311 2164 net.
329 2132 444 2175 Agunt
458 2144 534 2176 ergo
550 2133 698 2168 homines
713 2136 938 2180 poenitentiam
954 2139 1029 2168 ante
1043 2135 1242 2179 baptismum
1258 2134 1297 2166 de
1313 2133 1448 2177 peccatis
1463 2132 1628 2176 prioribus
1639 2157 1647 2173 ,
1664 2131 1709 2164 ita
1724 2135 1833 2164 tamen

245 2192 281 2221 ut
295 2190 392 2222 etiam
406 2190 631 2234 baptizentur,
650 2193 733 2225 sicut
747 2193 863 2226 Petrus
876 2194 921 2225 ait
935 2200 945 2215 ²
967 2206 973 2225 :
989 2193 1086 2237 Agsite
1093 2192 1330 2237 poenitentiam
1345 2216 1353 2232 ,
1370 2197 1400 2223 et
1416 2190 1600 2234 baptizetur
1614 2188 1834 2233 unusquisque

242 2252 387 2280 vestrum
402 2247 437 2280 in
454 2248 587 2281 nomine
614 2250 767 2290 Domini,
789 2255 849 2283 etc.
875 2263 890 2282 ))
917 2252 1032 2293 Agunt
1054 2250 1152 2282 etiam
1167 2249 1413 2294 poenitentiam,
1434 2248 1461 2280 si
1478 2252 1549 2292 post
1574 2247 1773 2291 baptismum
1788 2246 1833 2279 ita

242 2309 476 2348 peccaverunt,
499 2310 535 2339 nt
549 2308 823 2340 excommunicari
839 2313 870 2341 et
885 2307 1086 2341 reconciliari
1110 2312 1220 2351 postea
1239 2310 1438 2340 mereantur.
1459 2306 1515 2338 Est
1528 2305 1625 2338 etiam
1641 2303 1832 2349 poenitentia

241 2361 404 2395 bonorum
419 2367 451 2395 et
466 2362 644 2397 humilium
659 2364 806 2398 fidelium
822 2377 903 2410 pene
918 2365 1108 2410 quotidiana
1122 2390 1130 2406 ‚
1147 2365 1181 2397 in
1197 2375 1263 2409 qua
1282 2368 1410 2409 pectora
1430 2362 1601 2396 tundimus
1615 2387 1623 2404 ,
1639 2361 1781 2395 dieentes
1794 2361 1805 2378 ³
1819 2371 1828 2392 ε

241 2418 382 2454 Dimitte
395 2420 487 2453 nobis
504 2420 614 2455 debita
629 2428 761 2466 nostra,
778 2423 862 2457 sicut
877 2429 908 2456 et
925 2434 984 2457 nos
995 2449 1004 2465 ,
1020 2427 1080 2456 etc.
1097 2422 1212 2466 Neque
1227 2433 1246 2455 a
1260 2421 1354 2455 nobis
1369 2420 1489 2454 dimitti
1503 2420 1659 2454 volumus
1669 2444 1678 2462 ‚
1695 2428 1767 2463 quae
1780 2416 1829 2450 di-

271 2521 277 2535 ¹
283 2522 366 2580 aAssug„
376 2522 475 2581 'Serrml¹
484 2529 572 2553 eccm,
587 2523 620 2548 al.
637 2524 706 2549 hom.
726 2530 751 2554 L,
766 2531 786 2549 c.
806 2531 839 2555 11,
859 2532 885 2549 n.
900 2530 923 2555 z,
939 2527 964 2549 et
977 2525 1019 2550 lib.
1034 2524 1063 2548 cle
1076 2524 1197 2549 Medicina
1210 2524 1373 2555 poenitentioe,
1388 2530 1410 2547 c.
1430 2528 1459 2553 n,
1479 2522 1564 2553 quoad
1580 2518 1826 2548 sensum.—·Act.,

238 2559 266 2585 11,
315 2569 364 2580 .—-
395 2559 458 2582 Mate
479 2576 495 2589 .,
511 2564 547 2589 vi,
559 2559 598 2582 12.
