2017 2948
127 385 228 405 Fundam.

134 2117 167 2139 Ad
175 2121 226 2144 opp.

484 234 686 272 QUAES'rlo
723 236 747 266 I.

280 307 327 334 An
341 314 394 334 esse
407 307 506 340 salsum
515 309 552 335 sit
565 308 706 335 essentiale
716 308 788 334 omni
799 307 933 334 mendacio
944 307 963 333 ⁴.

285 374 398 406 Utrum
414 375 576 406 essentiale
593 376 632 406 sit
652 375 743 406 omni
760 375 924 405 mendacio
949 383 1015 405 esse

245 428 378 466 falsum3
398 430 429 459 et
443 429 527 468 quod
543 429 604 466 sic,
626 428 751 459 videtur
765 428 868 467 primo
884 436 940 467 per
955 427 1013 457 dif-

244 480 423 511 finitionem
439 481 592 511 mendacii
607 505 613 516 ‚
640 489 737 520 quam
755 480 845 519 ponit
860 480 1016 519 Augusti-

245 542 305 564 nus
324 534 356 564 in
371 534 452 564 libro
466 534 505 565 de
525 533 692 565 Mendacio
713 534 741 563 ²:
765 545 778 561 «
794 533 993 564 Mendacium
1005 557 1014 571 ,

244 586 368 626 inquit,
392 588 438 616 cst
461 586 537 616 salsa
562 586 647 616 vocis
666 586 855 625 significatio
872 595 947 616 cum
962 586 1015 617 in-

244 639 384 670 tentione
400 639 536 669 fallendi.
550 649 564 666 »
583 639 613 669 Si
625 648 702 678 ergo
713 639 859 669 diffinitio
873 641 903 669 et
913 641 1017 679 partes

245 692 443 723 diffinitionis
462 694 536 722 sunt
559 692 736 723 essentiales
759 692 914 730 diffinito,
937 701 1016 731 ergo

245 745 407 776 essentiale
422 747 469 776 est
484 745 646 775 mendacio
662 753 728 775 esse
746 745 875 775 falsum.

285 798 363 829 Item
377 798 437 829 hoc
460 798 565 837 ipsum
586 798 711 829 videtur
734 807 790 837 per
812 797 910 835 illud,
931 798 1016 837 quod

244 851 543 890 dicitAugustinus,
561 853 671 883 contra
686 851 887 882 Mendacium
899 852 909 869 ⁸
925 860 958 881 :«
973 850 1017 881 Si-

245 907 298 935 cut
312 905 367 935 lux
381 904 551 944 opponitur
567 904 716 941 tenebris,
733 904 775 934 ita
790 904 906 934 veritas
921 913 1017 944 oppo-

247 958 336 988 nitur
350 958 551 988 mendacio.»
570 957 630 988 Sed
646 957 793 995 tenebra,
809 957 1017 987 essentialiter

245 1010 403 1051 loquendo
415 1035 422 1049 ,
448 1012 496 1040 est
510 1010 647 1050 privatio
666 1010 746 1041 lucis
763 1019 770 1040 ε
787 1019 865 1049 ergo
886 1010 1017 1040 menda-

247 1064 331 1094 cium
345 1066 391 1094 est
403 1064 538 1103 privatio
552 1063 694 1094 veritatis
710 1074 716 1094 x
734 1063 787 1094 sed
800 1063 941 1094 veritatis
957 1063 1019 1103 pri-

247 1117 332 1147 vatio
347 1118 394 1147 est
410 1116 527 1147 falsitas
549 1125 557 1146 :
584 1125 662 1155 ergo
683 1126 702 1146 a
727 1116 830 1156 primo
854 1116 1018 1147 essentiale

247 1172 294 1200 est
307 1170 366 1209 ipsi
381 1169 546 1200 mendacio
560 1178 625 1200 esse
640 1169 766 1200 falsum.

288 1222 377 1259 Item,
388 1222 467 1252 sicut
477 1231 510 1252 se
521 1222 639 1252 habent
648 1231 716 1252 esse
731 1230 876 1253 veracem
890 1224 920 1252 et
932 1230 1019 1252 men-

247 1276 357 1306 dacem
372 1275 455 1305 circa
478 1275 640 1305 hominem
653 1299 663 1313 ,
686 1275 729 1305 510
752 1284 784 1305 50
799 1275 917 1305 habent
938 1275 1020 1306 circa

248 1329 427 1360 orationem
451 1328 569 1359 veritas
591 1329 621 1358 et
647 1327 874 1358 mendacium:
894 1328 947 1359 sed
961 1328 1020 1358 ista

248 1382 311 1413 duo
326 1384 401 1412 sunt
423 1381 689 1421 incompossibiIIa
704 1381 786 1411 clrca
801 1381 951 1412 eumdem
965 1381 1021 1412 ho-

248 1435 367 1466 minem
382 1434 476 1465 simul
491 1436 522 1465 et
536 1434 632 1464 semel
645 1457 652 1471 ,
669 1433 816 1465 videlicet
832 1435 938 1473 ipsum
953 1443 1020 1465 esse

248 1497 404 1525 veracem,
422 1489 453 1518 et
462 1487 645 1518 mendacem
659 1497 666 1517 :
678 1495 757 1526 ergo
769 1487 914 1518 similiter
926 1489 1021 1518 erunt

248 1540 517 1580 incompossibilia
531 1541 614 1571 circa
636 1549 816 1571 sermonem
833 1551 839 1570 :
863 1549 943 1579 ergo
959 1540 1019 1570 im-

249 1594 397 1634 possibile
411 1596 457 1624 est
472 1593 559 1633 quod
576 1593 660 1624 idem
679 1602 782 1624 sermo
798 1594 837 1623 sit
853 1593 949 1635 simul
964 1602 1021 1623 ve-

249 1656 315 1685 rus,
330 1649 360 1678 et
372 1647 522 1678 mendax.
539 1647 571 1677 Si
582 1656 660 1686 ergo
674 1647 876 1677 mendacium
888 1656 951 1677 non
963 1655 1019 1686 po-

249 1703 309 1732 test
319 1709 352 1731 se
362 1700 499 1740 compati
509 1709 583 1731 cum
592 1700 734 1737 veritate,
747 1700 873 1730 videtur
882 1700 965 1739 quod
976 1700 1021 1730 in—

250 1753 465 1794 separabiliter
472 1753 587 1784 habeat
597 1753 657 1783 sibi
667 1762 827 1784 annexam
838 1753 1004 1784 falsitatem
1011 1776 1018 1784 .

291 1806 370 1837 Item
385 1815 480 1837 omne
493 1815 610 1838 verum
621 1830 630 1845 ,
655 1806 832 1837 secundum
854 1806 939 1845 quod
956 1806 1021 1837 hu-

247 1860 410 1900 ι1115111001,
431 1860 477 1890 est
499 1868 517 1889 a
539 1859 670 1891 veritate
685 1859 810 1899 prima:
827 1860 881 1890 sed
895 1859 1021 1890 nullum

251 1913 454 1944 mendacium
468 1914 513 1943 est
527 1921 545 1942 a
562 1912 694 1943 veritate
708 1912 813 1952 prima
830 1923 837 1943 ε
856 1921 935 1952 ergo
949 1912 1021 1944 nul-

252 1966 320 1997 lum
344 1965 545 1997 mendacium
562 1967 608 1995 est
621 1973 735 1996 verum
752 1975 759 1996 ε
775 1967 805 1996 et
825 1967 870 1996 est
884 1975 998 1996 verum
1012 1991 1020 2005 ,

252 2018 304 2050 vel
318 2018 432 2049 falsum
449 2028 455 2047 z
478 2026 557 2056 ergo
576 2017 740 2048 essentiale
755 2019 801 2049 est
815 2018 873 2057 ipsi
889 2018 1022 2049 menda-

253 2072 302 2103 cio
316 2080 383 2102 esse
396 2071 521 2101 falsum.

294 2124 355 2155 Sed
378 2125 509 2155 contra:
528 2125 556 2154 1.
574 2122 797 2162 Augustinus,
823 2122 857 2153 in
881 2123 961 2154 libro
984 2124 1022 2156 de

254 2177 420 2209 Mendacio
435 2200 442 2215 ,
458 2176 533 2207 dicit
546 2178 568 2211 ⁴,
589 2176 674 2216 quod
697 2176 750 2207 ille
768 2176 939 2215 mentitur,
966 2177 1023 2217 qui

253 2230 328 2260 dicit
340 2238 455 2261 verum
467 2229 552 2269 quod
566 2230 655 2269 putat
669 2238 735 2259 0550
749 2228 862 2259 falsum
875 2239 882 2259 :
900 2229 954 2259 sed
967 2229 1023 2269 qui

254 2283 417 2321 mentitur,
442 2282 643 2313 mendacium
659 2282 733 2313 dicit
758 2293 765 2313 z
790 2291 867 2321 ergo
891 2282 1021 2322 aliquis,

254 2336 386 2367 dicendo
399 2344 525 2374 verum,
541 2335 613 2366 facit
627 2335 848 2366 mendacium:
866 2344 932 2366 non
945 2344 1023 2375 ergo

255 2399 350 2421 omne
363 2389 564 2420 mendacium
578 2389 752 2420 necessario
767 2392 813 2420 est
828 2389 958 2420 falsum.

295 2446 324 2474 2.
350 2443 428 2473 Item
441 2465 449 2479 ,
479 2442 559 2472 sicut
580 2442 715 2473 verbum
737 2442 893 2472 discordat
913 2443 951 2472 ab
972 2443 1024 2473 in-

288 2506 297 2522 1
310 2505 350 2535 Cf.
367 2504 436 2528 Alex.
447 2504 542 2532 Alnus„
555 2510 580 2534 p.
600 2504 629 2532 II,
642 2510 665 2534 (1.
682 2504 872 2531 011111,111011111,
888 2505 913 2534 13
926 2505 951 2528 S.
966 2505 1023 2534 Th„

258 2540 323 2570 Il-II,
344 2547 368 2570 q.
385 2546 426 2569 cx,
441 2542 487 2563 art.
511 2541 538 2568 1;
556 2540 580 2562 et
601 2539 630 2562 ΗΙ
650 2539 730 2568 Seni„
751 2539 808 2562 «list.
827 2545 940 2569 xxxvni,
958 2547 982 2569 (1.
1000 2546 1022 2569 1,

257 2577 303 2599 art.
323 2577 350 2605 1;
368 2575 495 2605 Rielsard„
511 2575 542 2598 III
560 2575 638 2605 Seni„
653 2574 711 2598 dist.
728 2580 838 2603 xxxviii,
856 2582 880 2605 q.
897 2580 917 2604 13
932 2575 1022 2599 Thom-

257 2612 370 2641 Argeum„
387 2611 416 2635 Ill
427 2610 572 2641 Sent.‚dist.
586 2615 697 2640 xxxvui,
710 2615 771 2641 q.1,
787 2612 834 2634 art.
852 2611 885 2640 3;
902 2611 1022 2641 stephan.

807 147 1118 180 SENTENTIARUM
1139 148 1212 180 LIB.
1238 149 1289 180 III.

1067 215 1206 246 tentione
1216 239 1225 254 ,
1241 225 1315 247 cum
1331 217 1403 257 quis
1418 218 1515 256 negat
1528 216 1606 248 illud
1627 217 1713 256 quod
1728 218 1838 255 novit,

1069 267 1113 298 510
1131 268 1228 298 etiam
1253 268 1427 307 discordat,
1449 269 1577 310 quando
1601 269 1739 300 affirmat
1763 269 1840 301 illud

1069 319 1153 360 quod
1168 320 1316 360 ignorat,
1333 323 1363 352 et
1377 321 1415 352 de
1429 331 1492 362 quo
1507 322 1629 353 dubitat
1647 331 1655 353 :
1674 322 1728 353 sed
1743 322 1841 362 possi-

1069 373 1131 404 bile
1151 375 1197 404 est
1221 374 1359 414 aliquem
1379 375 1539 406 affirmare
1561 375 1689 415 aliquod
1710 384 1839 413 verum,

1070 426 1107 457 de
1122 435 1186 466 quo
1201 427 1341 458 dubitat:
1358 430 1495 467 ponatur
1510 437 1588 467 ergo
1601 452 1609 465 ‚
1625 437 1698 459 cum
1713 428 1754 459 sit
1767 437 1841 468 pos-

1069 479 1158 510 sibile
1173 487 1179 509 :
1192 480 1245 510 sed
1262 480 1295 510 in
1310 480 1363 510 tali
1378 481 1589 512 affirmatione
1604 481 1760 512 discordat
1775 489 1844 512 ser-

1071 540 1123 563 mo
1137 532 1176 562 ab
1192 532 1365 563 intentione
1379 533 1537 573 loquentis
1552 545 1559 564 :
1575 542 1656 573 ergo
1671 535 1717 565 est
1731 534 1775 564 ibi
1790 534 1841 565 vi·

1070 586 1152 616 tium
1169 588 1199 616 et
1214 588 1378 625 peccatum
1399 595 1406 616 :
1424 587 1478 617 sed
1496 595 1561 618 non
1581 589 1627 618 est
1649 587 1711 618 nisi
1731 596 1843 627 pecca-

1071 640 1140 669 tum
1160 638 1340 669 mendacii:
1361 647 1441 678 crgo
1465 640 1592 670 videtur
1614 640 1700 680 quod
1723 640 1844 680 aliquid

1071 691 1169 722 simul
1187 692 1285 731 possit
1299 701 1367 722 esse
1382 701 1497 723 verum
1509 716 1516 730 ‚
1542 695 1572 724 et
1595 695 1701 724 tamen
1725 693 1842 724 nihilo-

1072 746 1180 776 minus
1194 748 1239 776 est
1256 746 1469 776 mendacium.

1113 802 1141 830 3.
1159 799 1252 837 Item,
1269 799 1295 829 51
1320 799 1450 830 intentio
1474 801 1520 830 est
1543 801 1647 838 recta,
1671 801 1773 831 totum
1797 802 1845 830 est

1073 854 1194 883 rectum
1207 863 1214 883 ι
1227 862 1306 891 ergo
1322 853 1347 882 51
1364 853 1495 883 intentio
1510 854 1557 883 est
1571 853 1723 889 mendax,
1741 855 1843 883 totum

1072 908 1118 936 est
1128 906 1266 936 mendax
1279 917 1285 936 :
1301 906 1354 936 sed
1368 905 1482 945 aliquis
1494 907 1594 945 potest
1608 905 1712 936 dicere
1724 905 1843 936 dictum

1073 968 1186 990 verum
1200 960 1376 990 intentione
1392 959 1565 990 mentiendi
1581 969 1588 990 :
1606 968 1684 999 ergo
1699 958 1846 999 possibile

1072 1015 1117 1044 est
1133 1013 1216 1052 quod
1231 1013 1364 1052 aliquis,
1392 1012 1524 1043 dicendo
1538 1021 1652 1043 verum
1663 1037 1671 1050 ‚
1692 1012 1731 1043 sit
1751 1021 1846 1042 men-

1072 1066 1133 1097 dax
1151 1076 1158 1096 :
1175 1066 1227 1096 sed
1244 1075 1308 1096 non
1322 1067 1369 1096 est
1385 1066 1522 1096 mendax
1538 1066 1599 1096 nisi
1619 1066 1651 1096 in
1668 1065 1722 1096 illo
1737 1065 1818 1096 dicto
1835 1076 1842 1095 :

1073 1128 1150 1158 ergo
1167 1119 1312 1158 possibile
1326 1120 1372 1149 est
1387 1118 1505 1149 dictum
1526 1128 1640 1149 verum
1664 1128 1730 1149 esse
1748 1127 1844 1149 men-

1073 1172 1212 1202 dacium.

1114 1227 1143 1255 4.
1163 1225 1258 1262 Item,
1275 1224 1355 1255 sicut
1371 1234 1403 1254 se
1417 1224 1513 1255 habet
1527 1225 1691 1263 peccatum
1705 1223 1744 1254 ad
1760 1223 1847 1254 boni-

1075 1280 1191 1316 tatem,
1218 1278 1261 1308 ita
1285 1287 1318 1308 se
1339 1278 1435 1308 habet
1458 1277 1659 1307 mendacium
1676 1277 1715 1307 ad
1731 1277 1846 1307 verita-

1075 1334 1138 1362 tem
1155 1343 1161 1362 :
1177 1332 1230 1362 sed
1246 1332 1300 1371 qui
1312 1331 1384 1361 facit
1399 1331 1527 1370 aliquod
1540 1331 1662 1361 bonum
1671 1339 1752 1370 opus
1764 1329 1848 1361 mala

1076 1385 1264 1422 intentione,
1282 1384 1450 1415 committit
1464 1385 1628 1423 peccatum
1645 1394 1652 1413 ι
1670 1391 1750 1422 ergo
1763 1383 1848 1413 simi-

1076 1439 1147 1469 liter
1162 1439 1217 1478 qui
1232 1438 1306 1468 dicit
1321 1446 1435 1468 verum
1451 1436 1576 1467 fallendi
1591 1436 1779 1472 intentione,
1796 1435 1846 1466 in-

1076 1492 1174 1522 0111111
1187 1491 1387 1522 mendacIum
1404 1501 1410 1520 :
1433 1499 1512 1529 ergo
1532 1489 1616 1520 idem
1636 1489 1721 1529 quod
1745 1488 1844 1528 prius.

1077 1544 1108 1575 Si
1124 1546 1160 1575 tu
1175 1544 1276 1581 dicas,
1295 1543 1470 1574 secundum
1491 1542 1575 1582 quod
1593 1541 1743 1580 Magister
1758 1541 1848 1572 vide-

1077 1600 1129 1629 tur
1143 1597 1246 1628 dicere
1262 1597 1294 1627 in
1317 1597 1439 1633 littera,
1456 1595 1540 1635 quod
1556 1594 1702 1634 possibile
1721 1596 1767 1624 est
1789 1593 1845 1624 ali-

1078 1660 1173 1691 quem
1189 1650 1290 1681 dicere
1306 1657 1432 1685 verum,
1450 1651 1480 1678 et
1495 1647 1622 1678 mentiri
1631 1658 1638 1685 ;
1657 1647 1710 1677 sed
1725 1655 1790 1677 non
1803 1648 1849 1677 est

1078 1703 1224 1744 possibile
1250 1702 1377 1742 aliquod
1407 1702 1527 1732 dictum
1557 1710 1625 1730 esse
1649 1709 1764 1730 verum
1783 1723 1791 1736 ,
1818 1701 1849 1730 et

1078 1757 1279 1787 mendacium
1294 1755 1406 1792 simul,
1423 1754 1549 1784 videtur
1564 1762 1631 1783 esse
1646 1752 1800 1792 oppositio
1813 1752 1847 1783 in

1078 1811 1199 1850 adjecto
1215 1819 1222 1840 ε
1240 1809 1314 1849 quia
1329 1808 1410 1838 sicut
1425 1817 1457 1838 se
1474 1807 1567 1837 habet
1581 1814 1713 1845 peccans
1726 1804 1766 1835 ad
1780 1813 1848 1844 pec--

1078 1866 1204 1901 catum,
1230 1862 1273 1892 sic
1297 1871 1329 1892 se
1354 1861 1450 1891 habet
1472 1859 1628 1890 mentiens
1653 1858 1693 1888 ad
1716 1857 1847 1888 menda·

1079 1917 1164 1947 cium
1181 1926 1188 1946 ε
1207 1915 1261 1946 sed
1276 1915 1380 1946 omnis
1397 1913 1552 1944 mentiens
1575 1911 1780 1942 mendacium
1799 1910 1849 1941 di-

1079 1970 1120 2001 cit
1137 1981 1143 2000 z
1161 1978 1240 2008 ergo
1253 1968 1280 1999 51
1293 1968 1409 1999 veritas
1423 1967 1497 1997 dieti
1511 1975 1576 1997 non
1592 1966 1753 2005 repugnat
1765 1964 1847 1995 actui

1079 2021 1251 2053 mentiendi
1273 2045 1282 2058 ,
1311 2030 1375 2051 non
1406 2020 1564 2059 repugnat
1598 2017 1719 2048 ratione
1749 2016 1849 2056 ipsius

1081 2074 1247 2106 mendacii.

1356 2129 1581 2162 CONCLUSIO.

1080 2198 1250 2226 Mendacium
1267 2205 1324 2224 cum
1340 2196 1454 2222 nominet
1475 2195 1562 2229 ipsum
1577 2194 1678 2220 dictam
1698 2195 1726 2220 in
1743 2200 1850 2228 compa-

1114 2244 1218 2270 ratione
1239 2241 1340 2268 adrem
1356 2242 1380 2266 et
1398 2239 1434 2266 ad
1450 2240 1538 2273 ipsam
1559 2238 1697 2269 dicentem,
1720 2237 1757 2264 ad
1777 2244 1849 2264 com-

1113 2287 1215 2322 pletam
1237 2284 1290 2319 ejus
1311 2285 1440 2310 rationem
1458 2283 1558 2317 duplex
1577 2283 1710 2308 concurrit
1728 2282 1850 2314 falsitas,

1116 2331 1203 2358 altera
1225 2330 1343 2363 respecta
1366 2329 1416 2361 rei,
1441 2328 1527 2354 altera
1551 2328 1668 2361 respectu
1692 2325 1850 2353 intentionis

1110 2375 1252 2408 loquentis.

1123 2444 1212 2481 uesp.
1230 2440 1268 2471 ad
1282 2449 1354 2477 arg.
1368 2439 1414 2470 Ad
1432 2438 1655 2478 praedictorum
1670 2436 1850 2475 intelligen-

1082 2504 1159 2533 Brut,
1178 2504 1296 2532 IlISc12!.‚
1307 2503 1362 2526 dist.
1376 2506 1485 2529 xxxviii,
1499 2499 1635 2530 11.1;Gabr.
1650 2498 1722 2525 niel..
1734 2498 1851 2527 lIIszt„

1081 2541 1129 2564 dist
1144 2546 1254 2568 xxxviii,
1271 2547 1295 2570 q.
1311 2546 1328 2569 1,
1345 2541 1391 2562 art.
1407 2540 1430 2561 3.
1441 2550 1469 2554 -
1481 2538 1554 2565 '2Aug
1567 2554 1573 2565 ‚
1587 2538 1650 2558 conl.
1664 2535 1756 2563 Illentl„
1771 2542 1793 2557 c.
1804 2539 1849 2562 xii,

1080 2583 1106 2600 n.
1122 2578 1200 2600 Qu—
1212 2575 1307 2603 Ulpia„
1323 2582 1345 2598 c.
1362 2580 1369 2598 1
1384 2580 1401 2600 1,
1415 2580 1440 2596 11.
1457 2574 1479 2596 4.
1490 2584 1521 2588 -
1537 2571 1547 2587 ⁴
1558 2572 1671 2598 August„
1689 2570 1718 2593 ‹Ie
1731 2569 1851 2598 Menidan,

1083 2619 1106 2635 c.
1120 2617 1165 2642 111,
1178 2618 1203 2636 11.
1220 2612 1247 2640 3;
1265 2608 1408 2638 Enclu'rid.³
1425 2614 1446 2630 c..
1464 2612 1544 2636 11111,
1561 2613 1586 2629 11.
1601 2607 1624 2628 6.
