<?xml version="1.0" encoding="UTF-8"?>
<!DOCTYPE html PUBLIC "-//W3C//DTD XHTML 1.0 Transitional//EN"
    "http://www.w3.org/TR/xhtml1/DTD/xhtml1-transitional.dtd">
<html xmlns="http://www.w3.org/1999/xhtml" xml:lang="en" lang="en">
 <head>
  <title>
</title>
<meta http-equiv="Content-Type" content="text/html;charset=utf-8" />
  <meta name='ocr-system' content='tesseract 3.04.00' />
  <meta name='ocr-capabilities' content='ocr_page ocr_carea ocr_par ocr_line ocrx_word'/>
</head>
<body>
  <div class='ocr_page' id='page_1' title='image "./operaomniasixtiv05bonauoft/operaomniasixtiv05bonauoft_0498.png"; bbox 0 0 2017 2948; ppageno 0'>
   <div class='ocr_carea' id='block_1_1' title="bbox 122 514 218 567">
    <p class='ocr_par' dir='ltr' id='par_1_1' title="bbox 122 514 218 567">
     <span class='ocr_line' id='line_1_1' title="bbox 135 514 213 541; baseline -0.026 -5"><span class='ocrx_word' id='word_1_1' title='bbox 135 514 213 541; x_wconf 81' lang='lat' dir='ltr'>Opinio</span> 
     </span>
     <span class='ocr_line' id='line_1_2' title="bbox 122 552 218 567; baseline 0.01 -1"><span class='ocrx_word' id='word_1_2' title='bbox 122 552 218 567; x_wconf 64' lang='lat' dir='ltr'>erronea.</span> 
     </span>
    </p>
   </div>
   <div class='ocr_carea' id='block_1_2' title="bbox 242 106 1273 146">
    <p class='ocr_par' dir='ltr' id='par_1_2' title="bbox 242 106 1273 146">
     <span class='ocr_line' id='line_1_3' title="bbox 242 106 1273 146; baseline 0.003 -6"><span class='ocrx_word' id='word_1_3' title='bbox 242 117 299 146; x_wconf 67' lang='lat'>430</span> <span class='ocrx_word' id='word_1_4' title='bbox 797 106 1105 143; x_wconf 82' lang='lat' dir='ltr'><strong>SENTENTIARUM</strong></span> <span class='ocrx_word' id='word_1_5' title='bbox 1126 111 1201 142; x_wconf 87' lang='lat' dir='ltr'>LlB.</span> <span class='ocrx_word' id='word_1_6' title='bbox 1223 111 1273 143; x_wconf 85' lang='lat' dir='ltr'>lV.</span> 
     </span>
    </p>
   </div>
   <div class='ocr_carea' id='block_1_3' title="bbox 513 245 735 278">
    <p class='ocr_par' dir='ltr' id='par_1_3' title="bbox 513 245 735 278">
     <span class='ocr_line' id='line_1_4' title="bbox 513 245 735 278; baseline -0.009 -1"><span class='ocrx_word' id='word_1_7' title='bbox 513 245 735 278; x_wconf 77' lang='lat' dir='ltr'>CONCLUSlO.</span> 
     </span>
    </p>
   </div>
   <div class='ocr_carea' id='block_1_4' title="bbox 241 328 1012 445">
    <p class='ocr_par' dir='ltr' id='par_1_4' title="bbox 241 328 1012 445">
     <span class='ocr_line' id='line_1_5' title="bbox 241 328 1012 361; baseline -0.005 -5"><span class='ocrx_word' id='word_1_8' title='bbox 241 330 273 356; x_wconf 73' lang='lat'>172</span> <span class='ocrx_word' id='word_1_9' title='bbox 293 331 457 356; x_wconf 76' lang='lat' dir='ltr'>sacramento</span> <span class='ocrx_word' id='word_1_10' title='bbox 478 329 658 355; x_wconf 80' lang='lat' dir='ltr'>Eucharz&#39;scioe</span> <span class='ocrx_word' id='word_1_11' title='bbox 678 330 715 354; x_wconf 77' lang='lat' dir='ltr'>est</span> <span class='ocrx_word' id='word_1_12' title='bbox 737 329 868 354; x_wconf 67' lang='lat' dir='ltr'>conversio</span> <span class='ocrx_word' id='word_1_13' title='bbox 887 328 968 361; x_wconf 79' lang='lat' dir='ltr'>panis</span> <span class='ocrx_word' id='word_1_14' title='bbox 983 328 1012 353; x_wconf 79' lang='lat' dir='ltr'>in</span> 
     </span>
     <span class='ocr_line' id='line_1_6' title="bbox 276 370 1011 407; baseline -0.004 -7"><span class='ocrx_word' id='word_1_15' title='bbox 276 381 364 400; x_wconf 81' lang='lat' dir='ltr'>verum</span> <span class='ocrx_word' id='word_1_16' title='bbox 387 372 487 400; x_wconf 79' lang='lat' dir='ltr'><em>Christi</em></span> <span class='ocrx_word' id='word_1_17' title='bbox 511 380 620 407; x_wconf 79' lang='lat' dir='ltr'>corpus,</span> <span class='ocrx_word' id='word_1_18' title='bbox 645 380 696 399; x_wconf 80' lang='lat' dir='ltr'>non</span> <span class='ocrx_word' id='word_1_19' title='bbox 717 373 747 398; x_wconf 78' lang='lat' dir='ltr'>in</span> <span class='ocrx_word' id='word_1_20' title='bbox 768 373 888 406; x_wconf 74' lang='lat' dir='ltr'>partem,</span> <span class='ocrx_word' id='word_1_21' title='bbox 913 370 959 397; x_wconf 81' lang='lat' dir='ltr'>scd</span> <span class='ocrx_word' id='word_1_22' title='bbox 982 372 1011 397; x_wconf 80' lang='lat' dir='ltr'>in</span> 
     </span>
     <span class='ocr_line' id='line_1_7' title="bbox 276 419 368 445; baseline 0.011 -2"><span class='ocrx_word' id='word_1_23' title='bbox 276 419 368 445; x_wconf 78' lang='lat' dir='ltr'>totum.</span> 
     </span>
    </p>
   </div>
   <div class='ocr_carea' id='block_1_5' title="bbox 238 497 1015 2547">
    <p class='ocr_par' dir='ltr' id='par_1_5' title="bbox 238 497 1014 1707">
     <span class='ocr_line' id='line_1_8' title="bbox 281 497 1012 541; baseline -0.007 -9"><span class='ocrx_word' id='word_1_24' title='bbox 281 501 373 541; x_wconf 76' lang='lat' dir='ltr'>Resp.</span> <span class='ocrx_word' id='word_1_25' title='bbox 392 501 430 531; x_wconf 81' lang='lat' dir='ltr'>ad</span> <span class='ocrx_word' id='word_1_26' title='bbox 448 509 520 539; x_wconf 83' lang='lat' dir='ltr'>arg.</span> <span class='ocrx_word' id='word_1_27' title='bbox 544 499 632 530; x_wconf 87' lang='lat' dir='ltr'>Sient</span> <span class='ocrx_word' id='word_1_28' title='bbox 653 498 728 529; x_wconf 89' lang='lat' dir='ltr'>dicit</span> <span class='ocrx_word' id='word_1_29' title='bbox 750 497 918 537; x_wconf 81' lang='lat' dir='ltr'>Magister,</span> <span class='ocrx_word' id='word_1_30' title='bbox 935 506 1012 538; x_wconf 91' lang='lat' dir='ltr'>quo-</span> 
     </span>
     <span class='ocr_line' id='line_1_9' title="bbox 240 550 1011 592; baseline -0.005 -7"><span class='ocrx_word' id='word_1_31' title='bbox 240 555 387 585; x_wconf 78' lang='lat' dir='ltr'>rumdam</span> <span class='ocrx_word' id='word_1_32' title='bbox 403 554 461 584; x_wconf 80' lang='lat' dir='ltr'>fuit</span> <span class='ocrx_word' id='word_1_33' title='bbox 476 553 587 592; x_wconf 87' lang='lat' dir='ltr'>positio</span> <span class='ocrx_word' id='word_1_34' title='bbox 601 556 620 590; x_wconf 89' lang='lat'>¹,</span> <span class='ocrx_word' id='word_1_35' title='bbox 639 551 723 592; x_wconf 85' lang='lat' dir='ltr'>quod</span> <span class='ocrx_word' id='word_1_36' title='bbox 743 561 807 582; x_wconf 89' lang='lat' dir='ltr'>nou</span> <span class='ocrx_word' id='word_1_37' title='bbox 827 553 873 582; x_wconf 88' lang='lat' dir='ltr'>est</span> <span class='ocrx_word' id='word_1_38' title='bbox 893 551 935 581; x_wconf 90' lang='lat' dir='ltr'>ibi</span> <span class='ocrx_word' id='word_1_39' title='bbox 953 550 1011 581; x_wconf 88' lang='lat' dir='ltr'>ali-</span> 
     </span>
     <span class='ocr_line' id='line_1_10' title="bbox 240 604 1012 649; baseline -0.005 -11"><span class='ocrx_word' id='word_1_40' title='bbox 240 617 304 649; x_wconf 88' lang='lat' dir='ltr'>qua</span> <span class='ocrx_word' id='word_1_41' title='bbox 321 606 500 643; x_wconf 73' lang='lat' dir='ltr'>conversio,</span> <span class='ocrx_word' id='word_1_42' title='bbox 517 605 571 636; x_wconf 89' lang='lat' dir='ltr'>sed</span> <span class='ocrx_word' id='word_1_43' title='bbox 589 605 629 635; x_wconf 85' lang='lat' dir='ltr'>ad</span> <span class='ocrx_word' id='word_1_44' title='bbox 649 604 881 635; x_wconf 79' lang='lat' dir='ltr'>invocationem</span> <span class='ocrx_word' id='word_1_45' title='bbox 898 604 1012 635; x_wconf 90' lang='lat' dir='ltr'>verbo-</span> 
     </span>
     <span class='ocr_line' id='line_1_11' title="bbox 239 658 1013 695; baseline -0.006 -3"><span class='ocrx_word' id='word_1_46' title='bbox 239 670 311 692; x_wconf 91' lang='lat' dir='ltr'>rum</span> <span class='ocrx_word' id='word_1_47' title='bbox 330 661 397 691; x_wconf 89' lang='lat' dir='ltr'>sine</span> <span class='ocrx_word' id='word_1_48' title='bbox 419 659 625 690; x_wconf 74' lang='lat' dir='ltr'>conversione</span> <span class='ocrx_word' id='word_1_49' title='bbox 645 660 679 688; x_wconf 83' lang='lat' dir='ltr'>fit</span> <span class='ocrx_word' id='word_1_50' title='bbox 699 658 807 689; x_wconf 89' lang='lat' dir='ltr'>divina</span> <span class='ocrx_word' id='word_1_51' title='bbox 821 658 960 695; x_wconf 79' lang='lat' dir='ltr'>virtute,</span> <span class='ocrx_word' id='word_1_52' title='bbox 977 659 1013 688; x_wconf 90' lang='lat' dir='ltr'>ut</span> 
     </span>
     <span class='ocr_line' id='line_1_12' title="bbox 239 711 1012 753; baseline -0.005 -8"><span class='ocrx_word' id='word_1_53' title='bbox 239 723 353 753; x_wconf 89' lang='lat' dir='ltr'>corpus</span> <span class='ocrx_word' id='word_1_54' title='bbox 367 712 480 743; x_wconf 83' lang='lat' dir='ltr'>Christi</span> <span class='ocrx_word' id='word_1_55' title='bbox 502 712 541 742; x_wconf 90' lang='lat' dir='ltr'>sit</span> <span class='ocrx_word' id='word_1_56' title='bbox 563 711 617 741; x_wconf 90' lang='lat' dir='ltr'>ibi.</span> <span class='ocrx_word' id='word_1_57' title='bbox 634 711 694 742; x_wconf 84' lang='lat' dir='ltr'>Sed</span> <span class='ocrx_word' id='word_1_58' title='bbox 718 711 786 741; x_wconf 84' lang='lat' dir='ltr'>haec</span> <span class='ocrx_word' id='word_1_59' title='bbox 806 711 920 751; x_wconf 89' lang='lat' dir='ltr'>positio</span> <span class='ocrx_word' id='word_1_60' title='bbox 936 720 1012 742; x_wconf 90' lang='lat' dir='ltr'>con-</span> 
     </span>
     <span class='ocr_line' id='line_1_13' title="bbox 238 765 1010 802; baseline -0.005 -4"><span class='ocrx_word' id='word_1_61' title='bbox 238 767 336 798; x_wconf 88' lang='lat' dir='ltr'>traria</span> <span class='ocrx_word' id='word_1_62' title='bbox 355 769 401 797; x_wconf 86' lang='lat' dir='ltr'>est</span> <span class='ocrx_word' id='word_1_63' title='bbox 421 765 600 797; x_wconf 78' lang='lat' dir='ltr'>auctoritati</span> <span class='ocrx_word' id='word_1_64' title='bbox 617 767 800 795; x_wconf 88' lang='lat' dir='ltr'>sanctorum</span> <span class='ocrx_word' id='word_1_65' title='bbox 813 789 820 802; x_wconf 87' lang='lat'>‚</span> <span class='ocrx_word' id='word_1_66' title='bbox 839 766 868 795; x_wconf 85' lang='lat' dir='ltr'>et</span> <span class='ocrx_word' id='word_1_67' title='bbox 883 765 1010 795; x_wconf 82' lang='lat' dir='ltr'>rationi.</span> 
     </span>
     <span class='ocr_line' id='line_1_14' title="bbox 240 818 1013 860; baseline -0.004 -9"><span class='ocrx_word' id='word_1_68' title='bbox 240 820 363 852; x_wconf 84' lang='lat' dir='ltr'>Rationi</span> <span class='ocrx_word' id='word_1_69' title='bbox 383 820 512 860; x_wconf 87' lang='lat' dir='ltr'>quidem</span> <span class='ocrx_word' id='word_1_70' title='bbox 527 844 534 857; x_wconf 90' lang='lat'>,</span> <span class='ocrx_word' id='word_1_71' title='bbox 552 819 626 859; x_wconf 91' lang='lat' dir='ltr'>quia</span> <span class='ocrx_word' id='word_1_72' title='bbox 641 819 744 849; x_wconf 82' lang='lat' dir='ltr'>aufert</span> <span class='ocrx_word' id='word_1_73' title='bbox 760 818 948 849; x_wconf 80' lang='lat' dir='ltr'>sacramenti</span> <span class='ocrx_word' id='word_1_74' title='bbox 961 827 1013 849; x_wconf 93' lang='lat' dir='ltr'>ve-</span> 
     </span>
     <span class='ocr_line' id='line_1_15' title="bbox 239 871 1013 912; baseline -0.003 -8"><span class='ocrx_word' id='word_1_75' title='bbox 239 874 365 904; x_wconf 85' lang='lat' dir='ltr'>ritatem</span> <span class='ocrx_word' id='word_1_76' title='bbox 378 898 386 912; x_wconf 90' lang='lat'>,</span> <span class='ocrx_word' id='word_1_77' title='bbox 406 873 673 912; x_wconf 83' lang='lat' dir='ltr'>congruitatatem</span> <span class='ocrx_word' id='word_1_78' title='bbox 686 874 716 902; x_wconf 90' lang='lat' dir='ltr'>et</span> <span class='ocrx_word' id='word_1_79' title='bbox 730 871 877 902; x_wconf 83' lang='lat' dir='ltr'>miraculi</span> <span class='ocrx_word' id='word_1_80' title='bbox 892 871 1013 902; x_wconf 88' lang='lat' dir='ltr'>utilita-</span> 
     </span>
     <span class='ocr_line' id='line_1_16' title="bbox 239 925 1013 966; baseline -0.005 -7"><span class='ocrx_word' id='word_1_81' title='bbox 239 930 314 959; x_wconf 87' lang='lat' dir='ltr'>tem.</span> <span class='ocrx_word' id='word_1_82' title='bbox 328 926 509 964; x_wconf 88' lang='lat' dir='ltr'>Veritatem,</span> <span class='ocrx_word' id='word_1_83' title='bbox 522 926 597 966; x_wconf 86' lang='lat' dir='ltr'>quia</span> <span class='ocrx_word' id='word_1_84' title='bbox 613 925 702 965; x_wconf 88' lang='lat' dir='ltr'>ponit</span> <span class='ocrx_word' id='word_1_85' title='bbox 716 934 756 956; x_wconf 79' lang='lat' dir='ltr'>ex</span> <span class='ocrx_word' id='word_1_86' title='bbox 771 925 831 956; x_wconf 91' lang='lat' dir='ltr'>hoc</span> <span class='ocrx_word' id='word_1_87' title='bbox 845 925 1013 956; x_wconf 80' lang='lat' dir='ltr'>salsitatem</span> 
     </span>
     <span class='ocr_line' id='line_1_17' title="bbox 239 979 1013 1011; baseline -0.001 0"><span class='ocrx_word' id='word_1_88' title='bbox 239 981 273 1011; x_wconf 92' lang='lat' dir='ltr'>in</span> <span class='ocrx_word' id='word_1_89' title='bbox 302 981 413 1011; x_wconf 87' lang='lat' dir='ltr'>forma.</span> <span class='ocrx_word' id='word_1_90' title='bbox 444 979 537 1010; x_wconf 87' lang='lat' dir='ltr'>Ponit</span> <span class='ocrx_word' id='word_1_91' title='bbox 567 979 662 1010; x_wconf 87' lang='lat' dir='ltr'>etiam</span> <span class='ocrx_word' id='word_1_92' title='bbox 692 979 902 1010; x_wconf 83' lang='lat' dir='ltr'>mutationem</span> <span class='ocrx_word' id='word_1_93' title='bbox 931 979 1013 1010; x_wconf 86' lang='lat' dir='ltr'>circa</span> 
     </span>
     <span class='ocr_line' id='line_1_18' title="bbox 240 1032 1012 1071; baseline -0.004 -6"><span class='ocrx_word' id='word_1_94' title='bbox 240 1034 353 1065; x_wconf 82' lang='lat' dir='ltr'>Christi</span> <span class='ocrx_word' id='word_1_95' title='bbox 377 1033 605 1070; x_wconf 77' lang='lat' dir='ltr'>substantiam,</span> <span class='ocrx_word' id='word_1_96' title='bbox 622 1033 702 1063; x_wconf 86' lang='lat' dir='ltr'>sicut</span> <span class='ocrx_word' id='word_1_97' title='bbox 720 1032 891 1071; x_wconf 89' lang='lat' dir='ltr'>probatum</span> <span class='ocrx_word' id='word_1_98' title='bbox 915 1034 960 1063; x_wconf 89' lang='lat' dir='ltr'>est</span> <span class='ocrx_word' id='word_1_99' title='bbox 980 1033 1012 1062; x_wconf 91' lang='lat' dir='ltr'>in</span> 
     </span>
     <span class='ocr_line' id='line_1_19' title="bbox 241 1086 1013 1128; baseline -0.004 -9"><span class='ocrx_word' id='word_1_100' title='bbox 241 1088 437 1128; x_wconf 87' lang='lat' dir='ltr'>opponendo.</span> <span class='ocrx_word' id='word_1_101' title='bbox 461 1087 698 1125; x_wconf 84' lang='lat' dir='ltr'>Congruitatem</span> <span class='ocrx_word' id='word_1_102' title='bbox 722 1086 818 1124; x_wconf 90' lang='lat' dir='ltr'>tollit,</span> <span class='ocrx_word' id='word_1_103' title='bbox 843 1086 919 1125; x_wconf 84' lang='lat' dir='ltr'>quia</span> <span class='ocrx_word' id='word_1_104' title='bbox 939 1095 1013 1117; x_wconf 88' lang='lat' dir='ltr'>cum</span> 
     </span>
     <span class='ocr_line' id='line_1_20' title="bbox 242 1139 1013 1180; baseline -0.005 -7"><span class='ocrx_word' id='word_1_105' title='bbox 242 1144 348 1173; x_wconf 88' lang='lat' dir='ltr'>manet</span> <span class='ocrx_word' id='word_1_106' title='bbox 369 1142 413 1172; x_wconf 86' lang='lat' dir='ltr'>ihi</span> <span class='ocrx_word' id='word_1_107' title='bbox 436 1141 541 1180; x_wconf 86' lang='lat' dir='ltr'>panis,</span> <span class='ocrx_word' id='word_1_108' title='bbox 560 1149 624 1170; x_wconf 88' lang='lat' dir='ltr'>non</span> <span class='ocrx_word' id='word_1_109' title='bbox 643 1142 688 1170; x_wconf 88' lang='lat' dir='ltr'>est</span> <span class='ocrx_word' id='word_1_110' title='bbox 704 1140 781 1170; x_wconf 77' lang='lat' dir='ltr'>adeo</span> <span class='ocrx_word' id='word_1_111' title='bbox 800 1139 964 1170; x_wconf 81' lang='lat' dir='ltr'>ductivum</span> <span class='ocrx_word' id='word_1_112' title='bbox 980 1140 1013 1170; x_wconf 92' lang='lat' dir='ltr'>in</span> 
     </span>
     <span class='ocr_line' id='line_1_21' title="bbox 241 1193 1014 1233; baseline -0.005 -6"><span class='ocrx_word' id='word_1_113' title='bbox 241 1196 392 1233; x_wconf 87' lang='lat' dir='ltr'>alterum,</span> <span class='ocrx_word' id='word_1_114' title='bbox 410 1196 489 1226; x_wconf 84' lang='lat' dir='ltr'>sieut</span> <span class='ocrx_word' id='word_1_115' title='bbox 511 1204 585 1225; x_wconf 89' lang='lat' dir='ltr'>cum</span> <span class='ocrx_word' id='word_1_116' title='bbox 607 1195 737 1224; x_wconf 80' lang='lat' dir='ltr'>manent</span> <span class='ocrx_word' id='word_1_117' title='bbox 759 1193 824 1223; x_wconf 85' lang='lat' dir='ltr'>sola</span> <span class='ocrx_word' id='word_1_118' title='bbox 843 1193 1014 1223; x_wconf 86' lang='lat' dir='ltr'>accidentia</span> 
     </span>
     <span class='ocr_line' id='line_1_22' title="bbox 241 1249 1011 1289; baseline -0.004 -10"><span class='ocrx_word' id='word_1_119' title='bbox 241 1259 310 1289; x_wconf 70' lang='lat' dir='ltr'>quae</span> <span class='ocrx_word' id='word_1_120' title='bbox 325 1249 517 1288; x_wconf 78' lang='lat' dir='ltr'>dependent,</span> <span class='ocrx_word' id='word_1_121' title='bbox 534 1250 563 1278; x_wconf 90' lang='lat' dir='ltr'>et</span> <span class='ocrx_word' id='word_1_122' title='bbox 578 1257 634 1287; x_wconf 88' lang='lat' dir='ltr'>per</span> <span class='ocrx_word' id='word_1_123' title='bbox 649 1257 681 1278; x_wconf 82' lang='lat' dir='ltr'>se</span> <span class='ocrx_word' id='word_1_124' title='bbox 695 1249 779 1277; x_wconf 85' lang='lat' dir='ltr'>stare</span> <span class='ocrx_word' id='word_1_125' title='bbox 793 1256 855 1277; x_wconf 92' lang='lat' dir='ltr'>non</span> <span class='ocrx_word' id='word_1_126' title='bbox 870 1249 1011 1287; x_wconf 84' lang='lat' dir='ltr'>possunt.</span> 
     </span>
     <span class='ocr_line' id='line_1_23' title="bbox 242 1301 1014 1340; baseline -0.004 -7"><span class='ocrx_word' id='word_1_127' title='bbox 242 1302 412 1333; x_wconf 80' lang='lat' dir='ltr'>Utilitatem</span> <span class='ocrx_word' id='word_1_128' title='bbox 437 1302 552 1339; x_wconf 90' lang='lat' dir='ltr'>etiam,</span> <span class='ocrx_word' id='word_1_129' title='bbox 577 1301 652 1340; x_wconf 77' lang='lat' dir='ltr'>quia</span> <span class='ocrx_word' id='word_1_130' title='bbox 672 1301 747 1330; x_wconf 89' lang='lat' dir='ltr'>dum</span> <span class='ocrx_word' id='word_1_131' title='bbox 773 1303 960 1340; x_wconf 83' lang='lat' dir='ltr'>potestatem</span> <span class='ocrx_word' id='word_1_132' title='bbox 984 1302 1014 1330; x_wconf 88' lang='lat' dir='ltr'>et</span> 
     </span>
     <span class='ocr_line' id='line_1_24' title="bbox 242 1353 1011 1394; baseline -0.004 -8"><span class='ocrx_word' id='word_1_133' title='bbox 242 1356 395 1386; x_wconf 88' lang='lat' dir='ltr'>rationem</span> <span class='ocrx_word' id='word_1_134' title='bbox 429 1355 541 1394; x_wconf 80' lang='lat' dir='ltr'>quaerit</span> <span class='ocrx_word' id='word_1_135' title='bbox 562 1378 570 1392; x_wconf 89' lang='lat'>,</span> <span class='ocrx_word' id='word_1_136' title='bbox 602 1354 714 1384; x_wconf 86' lang='lat' dir='ltr'>minuit</span> <span class='ocrx_word' id='word_1_137' title='bbox 748 1353 895 1384; x_wconf 86' lang='lat' dir='ltr'>meritum</span> <span class='ocrx_word' id='word_1_138' title='bbox 928 1353 1011 1384; x_wconf 84' lang='lat' dir='ltr'>fidei.</span> 
     </span>
     <span class='ocr_line' id='line_1_25' title="bbox 242 1406 1011 1448; baseline -0.004 -9"><span class='ocrx_word' id='word_1_139' title='bbox 242 1408 374 1448; x_wconf 76' lang='lat' dir='ltr'>Propter</span> <span class='ocrx_word' id='word_1_140' title='bbox 388 1409 457 1439; x_wconf 83' lang='lat' dir='ltr'>haec</span> <span class='ocrx_word' id='word_1_141' title='bbox 472 1416 549 1447; x_wconf 90' lang='lat' dir='ltr'>ergo</span> <span class='ocrx_word' id='word_1_142' title='bbox 566 1408 635 1438; x_wconf 76' lang='lat' dir='ltr'>haee</span> <span class='ocrx_word' id='word_1_143' title='bbox 651 1406 762 1446; x_wconf 80' lang='lat' dir='ltr'>positio</span> <span class='ocrx_word' id='word_1_144' title='bbox 778 1408 824 1437; x_wconf 91' lang='lat' dir='ltr'>est</span> <span class='ocrx_word' id='word_1_145' title='bbox 843 1406 1011 1446; x_wconf 84' lang='lat' dir='ltr'>reproban-</span> 
     </span>
     <span class='ocr_line' id='line_1_26' title="bbox 242 1459 1014 1498; baseline -0.004 -6"><span class='ocrx_word' id='word_1_146' title='bbox 242 1462 282 1492; x_wconf 86' lang='lat' dir='ltr'>da</span> <span class='ocrx_word' id='word_1_147' title='bbox 293 1486 301 1498; x_wconf 86' lang='lat'>,</span> <span class='ocrx_word' id='word_1_148' title='bbox 318 1465 347 1492; x_wconf 91' lang='lat' dir='ltr'>et</span> <span class='ocrx_word' id='word_1_149' title='bbox 364 1462 523 1492; x_wconf 88' lang='lat' dir='ltr'>neminem</span> <span class='ocrx_word' id='word_1_150' title='bbox 546 1461 640 1491; x_wconf 83' lang='lat' dir='ltr'>habet</span> <span class='ocrx_word' id='word_1_151' title='bbox 663 1469 703 1490; x_wconf 77' lang='lat' dir='ltr'>ex</span> <span class='ocrx_word' id='word_1_152' title='bbox 719 1460 895 1490; x_wconf 82' lang='lat' dir='ltr'>doctoribus</span> <span class='ocrx_word' id='word_1_153' title='bbox 910 1459 1014 1490; x_wconf 81' lang='lat' dir='ltr'>defen-</span> 
     </span>
     <span class='ocr_line' id='line_1_27' title="bbox 242 1512 1014 1552; baseline -0.004 -7"><span class='ocrx_word' id='word_1_154' title='bbox 242 1524 358 1545; x_wconf 87' lang='lat' dir='ltr'>sorem.</span> <span class='ocrx_word' id='word_1_155' title='bbox 372 1514 438 1545; x_wconf 89' lang='lat' dir='ltr'>Imo</span> <span class='ocrx_word' id='word_1_156' title='bbox 454 1514 665 1544; x_wconf 86' lang='lat' dir='ltr'>communiter</span> <span class='ocrx_word' id='word_1_157' title='bbox 676 1514 760 1543; x_wconf 84' lang='lat' dir='ltr'>tenet</span> <span class='ocrx_word' id='word_1_158' title='bbox 774 1512 920 1550; x_wconf 82' lang='lat' dir='ltr'>Ecclesia,</span> <span class='ocrx_word' id='word_1_159' title='bbox 933 1512 1014 1552; x_wconf 87' lang='lat' dir='ltr'>quod</span> 
     </span>
     <span class='ocr_line' id='line_1_28' title="bbox 243 1566 1011 1606; baseline -0.004 -7"><span class='ocrx_word' id='word_1_160' title='bbox 243 1570 289 1599; x_wconf 83' lang='lat' dir='ltr'>est</span> <span class='ocrx_word' id='word_1_161' title='bbox 312 1568 355 1598; x_wconf 89' lang='lat' dir='ltr'>ibi</span> <span class='ocrx_word' id='word_1_162' title='bbox 380 1568 543 1598; x_wconf 81' lang='lat' dir='ltr'>conversio</span> <span class='ocrx_word' id='word_1_163' title='bbox 566 1568 654 1606; x_wconf 85' lang='lat' dir='ltr'>panis</span> <span class='ocrx_word' id='word_1_164' title='bbox 680 1566 714 1596; x_wconf 90' lang='lat' dir='ltr'>in</span> <span class='ocrx_word' id='word_1_165' title='bbox 736 1575 851 1605; x_wconf 86' lang='lat' dir='ltr'>corpus</span> <span class='ocrx_word' id='word_1_166' title='bbox 873 1566 986 1597; x_wconf 88' lang='lat' dir='ltr'>Christi</span> <span class='ocrx_word' id='word_1_167' title='bbox 1004 1577 1011 1603; x_wconf 92' lang='lat'>;</span> 
     </span>
     <span class='ocr_line' id='line_1_29' title="bbox 244 1619 1013 1662; baseline -0.007 -8"><span class='ocrx_word' id='word_1_168' title='bbox 244 1632 324 1660; x_wconf 77' lang='lat' dir='ltr'>non,</span> <span class='ocrx_word' id='word_1_169' title='bbox 342 1623 490 1662; x_wconf 81' lang='lat' dir='ltr'>inquam,</span> <span class='ocrx_word' id='word_1_170' title='bbox 515 1622 548 1652; x_wconf 91' lang='lat' dir='ltr'>in</span> <span class='ocrx_word' id='word_1_171' title='bbox 570 1623 693 1661; x_wconf 80' lang='lat' dir='ltr'>partem</span> <span class='ocrx_word' id='word_1_172' title='bbox 714 1620 854 1660; x_wconf 87' lang='lat' dir='ltr'>corporis</span> <span class='ocrx_word' id='word_1_173' title='bbox 870 1644 879 1657; x_wconf 92' lang='lat'>,</span> <span class='ocrx_word' id='word_1_174' title='bbox 904 1619 958 1650; x_wconf 87' lang='lat' dir='ltr'>sed</span> <span class='ocrx_word' id='word_1_175' title='bbox 981 1620 1013 1650; x_wconf 92' lang='lat' dir='ltr'>in</span> 
     </span>
     <span class='ocr_line' id='line_1_30' title="bbox 244 1678 357 1707; baseline 0.009 -1"><span class='ocrx_word' id='word_1_176' title='bbox 244 1678 357 1707; x_wconf 85' lang='lat' dir='ltr'>totum.</span> 
     </span>
    </p>

    <p class='ocr_par' dir='ltr' id='par_1_6' title="bbox 242 1726 1015 2407">
     <span class='ocr_line' id='line_1_31' title="bbox 284 1726 1014 1766; baseline -0.005 -6"><span class='ocrx_word' id='word_1_177' title='bbox 284 1732 298 1759; x_wconf 83' lang='lat'><strong>1</strong></span> <span class='ocrx_word' id='word_1_178' title='bbox 319 1732 348 1760; x_wconf 89' lang='lat' dir='ltr'>et</span> <span class='ocrx_word' id='word_1_179' title='bbox 368 1731 397 1760; x_wconf 72' lang='lat'>2.</span> <span class='ocrx_word' id='word_1_180' title='bbox 424 1729 471 1760; x_wconf 88' lang='lat' dir='ltr'>Ad</span> <span class='ocrx_word' id='word_1_181' title='bbox 491 1728 568 1759; x_wconf 89' lang='lat' dir='ltr'>illud</span> <span class='ocrx_word' id='word_1_182' title='bbox 589 1735 668 1766; x_wconf 84' lang='lat' dir='ltr'>ergo</span> <span class='ocrx_word' id='word_1_183' title='bbox 686 1727 772 1766; x_wconf 83' lang='lat' dir='ltr'>quod</span> <span class='ocrx_word' id='word_1_184' title='bbox 791 1726 938 1765; x_wconf 75' lang='lat' dir='ltr'>oincitur</span> <span class='ocrx_word' id='word_1_185' title='bbox 953 1727 1014 1766; x_wconf 87' lang='lat' dir='ltr'>pri-</span> 
     </span>
     <span class='ocr_line' id='line_1_32' title="bbox 243 1779 1014 1820; baseline -0.005 -6"><span class='ocrx_word' id='word_1_186' title='bbox 243 1792 296 1814; x_wconf 89' lang='lat' dir='ltr'>mo</span> <span class='ocrx_word' id='word_1_187' title='bbox 306 1783 344 1813; x_wconf 90' lang='lat' dir='ltr'>de</span> <span class='ocrx_word' id='word_1_188' title='bbox 354 1783 452 1814; x_wconf 88' lang='lat' dir='ltr'>verbo</span> <span class='ocrx_word' id='word_1_189' title='bbox 467 1781 624 1820; x_wconf 79' lang='lat' dir='ltr'>Gregorii,</span> <span class='ocrx_word' id='word_1_190' title='bbox 641 1779 806 1811; x_wconf 85' lang='lat' dir='ltr'>dicendum</span> <span class='ocrx_word' id='word_1_191' title='bbox 817 1779 896 1819; x_wconf 82' lang='lat' dir='ltr'>quod</span> <span class='ocrx_word' id='word_1_192' title='bbox 910 1788 1014 1810; x_wconf 88' lang='lat' dir='ltr'>sermo</span> 
     </span>
     <span class='ocr_line' id='line_1_33' title="bbox 242 1833 1012 1875; baseline -0.006 -7"><span class='ocrx_word' id='word_1_193' title='bbox 242 1837 293 1867; x_wconf 92' lang='lat' dir='ltr'>ille</span> <span class='ocrx_word' id='word_1_194' title='bbox 317 1839 364 1868; x_wconf 88' lang='lat' dir='ltr'>est</span> <span class='ocrx_word' id='word_1_195' title='bbox 384 1836 540 1875; x_wconf 82' lang='lat' dir='ltr'>tropicus,</span> <span class='ocrx_word' id='word_1_196' title='bbox 559 1837 590 1865; x_wconf 89' lang='lat' dir='ltr'>et</span> <span class='ocrx_word' id='word_1_197' title='bbox 611 1834 759 1864; x_wconf 89' lang='lat' dir='ltr'>dicuntur</span> <span class='ocrx_word' id='word_1_198' title='bbox 783 1833 853 1864; x_wconf 85' lang='lat' dir='ltr'>coeli</span> <span class='ocrx_word' id='word_1_199' title='bbox 876 1833 1012 1873; x_wconf 87' lang='lat' dir='ltr'>aperiri,</span> 
     </span>
     <span class='ocr_line' id='line_1_34' title="bbox 242 1886 1015 1931; baseline -0.006 -10"><span class='ocrx_word' id='word_1_200' title='bbox 242 1891 317 1931; x_wconf 87' lang='lat' dir='ltr'>quia</span> <span class='ocrx_word' id='word_1_201' title='bbox 331 1890 439 1922; x_wconf 89' lang='lat' dir='ltr'>divina</span> <span class='ocrx_word' id='word_1_202' title='bbox 458 1889 582 1920; x_wconf 80' lang='lat' dir='ltr'>bonitas</span> <span class='ocrx_word' id='word_1_203' title='bbox 599 1888 691 1926; x_wconf 85' lang='lat' dir='ltr'>large</span> <span class='ocrx_word' id='word_1_204' title='bbox 710 1886 800 1917; x_wconf 89' lang='lat' dir='ltr'>nobis</span> <span class='ocrx_word' id='word_1_205' title='bbox 818 1888 895 1917; x_wconf 87' lang='lat' dir='ltr'>tunc</span> <span class='ocrx_word' id='word_1_206' title='bbox 907 1886 1015 1916; x_wconf 86' lang='lat' dir='ltr'>tribuit</span> 
     </span>
     <span class='ocr_line' id='line_1_35' title="bbox 243 1939 1015 1984; baseline -0.006 -10"><span class='ocrx_word' id='word_1_207' title='bbox 243 1953 356 1984; x_wconf 86' lang='lat' dir='ltr'>panem</span> <span class='ocrx_word' id='word_1_208' title='bbox 371 1942 539 1973; x_wconf 70' lang='lat' dir='ltr'>coelestem.</span> <span class='ocrx_word' id='word_1_209' title='bbox 565 1940 698 1971; x_wconf 89' lang='lat' dir='ltr'>Summa</span> <span class='ocrx_word' id='word_1_210' title='bbox 723 1940 819 1970; x_wconf 85' lang='lat' dir='ltr'>etiam</span> <span class='ocrx_word' id='word_1_211' title='bbox 840 1943 870 1970; x_wconf 87' lang='lat' dir='ltr'>et</span> <span class='ocrx_word' id='word_1_212' title='bbox 883 1939 948 1970; x_wconf 88' lang='lat' dir='ltr'>ima</span> <span class='ocrx_word' id='word_1_213' title='bbox 966 1939 1015 1970; x_wconf 87' lang='lat' dir='ltr'>di-</span> 
     </span>
     <span class='ocr_line' id='line_1_36' title="bbox 243 1992 1014 2034; baseline -0.004 -7"><span class='ocrx_word' id='word_1_214' title='bbox 243 1998 358 2027; x_wconf 90' lang='lat' dir='ltr'>cuntur</span> <span class='ocrx_word' id='word_1_215' title='bbox 378 1995 489 2026; x_wconf 86' lang='lat' dir='ltr'>sociari</span> <span class='ocrx_word' id='word_1_216' title='bbox 508 1996 635 2034; x_wconf 86' lang='lat' dir='ltr'>propter</span> <span class='ocrx_word' id='word_1_217' title='bbox 649 1993 788 2033; x_wconf 88' lang='lat' dir='ltr'>corporis</span> <span class='ocrx_word' id='word_1_218' title='bbox 803 1992 916 2023; x_wconf 88' lang='lat' dir='ltr'>Christi</span> <span class='ocrx_word' id='word_1_219' title='bbox 930 2002 1014 2033; x_wconf 82' lang='lat' dir='ltr'>prae·</span> 
     </span>
     <span class='ocr_line' id='line_1_37' title="bbox 243 2046 1014 2086; baseline -0.005 -6"><span class='ocrx_word' id='word_1_220' title='bbox 243 2050 389 2080; x_wconf 85' lang='lat' dir='ltr'>sentiam.</span> <span class='ocrx_word' id='word_1_221' title='bbox 413 2049 451 2079; x_wconf 89' lang='lat' dir='ltr'>Et</span> <span class='ocrx_word' id='word_1_222' title='bbox 473 2056 583 2078; x_wconf 83' lang='lat' dir='ltr'>rursus</span> <span class='ocrx_word' id='word_1_223' title='bbox 611 2056 666 2086; x_wconf 87' lang='lat' dir='ltr'>per</span> <span class='ocrx_word' id='word_1_224' title='bbox 692 2055 803 2077; x_wconf 89' lang='lat' dir='ltr'>manus</span> <span class='ocrx_word' id='word_1_225' title='bbox 825 2046 1014 2084; x_wconf 86' lang='lat' dir='ltr'>angelorum</span> 
     </span>
     <span class='ocr_line' id='line_1_38' title="bbox 242 2099 1014 2140; baseline -0.005 -7"><span class='ocrx_word' id='word_1_226' title='bbox 242 2103 354 2133; x_wconf 89' lang='lat' dir='ltr'>dieitur</span> <span class='ocrx_word' id='word_1_227' title='bbox 368 2102 481 2132; x_wconf 86' lang='lat' dir='ltr'>deferri</span> <span class='ocrx_word' id='word_1_228' title='bbox 496 2102 650 2140; x_wconf 86' lang='lat' dir='ltr'>quantum</span> <span class='ocrx_word' id='word_1_229' title='bbox 667 2099 705 2130; x_wconf 87' lang='lat' dir='ltr'>ad</span> <span class='ocrx_word' id='word_1_230' title='bbox 720 2099 919 2130; x_wconf 89' lang='lat' dir='ltr'>devotionem</span> <span class='ocrx_word' id='word_1_231' title='bbox 941 2099 1014 2130; x_wconf 80' lang='lat' dir='ltr'>offe-</span> 
     </span>
     <span class='ocr_line' id='line_1_39' title="bbox 242 2152 1014 2194; baseline -0.004 -8"><span class='ocrx_word' id='word_1_232' title='bbox 242 2156 354 2193; x_wconf 87' lang='lat' dir='ltr'>rentis,</span> <span class='ocrx_word' id='word_1_233' title='bbox 369 2155 424 2194; x_wconf 88' lang='lat' dir='ltr'>qui</span> <span class='ocrx_word' id='word_1_234' title='bbox 440 2154 534 2184; x_wconf 88' lang='lat' dir='ltr'>mittit</span> <span class='ocrx_word' id='word_1_235' title='bbox 549 2153 738 2183; x_wconf 86' lang='lat' dir='ltr'>sacrificium</span> <span class='ocrx_word' id='word_1_236' title='bbox 753 2154 784 2183; x_wconf 90' lang='lat' dir='ltr'>et</span> <span class='ocrx_word' id='word_1_237' title='bbox 793 2152 968 2183; x_wconf 86' lang='lat' dir='ltr'>orationem</span> <span class='ocrx_word' id='word_1_238' title='bbox 980 2153 1014 2183; x_wconf 91' lang='lat' dir='ltr'>in</span> 
     </span>
     <span class='ocr_line' id='line_1_40' title="bbox 243 2205 1013 2247; baseline -0.005 -8"><span class='ocrx_word' id='word_1_239' title='bbox 243 2208 375 2245; x_wconf 88' lang='lat' dir='ltr'>coelum,</span> <span class='ocrx_word' id='word_1_240' title='bbox 398 2210 495 2247; x_wconf 85' lang='lat' dir='ltr'>quam</span> <span class='ocrx_word' id='word_1_241' title='bbox 520 2206 560 2236; x_wconf 84' lang='lat' dir='ltr'>ad</span> <span class='ocrx_word' id='word_1_242' title='bbox 584 2206 716 2244; x_wconf 81' lang='lat' dir='ltr'>angelos</span> <span class='ocrx_word' id='word_1_243' title='bbox 740 2207 857 2245; x_wconf 79' lang='lat' dir='ltr'>spectat</span> <span class='ocrx_word' id='word_1_244' title='bbox 880 2205 1013 2236; x_wconf 90' lang='lat' dir='ltr'>Domino</span> 
     </span>
     <span class='ocr_line' id='line_1_41' title="bbox 243 2258 1014 2302; baseline -0.003 -10"><span class='ocrx_word' id='word_1_245' title='bbox 243 2263 435 2302; x_wconf 75' lang='lat' dir='ltr'>praesentare</span> <span class='ocrx_word' id='word_1_246' title='bbox 458 2271 464 2290; x_wconf 79' lang='lat'>2</span> <span class='ocrx_word' id='word_1_247' title='bbox 489 2259 542 2290; x_wconf 86' lang='lat' dir='ltr'>sed</span> <span class='ocrx_word' id='word_1_248' title='bbox 567 2259 627 2289; x_wconf 89' lang='lat' dir='ltr'>hoc</span> <span class='ocrx_word' id='word_1_249' title='bbox 651 2259 683 2288; x_wconf 91' lang='lat' dir='ltr'>in</span> <span class='ocrx_word' id='word_1_250' title='bbox 704 2258 891 2289; x_wconf 81' lang='lat' dir='ltr'>litteralibus</span> <span class='ocrx_word' id='word_1_251' title='bbox 913 2258 1014 2290; x_wconf 89' lang='lat' dir='ltr'>dubiis</span> 
     </span>
     <span class='ocr_line' id='line_1_42' title="bbox 242 2311 1012 2355; baseline -0.005 -10"><span class='ocrx_word' id='word_1_252' title='bbox 242 2315 370 2355; x_wconf 85' lang='lat' dir='ltr'>patebit.</span> <span class='ocrx_word' id='word_1_253' title='bbox 388 2313 473 2351; x_wconf 80' lang='lat' dir='ltr'>Quod</span> <span class='ocrx_word' id='word_1_254' title='bbox 493 2314 597 2343; x_wconf 83' lang='lat' dir='ltr'>autem</span> <span class='ocrx_word' id='word_1_255' title='bbox 618 2312 691 2341; x_wconf 89' lang='lat' dir='ltr'>dicit</span> <span class='ocrx_word' id='word_1_256' title='bbox 715 2311 942 2350; x_wconf 85' lang='lat' dir='ltr'>Damascenus,</span> <span class='ocrx_word' id='word_1_257' title='bbox 960 2312 1012 2353; x_wconf 87' lang='lat' dir='ltr'>in-</span> 
     </span>
     <span class='ocr_line' id='line_1_43' title="bbox 242 2365 1013 2407; baseline -0.004 -8"><span class='ocrx_word' id='word_1_258' title='bbox 242 2368 452 2407; x_wconf 84' lang='lat' dir='ltr'>telligendum</span> <span class='ocrx_word' id='word_1_259' title='bbox 473 2369 520 2397; x_wconf 84' lang='lat' dir='ltr'>est</span> <span class='ocrx_word' id='word_1_260' title='bbox 543 2368 700 2406; x_wconf 89' lang='lat' dir='ltr'>quantum</span> <span class='ocrx_word' id='word_1_261' title='bbox 724 2366 763 2395; x_wconf 84' lang='lat' dir='ltr'>ad</span> <span class='ocrx_word' id='word_1_262' title='bbox 787 2365 1013 2397; x_wconf 88' lang='lat' dir='ltr'>continentiam</span> 
     </span>
    </p>

    <p class='ocr_par' dir='ltr' id='par_1_7' title="bbox 243 2445 1013 2547">
     <span class='ocr_line' id='line_1_44' title="bbox 275 2445 1013 2478; baseline -0.001 -7"><span class='ocrx_word' id='word_1_263' title='bbox 275 2447 393 2472; x_wconf 88' lang='lat' dir='ltr'>¹Scilicet</span> <span class='ocrx_word' id='word_1_264' title='bbox 409 2447 525 2478; x_wconf 77' lang='lat' dir='ltr'>imperti,</span> <span class='ocrx_word' id='word_1_265' title='bbox 541 2446 604 2470; x_wconf 80' lang='lat' dir='ltr'>Abb.</span> <span class='ocrx_word' id='word_1_266' title='bbox 622 2445 761 2475; x_wconf 64' lang='lat' dir='ltr'>Valeriani,</span> <span class='ocrx_word' id='word_1_267' title='bbox 775 2446 847 2470; x_wconf 83' lang='lat' dir='ltr'>Joan.</span> <span class='ocrx_word' id='word_1_268' title='bbox 866 2446 1013 2470; x_wconf 83' lang='lat' dir='ltr'>Parisiensis</span> 
     </span>
     <span class='ocr_line' id='line_1_45' title="bbox 243 2482 1012 2512; baseline -0.001 -6"><span class='ocrx_word' id='word_1_269' title='bbox 243 2485 268 2507; x_wconf 86' lang='lat' dir='ltr'>et</span> <span class='ocrx_word' id='word_1_270' title='bbox 278 2484 353 2506; x_wconf 86' lang='lat' dir='ltr'>etiam</span> <span class='ocrx_word' id='word_1_271' title='bbox 370 2483 481 2507; x_wconf 68' lang='lat' dir='ltr'>Luthvii.</span> <span class='ocrx_word' id='word_1_272' title='bbox 500 2483 557 2507; x_wconf 85' lang='lat' dir='ltr'>Vid.</span> <span class='ocrx_word' id='word_1_273' title='bbox 568 2489 633 2506; x_wconf 75' lang='lat' dir='ltr'>conc.</span> <span class='ocrx_word' id='word_1_274' title='bbox 647 2482 748 2505; x_wconf 62' lang='lat' dir='ltr'>Latum.</span> <span class='ocrx_word' id='word_1_275' title='bbox 764 2487 797 2511; x_wconf 79' lang='lat' dir='ltr'>iv,</span> <span class='ocrx_word' id='word_1_276' title='bbox 811 2489 866 2505; x_wconf 80' lang='lat' dir='ltr'>ean.</span> <span class='ocrx_word' id='word_1_277' title='bbox 879 2484 901 2509; x_wconf 70' lang='lat'>2,</span> <span class='ocrx_word' id='word_1_278' title='bbox 918 2488 974 2512; x_wconf 83' lang='lat' dir='ltr'>cap.</span> <span class='ocrx_word' id='word_1_279' title='bbox 988 2488 1012 2505; x_wconf 78' lang='lat' dir='ltr'>iv</span> 
     </span>
     <span class='ocr_line' id='line_1_46' title="bbox 244 2517 1013 2547; baseline -0.003 -5"><span class='ocrx_word' id='word_1_280' title='bbox 244 2519 268 2541; x_wconf 70' lang='lat' dir='ltr'>vt</span> <span class='ocrx_word' id='word_1_281' title='bbox 282 2518 419 2542; x_wconf 70' lang='lat' dir='ltr'>Concilium</span> <span class='ocrx_word' id='word_1_282' title='bbox 437 2518 513 2545; x_wconf 68' lang='lat' dir='ltr'>T1·1·‹I.‚</span> <span class='ocrx_word' id='word_1_283' title='bbox 531 2525 594 2541; x_wconf 79' lang='lat' dir='ltr'>sess.</span> <span class='ocrx_word' id='word_1_284' title='bbox 612 2523 668 2541; x_wconf 77' lang='lat' dir='ltr'>xiii.</span> <span class='ocrx_word' id='word_1_285' title='bbox 685 2524 740 2540; x_wconf 82' lang='lat' dir='ltr'>can.</span> <span class='ocrx_word' id='word_1_286' title='bbox 758 2518 787 2547; x_wconf 78' lang='lat'>23</span> <span class='ocrx_word' id='word_1_287' title='bbox 803 2517 836 2540; x_wconf 82' lang='lat' dir='ltr'>De</span> <span class='ocrx_word' id='word_1_288' title='bbox 850 2524 913 2540; x_wconf 78' lang='lat' dir='ltr'>sum.</span> <span class='ocrx_word' id='word_1_289' title='bbox 933 2518 1013 2546; x_wconf 71' lang='lat' dir='ltr'>Trin..</span> 
     </span>
    </p>
   </div>
   <div class='ocr_carea' id='block_1_6' title="bbox 243 2552 1011 2621">
    <p class='ocr_par' dir='ltr' id='par_1_8' title="bbox 243 2552 1011 2621">
     <span class='ocr_line' id='line_1_47' title="bbox 243 2552 1011 2584; baseline 0.001 -9"><span class='ocrx_word' id='word_1_290' title='bbox 243 2560 265 2576; x_wconf 83' lang='lat' dir='ltr'>e.</span> <span class='ocrx_word' id='word_1_291' title='bbox 276 2553 404 2578; x_wconf 69' lang='lat' dir='ltr'>Firmiter.</span> <span class='ocrx_word' id='word_1_292' title='bbox 415 2568 444 2572; x_wconf 90' lang='lat'><em>-</em></span> <span class='ocrx_word' id='word_1_293' title='bbox 453 2555 463 2570; x_wconf 82' lang='lat'>‘²</span> <span class='ocrx_word' id='word_1_294' title='bbox 473 2554 513 2584; x_wconf 84' lang='lat' dir='ltr'>Cf.</span> <span class='ocrx_word' id='word_1_295' title='bbox 523 2554 595 2578; x_wconf 76' lang='lat' dir='ltr'>Alex.</span> <span class='ocrx_word' id='word_1_296' title='bbox 604 2553 733 2583; x_wconf 78' lang='lat' dir='ltr'>Ateus.,p.</span> <span class='ocrx_word' id='word_1_297' title='bbox 745 2552 787 2582; x_wconf 85' lang='lat' dir='ltr'>lv,</span> <span class='ocrx_word' id='word_1_298' title='bbox 799 2559 823 2583; x_wconf 84' lang='lat' dir='ltr'>q.</span> <span class='ocrx_word' id='word_1_299' title='bbox 833 2558 858 2582; x_wconf 78' lang='lat' dir='ltr'>x,</span> <span class='ocrx_word' id='word_1_300' title='bbox 868 2552 975 2576; x_wconf 86' lang='lat' dir='ltr'>membr.</span> <span class='ocrx_word' id='word_1_301' title='bbox 987 2554 1011 2583; x_wconf 81' lang='lat'>5,</span> 
     </span>
     <span class='ocr_line' id='line_1_48' title="bbox 244 2589 1011 2621; baseline 0.001 -10"><span class='ocrx_word' id='word_1_302' title='bbox 244 2591 289 2612; x_wconf 74' lang='lat' dir='ltr'>art.</span> <span class='ocrx_word' id='word_1_303' title='bbox 313 2591 335 2620; x_wconf 78' lang='lat'>4,</span> <span class='ocrx_word' id='word_1_304' title='bbox 357 2590 371 2620; x_wconf 65' lang='grc' dir='ltr'><strong>ἓ</strong></span> <span class='ocrx_word' id='word_1_305' title='bbox 389 2592 416 2621; x_wconf 77' lang='grc'>2;</span> <span class='ocrx_word' id='word_1_306' title='bbox 439 2592 465 2615; x_wconf 75' lang='lat' dir='ltr'>S.</span> <span class='ocrx_word' id='word_1_307' title='bbox 486 2590 605 2620; x_wconf 81' lang='lat' dir='ltr'>Thomas,</span> <span class='ocrx_word' id='word_1_308' title='bbox 625 2596 648 2620; x_wconf 76' lang='lat' dir='ltr'>p.</span> <span class='ocrx_word' id='word_1_309' title='bbox 667 2589 708 2619; x_wconf 81' lang='lat' dir='ltr'>lll,</span> <span class='ocrx_word' id='word_1_310' title='bbox 724 2596 748 2619; x_wconf 84' lang='lat' dir='ltr'>q.</span> <span class='ocrx_word' id='word_1_311' title='bbox 772 2594 848 2619; x_wconf 60' lang='lat' dir='ltr'>Lxxi‘,</span> <span class='ocrx_word' id='word_1_312' title='bbox 867 2591 913 2613; x_wconf 84' lang='lat' dir='ltr'>art.</span> <span class='ocrx_word' id='word_1_313' title='bbox 933 2590 963 2619; x_wconf 58' lang='grc' dir='ltr'>ἐς</span> <span class='ocrx_word' id='word_1_314' title='bbox 987 2591 1011 2612; x_wconf 87' lang='lat' dir='ltr'>et</span> 
     </span>
    </p>
   </div>
   <div class='ocr_carea' id='block_1_7' title="bbox 1067 177 1840 1649">
    <p class='ocr_par' dir='ltr' id='par_1_9' title="bbox 1067 177 1838 432">
     <span class='ocr_line' id='line_1_49' title="bbox 1067 177 1836 217; baseline 0.008 -9"><span class='ocrx_word' id='word_1_315' title='bbox 1067 179 1243 217; x_wconf 86' lang='lat' dir='ltr'>specierum</span> <span class='ocrx_word' id='word_1_316' title='bbox 1270 177 1464 217; x_wconf 89' lang='lat' dir='ltr'>visibilium,</span> <span class='ocrx_word' id='word_1_317' title='bbox 1485 178 1536 210; x_wconf 89' lang='lat' dir='ltr'>vel</span> <span class='ocrx_word' id='word_1_318' title='bbox 1560 179 1593 210; x_wconf 87' lang='lat' dir='ltr'>in</span> <span class='ocrx_word' id='word_1_319' title='bbox 1615 181 1737 213; x_wconf 83' lang='lat' dir='ltr'>ratione</span> <span class='ocrx_word' id='word_1_320' title='bbox 1759 190 1836 214; x_wconf 84' lang='lat' dir='ltr'>eon-</span> 
     </span>
     <span class='ocr_line' id='line_1_50' title="bbox 1067 231 1835 274; baseline 0.008 -13"><span class='ocrx_word' id='word_1_321' title='bbox 1067 231 1222 262; x_wconf 86' lang='lat' dir='ltr'>versionis</span> <span class='ocrx_word' id='word_1_322' title='bbox 1236 231 1420 262; x_wconf 76' lang='lat' dir='ltr'>substantiae</span> <span class='ocrx_word' id='word_1_323' title='bbox 1432 231 1542 272; x_wconf 88' lang='lat' dir='ltr'>panis,</span> <span class='ocrx_word' id='word_1_324' title='bbox 1559 235 1634 272; x_wconf 87' lang='lat' dir='ltr'>quia</span> <span class='ocrx_word' id='word_1_325' title='bbox 1654 234 1744 274; x_wconf 83' lang='lat' dir='ltr'>panis</span> <span class='ocrx_word' id='word_1_326' title='bbox 1758 244 1835 267; x_wconf 90' lang='lat' dir='ltr'>con-</span> 
     </span>
     <span class='ocr_line' id='line_1_51' title="bbox 1067 284 1835 328; baseline 0.005 -14"><span class='ocrx_word' id='word_1_327' title='bbox 1067 284 1202 315; x_wconf 85' lang='lat' dir='ltr'>vertitur</span> <span class='ocrx_word' id='word_1_328' title='bbox 1215 285 1246 315; x_wconf 92' lang='lat' dir='ltr'>in</span> <span class='ocrx_word' id='word_1_329' title='bbox 1261 294 1375 325; x_wconf 81' lang='lat' dir='ltr'>corpus</span> <span class='ocrx_word' id='word_1_330' title='bbox 1389 285 1546 316; x_wconf 87' lang='lat' dir='ltr'>divinitati</span> <span class='ocrx_word' id='word_1_331' title='bbox 1561 286 1700 325; x_wconf 87' lang='lat' dir='ltr'>unitum,</span> <span class='ocrx_word' id='word_1_332' title='bbox 1716 289 1747 318; x_wconf 93' lang='lat' dir='ltr'>et</span> <span class='ocrx_word' id='word_1_333' title='bbox 1761 297 1835 328; x_wconf 85' lang='lat' dir='ltr'>spe-</span> 
     </span>
     <span class='ocr_line' id='line_1_52' title="bbox 1067 337 1838 376; baseline 0.008 -10"><span class='ocrx_word' id='word_1_334' title='bbox 1067 337 1130 367; x_wconf 81' lang='lat' dir='ltr'>cies</span> <span class='ocrx_word' id='word_1_335' title='bbox 1149 341 1217 376; x_wconf 69' lang='lat' dir='ltr'>post</span> <span class='ocrx_word' id='word_1_336' title='bbox 1242 338 1481 369; x_wconf 86' lang='lat' dir='ltr'>conversionem</span> <span class='ocrx_word' id='word_1_337' title='bbox 1504 339 1665 370; x_wconf 86' lang='lat' dir='ltr'>continent</span> <span class='ocrx_word' id='word_1_338' title='bbox 1688 339 1766 371; x_wconf 90' lang='lat' dir='ltr'>illud</span> <span class='ocrx_word' id='word_1_339' title='bbox 1783 343 1838 372; x_wconf 86' lang='lat' dir='ltr'>:et</span> 
     </span>
     <span class='ocr_line' id='line_1_53' title="bbox 1068 390 1833 432; baseline 0.008 -12"><span class='ocrx_word' id='word_1_340' title='bbox 1068 390 1112 421; x_wconf 89' lang='lat' dir='ltr'>sic</span> <span class='ocrx_word' id='word_1_341' title='bbox 1133 391 1282 422; x_wconf 81' lang='lat' dir='ltr'>divinitas</span> <span class='ocrx_word' id='word_1_342' title='bbox 1306 392 1446 431; x_wconf 89' lang='lat' dir='ltr'>utrisque</span> <span class='ocrx_word' id='word_1_343' title='bbox 1465 392 1503 431; x_wconf 83' lang='lat' dir='ltr'>(a)</span> <span class='ocrx_word' id='word_1_344' title='bbox 1521 392 1634 422; x_wconf 89' lang='lat' dir='ltr'>dicitur</span> <span class='ocrx_word' id='word_1_345' title='bbox 1653 394 1833 432; x_wconf 85' lang='lat' dir='ltr'>conjugari.</span> 
     </span>
    </p>

    <p class='ocr_par' dir='ltr' id='par_1_10' title="bbox 1068 444 1838 643">
     <span class='ocr_line' id='line_1_54' title="bbox 1108 444 1838 486; baseline 0.005 -12"><span class='ocrx_word' id='word_1_346' title='bbox 1108 446 1137 474; x_wconf 87' lang='lat'>3.</span> <span class='ocrx_word' id='word_1_347' title='bbox 1162 444 1209 474; x_wconf 85' lang='lat' dir='ltr'>Ad</span> <span class='ocrx_word' id='word_1_348' title='bbox 1229 444 1317 476; x_wconf 86' lang='lat' dir='ltr'>aliud</span> <span class='ocrx_word' id='word_1_349' title='bbox 1331 447 1415 484; x_wconf 87' lang='lat' dir='ltr'>patet</span> <span class='ocrx_word' id='word_1_350' title='bbox 1438 445 1600 484; x_wconf 85' lang='lat' dir='ltr'>responsio</span> <span class='ocrx_word' id='word_1_351' title='bbox 1613 469 1622 484; x_wconf 94' lang='lat'>,</span> <span class='ocrx_word' id='word_1_352' title='bbox 1638 447 1712 486; x_wconf 87' lang='lat' dir='ltr'>quia</span> <span class='ocrx_word' id='word_1_353' title='bbox 1735 447 1838 478; x_wconf 86' lang='lat' dir='ltr'>totum</span> 
     </span>
     <span class='ocr_line' id='line_1_55' title="bbox 1070 497 1836 538; baseline 0.004 -11"><span class='ocrx_word' id='word_1_354' title='bbox 1070 497 1102 527; x_wconf 88' lang='lat' dir='ltr'>in</span> <span class='ocrx_word' id='word_1_355' title='bbox 1119 499 1217 528; x_wconf 85' lang='lat' dir='ltr'>totum</span> <span class='ocrx_word' id='word_1_356' title='bbox 1239 498 1451 535; x_wconf 84' lang='lat' dir='ltr'>convertitur,</span> <span class='ocrx_word' id='word_1_357' title='bbox 1469 497 1538 528; x_wconf 86' lang='lat' dir='ltr'>ideo</span> <span class='ocrx_word' id='word_1_358' title='bbox 1557 507 1613 529; x_wconf 88' lang='lat' dir='ltr'>nec</span> <span class='ocrx_word' id='word_1_359' title='bbox 1627 499 1671 531; x_wconf 14' lang='lat' dir='ltr'>Vnt</span> <span class='ocrx_word' id='word_1_360' title='bbox 1692 507 1836 538; x_wconf 88' lang='lat' dir='ltr'>novum,</span> 
     </span>
     <span class='ocr_line' id='line_1_56' title="bbox 1068 551 1838 591; baseline 0.003 -10"><span class='ocrx_word' id='word_1_361' title='bbox 1068 560 1125 581; x_wconf 79' lang='lat' dir='ltr'>nee</span> <span class='ocrx_word' id='word_1_362' title='bbox 1142 552 1172 581; x_wconf 80' lang='lat' dir='ltr'>fil</span> <span class='ocrx_word' id='word_1_363' title='bbox 1192 552 1295 590; x_wconf 82' lang='lat' dir='ltr'>majus</span> <span class='ocrx_word' id='word_1_364' title='bbox 1312 562 1318 581; x_wconf 91' lang='lat'>:</span> <span class='ocrx_word' id='word_1_365' title='bbox 1335 551 1410 582; x_wconf 84' lang='lat' dir='ltr'>illud</span> <span class='ocrx_word' id='word_1_366' title='bbox 1426 554 1532 582; x_wconf 87' lang='lat' dir='ltr'>antem</span> <span class='ocrx_word' id='word_1_367' title='bbox 1547 551 1747 591; x_wconf 86' lang='lat' dir='ltr'>intelligitur,</span> <span class='ocrx_word' id='word_1_368' title='bbox 1764 552 1791 583; x_wconf 91' lang='lat' dir='ltr'>si</span> <span class='ocrx_word' id='word_1_369' title='bbox 1805 552 1838 583; x_wconf 88' lang='lat' dir='ltr'>in</span> 
     </span>
     <span class='ocr_line' id='line_1_57' title="bbox 1070 603 1511 643; baseline 0 -9"><span class='ocrx_word' id='word_1_370' title='bbox 1070 606 1190 643; x_wconf 82' lang='lat' dir='ltr'>partem</span> <span class='ocrx_word' id='word_1_371' title='bbox 1210 603 1244 643; x_wconf 68' lang='lat' dir='ltr'>(b)</span> <span class='ocrx_word' id='word_1_372' title='bbox 1262 606 1511 635; x_wconf 84' lang='lat' dir='ltr'>converteretur.</span> 
     </span>
    </p>

    <p class='ocr_par' dir='ltr' id='par_1_11' title="bbox 1068 657 1839 956">
     <span class='ocr_line' id='line_1_58' title="bbox 1107 657 1836 698; baseline 0.004 -11"><span class='ocrx_word' id='word_1_373' title='bbox 1107 659 1137 687; x_wconf 76' lang='grc'>4.</span> <span class='ocrx_word' id='word_1_374' title='bbox 1155 657 1200 688; x_wconf 73' lang='lat' dir='ltr'>Ad</span> <span class='ocrx_word' id='word_1_375' title='bbox 1217 657 1301 688; x_wconf 84' lang='lat' dir='ltr'>aliud</span> <span class='ocrx_word' id='word_1_376' title='bbox 1318 658 1402 697; x_wconf 83' lang='lat' dir='ltr'>quod</span> <span class='ocrx_word' id='word_1_377' title='bbox 1417 658 1567 698; x_wconf 81' lang='lat' dir='ltr'>objicitur</span> <span class='ocrx_word' id='word_1_378' title='bbox 1582 658 1620 689; x_wconf 84' lang='lat' dir='ltr'>de</span> <span class='ocrx_word' id='word_1_379' title='bbox 1643 658 1712 689; x_wconf 84' lang='lat' dir='ltr'>aliis</span> <span class='ocrx_word' id='word_1_380' title='bbox 1732 668 1836 690; x_wconf 86' lang='lat' dir='ltr'>sacra-</span> 
     </span>
     <span class='ocr_line' id='line_1_59' title="bbox 1068 706 1837 752; baseline 0.005 -12"><span class='ocrx_word' id='word_1_381' title='bbox 1068 706 1201 748; x_wconf 75' lang='lat' dir='ltr'>mentis,</span> <span class='ocrx_word' id='word_1_382' title='bbox 1216 712 1297 750; x_wconf 83' lang='lat' dir='ltr'>patet</span> <span class='ocrx_word' id='word_1_383' title='bbox 1313 711 1457 741; x_wconf 87' lang='lat' dir='ltr'>similiter</span> <span class='ocrx_word' id='word_1_384' title='bbox 1472 711 1633 750; x_wconf 79' lang='lat' dir='ltr'>responsio</span> <span class='ocrx_word' id='word_1_385' title='bbox 1646 735 1653 748; x_wconf 92' lang='lat'>‚</span> <span class='ocrx_word' id='word_1_386' title='bbox 1669 711 1754 752; x_wconf 88' lang='lat' dir='ltr'>quod</span> <span class='ocrx_word' id='word_1_387' title='bbox 1771 721 1837 744; x_wconf 90' lang='lat' dir='ltr'>non</span> 
     </span>
     <span class='ocr_line' id='line_1_60' title="bbox 1068 763 1838 805; baseline 0.005 -12"><span class='ocrx_word' id='word_1_388' title='bbox 1068 766 1112 793; x_wconf 80' lang='lat' dir='ltr'>est</span> <span class='ocrx_word' id='word_1_389' title='bbox 1132 763 1254 802; x_wconf 81' lang='lat' dir='ltr'>simile,</span> <span class='ocrx_word' id='word_1_390' title='bbox 1270 765 1344 804; x_wconf 85' lang='lat' dir='ltr'>quia</span> <span class='ocrx_word' id='word_1_391' title='bbox 1360 764 1419 795; x_wconf 88' lang='lat' dir='ltr'>hoc</span> <span class='ocrx_word' id='word_1_392' title='bbox 1431 767 1479 795; x_wconf 85' lang='lat' dir='ltr'>est</span> <span class='ocrx_word' id='word_1_393' title='bbox 1500 766 1604 804; x_wconf 89' lang='lat' dir='ltr'>majus</span> <span class='ocrx_word' id='word_1_394' title='bbox 1627 767 1784 805; x_wconf 85' lang='lat' dir='ltr'>quantum</span> <span class='ocrx_word' id='word_1_395' title='bbox 1798 765 1838 797; x_wconf 88' lang='lat' dir='ltr'>ad</span> 
     </span>
     <span class='ocr_line' id='line_1_61' title="bbox 1068 817 1839 856; baseline 0.004 -9"><span class='ocrx_word' id='word_1_396' title='bbox 1068 826 1135 848; x_wconf 87' lang='lat' dir='ltr'>rem</span> <span class='ocrx_word' id='word_1_397' title='bbox 1162 819 1353 848; x_wconf 78' lang='lat' dir='ltr'>contentam.</span> <span class='ocrx_word' id='word_1_398' title='bbox 1376 817 1549 856; x_wconf 69' lang='lat' dir='ltr'>Praeterea,</span> <span class='ocrx_word' id='word_1_399' title='bbox 1571 819 1604 849; x_wconf 89' lang='lat' dir='ltr'>in</span> <span class='ocrx_word' id='word_1_400' title='bbox 1628 819 1697 850; x_wconf 84' lang='lat' dir='ltr'>aliis</span> <span class='ocrx_word' id='word_1_401' title='bbox 1718 828 1767 850; x_wconf 90' lang='lat' dir='ltr'>res</span> <span class='ocrx_word' id='word_1_402' title='bbox 1791 821 1839 851; x_wconf 85' lang='lat' dir='ltr'>est</span> 
     </span>
     <span class='ocr_line' id='line_1_62' title="bbox 1070 871 1838 912; baseline 0.004 -12"><span class='ocrx_word' id='word_1_403' title='bbox 1070 872 1173 910; x_wconf 82' lang='lat' dir='ltr'>gratia</span> <span class='ocrx_word' id='word_1_404' title='bbox 1187 880 1261 910; x_wconf 75' lang='lat' dir='ltr'>quae</span> <span class='ocrx_word' id='word_1_405' title='bbox 1277 874 1415 908; x_wconf 86' lang='lat' dir='ltr'>creatur;</span> <span class='ocrx_word' id='word_1_406' title='bbox 1432 871 1485 902; x_wconf 79' lang='lat' dir='ltr'>sed</span> <span class='ocrx_word' id='word_1_407' title='bbox 1505 880 1616 912; x_wconf 85' lang='lat' dir='ltr'>corpus</span> <span class='ocrx_word' id='word_1_408' title='bbox 1636 871 1751 903; x_wconf 88' lang='lat' dir='ltr'>Christi</span> <span class='ocrx_word' id='word_1_409' title='bbox 1771 881 1838 903; x_wconf 90' lang='lat' dir='ltr'>non</span> 
     </span>
     <span class='ocr_line' id='line_1_63' title="bbox 1068 925 1549 956; baseline 0 -1"><span class='ocrx_word' id='word_1_410' title='bbox 1068 927 1193 955; x_wconf 83' lang='lat' dir='ltr'>creatur</span> <span class='ocrx_word' id='word_1_411' title='bbox 1205 927 1281 955; x_wconf 91' lang='lat' dir='ltr'>tunc</span> <span class='ocrx_word' id='word_1_412' title='bbox 1296 925 1328 955; x_wconf 93' lang='lat' dir='ltr'>in</span> <span class='ocrx_word' id='word_1_413' title='bbox 1345 927 1549 956; x_wconf 84' lang='lat' dir='ltr'>sacramento.</span> 
     </span>
    </p>

    <p class='ocr_par' dir='ltr' id='par_1_12' title="bbox 1068 976 1838 1176">
     <span class='ocr_line' id='line_1_64' title="bbox 1109 976 1836 1018; baseline 0 -10"><span class='ocrx_word' id='word_1_414' title='bbox 1109 980 1137 1008; x_wconf 79' lang='lat'>5.</span> <span class='ocrx_word' id='word_1_415' title='bbox 1162 978 1208 1008; x_wconf 74' lang='lat' dir='ltr'>Ad</span> <span class='ocrx_word' id='word_1_416' title='bbox 1231 978 1308 1009; x_wconf 86' lang='lat' dir='ltr'>illud</span> <span class='ocrx_word' id='word_1_417' title='bbox 1330 978 1414 1018; x_wconf 86' lang='lat' dir='ltr'>quod</span> <span class='ocrx_word' id='word_1_418' title='bbox 1434 978 1581 1018; x_wconf 87' lang='lat' dir='ltr'>objicitur</span> <span class='ocrx_word' id='word_1_419' title='bbox 1601 978 1640 1008; x_wconf 87' lang='lat' dir='ltr'>de</span> <span class='ocrx_word' id='word_1_420' title='bbox 1659 976 1814 1009; x_wconf 85' lang='lat' dir='ltr'>miraculo</span> <span class='ocrx_word' id='word_1_421' title='bbox 1826 1001 1836 1016; x_wconf 95' lang='lat'>,</span> 
     </span>
     <span class='ocr_line' id='line_1_65' title="bbox 1069 1031 1838 1072; baseline 0.001 -11"><span class='ocrx_word' id='word_1_422' title='bbox 1069 1033 1153 1070; x_wconf 84' lang='lat' dir='ltr'>patet</span> <span class='ocrx_word' id='word_1_423' title='bbox 1167 1031 1321 1069; x_wconf 77' lang='lat' dir='ltr'>similiter,</span> <span class='ocrx_word' id='word_1_424' title='bbox 1347 1032 1421 1072; x_wconf 83' lang='lat' dir='ltr'>quia</span> <span class='ocrx_word' id='word_1_425' title='bbox 1437 1031 1628 1062; x_wconf 83' lang='lat' dir='ltr'>miraculum</span> <span class='ocrx_word' id='word_1_426' title='bbox 1643 1031 1773 1072; x_wconf 86' lang='lat' dir='ltr'>ponitur</span> <span class='ocrx_word' id='word_1_427' title='bbox 1785 1031 1838 1062; x_wconf 85' lang='lat' dir='ltr'>hic</span> 
     </span>
     <span class='ocr_line' id='line_1_66' title="bbox 1068 1085 1836 1125; baseline 0.004 -12"><span class='ocrx_word' id='word_1_428' title='bbox 1068 1086 1196 1124; x_wconf 77' lang='lat' dir='ltr'>propter</span> <span class='ocrx_word' id='word_1_429' title='bbox 1218 1085 1382 1116; x_wconf 76' lang='lat' dir='ltr'>veritatem</span> <span class='ocrx_word' id='word_1_430' title='bbox 1403 1085 1612 1122; x_wconf 82' lang='lat' dir='ltr'>sacramenti,</span> <span class='ocrx_word' id='word_1_431' title='bbox 1636 1087 1667 1116; x_wconf 83' lang='lat' dir='ltr'>et</span> <span class='ocrx_word' id='word_1_432' title='bbox 1685 1085 1836 1125; x_wconf 86' lang='lat' dir='ltr'>congrui-</span> 
     </span>
     <span class='ocr_line' id='line_1_67' title="bbox 1070 1138 1836 1176; baseline 0.003 -8"><span class='ocrx_word' id='word_1_433' title='bbox 1070 1140 1183 1175; x_wconf 82' lang='lat' dir='ltr'>tatem,</span> <span class='ocrx_word' id='word_1_434' title='bbox 1201 1140 1231 1169; x_wconf 89' lang='lat' dir='ltr'>et</span> <span class='ocrx_word' id='word_1_435' title='bbox 1246 1138 1341 1169; x_wconf 85' lang='lat' dir='ltr'>etiam</span> <span class='ocrx_word' id='word_1_436' title='bbox 1357 1138 1542 1176; x_wconf 85' lang='lat' dir='ltr'>utilitatem,</span> <span class='ocrx_word' id='word_1_437' title='bbox 1560 1138 1641 1169; x_wconf 86' lang='lat' dir='ltr'>sicut</span> <span class='ocrx_word' id='word_1_438' title='bbox 1659 1139 1764 1170; x_wconf 86' lang='lat' dir='ltr'>visum</span> <span class='ocrx_word' id='word_1_439' title='bbox 1778 1140 1836 1171; x_wconf 85' lang='lat' dir='ltr'>est.</span> 
     </span>
    </p>

    <p class='ocr_par' dir='ltr' id='par_1_13' title="bbox 1068 1192 1840 1649">
     <span class='ocr_line' id='line_1_68' title="bbox 1110 1192 1840 1232; baseline 0.005 -11"><span class='ocrx_word' id='word_1_440' title='bbox 1110 1194 1138 1221; x_wconf 81' lang='grc'>6.</span> <span class='ocrx_word' id='word_1_441' title='bbox 1162 1192 1207 1221; x_wconf 80' lang='lat' dir='ltr'>Ad</span> <span class='ocrx_word' id='word_1_442' title='bbox 1230 1192 1380 1223; x_wconf 87' lang='lat' dir='ltr'>ultimum</span> <span class='ocrx_word' id='word_1_443' title='bbox 1395 1193 1479 1232; x_wconf 81' lang='lat' dir='ltr'>quod</span> <span class='ocrx_word' id='word_1_444' title='bbox 1495 1193 1642 1232; x_wconf 78' lang='lat' dir='ltr'>objicitur</span> <span class='ocrx_word' id='word_1_445' title='bbox 1662 1193 1701 1224; x_wconf 87' lang='lat' dir='ltr'>de</span> <span class='ocrx_word' id='word_1_446' title='bbox 1720 1193 1790 1224; x_wconf 90' lang='lat' dir='ltr'>cibo</span> <span class='ocrx_word' id='word_1_447' title='bbox 1807 1195 1840 1225; x_wconf 84' lang='lat' dir='ltr'>et</span> 
     </span>
     <span class='ocr_line' id='line_1_69' title="bbox 1069 1245 1838 1286; baseline 0.004 -12"><span class='ocrx_word' id='word_1_448' title='bbox 1069 1245 1195 1275; x_wconf 80' lang='lat' dir='ltr'>cibabili</span> <span class='ocrx_word' id='word_1_449' title='bbox 1207 1269 1214 1283; x_wconf 84' lang='lat'>,</span> <span class='ocrx_word' id='word_1_450' title='bbox 1239 1245 1407 1276; x_wconf 83' lang='lat' dir='ltr'>dicendum</span> <span class='ocrx_word' id='word_1_451' title='bbox 1423 1245 1507 1285; x_wconf 88' lang='lat' dir='ltr'>quod</span> <span class='ocrx_word' id='word_1_452' title='bbox 1523 1246 1612 1286; x_wconf 86' lang='lat' dir='ltr'>panis</span> <span class='ocrx_word' id='word_1_453' title='bbox 1625 1255 1691 1277; x_wconf 90' lang='lat' dir='ltr'>non</span> <span class='ocrx_word' id='word_1_454' title='bbox 1706 1255 1838 1278; x_wconf 87' lang='lat' dir='ltr'>conver-</span> 
     </span>
     <span class='ocr_line' id='line_1_70' title="bbox 1069 1298 1837 1338; baseline 0.003 -10"><span class='ocrx_word' id='word_1_455' title='bbox 1069 1298 1148 1328; x_wconf 88' lang='lat' dir='ltr'>titur</span> <span class='ocrx_word' id='word_1_456' title='bbox 1166 1300 1199 1337; x_wconf 70' lang='grc' dir='ltr'>(ε)</span> <span class='ocrx_word' id='word_1_457' title='bbox 1217 1298 1250 1328; x_wconf 91' lang='lat' dir='ltr'>in</span> <span class='ocrx_word' id='word_1_458' title='bbox 1265 1307 1379 1338; x_wconf 86' lang='lat' dir='ltr'>eorpus</span> <span class='ocrx_word' id='word_1_459' title='bbox 1394 1298 1527 1337; x_wconf 88' lang='lat' dir='ltr'>Christi,</span> <span class='ocrx_word' id='word_1_460' title='bbox 1550 1299 1631 1330; x_wconf 85' lang='lat' dir='ltr'>sicut</span> <span class='ocrx_word' id='word_1_461' title='bbox 1645 1299 1733 1330; x_wconf 88' lang='lat' dir='ltr'>cibus</span> <span class='ocrx_word' id='word_1_462' title='bbox 1745 1299 1780 1330; x_wconf 88' lang='lat' dir='ltr'>in</span> <span class='ocrx_word' id='word_1_463' title='bbox 1793 1299 1837 1330; x_wconf 83' lang='lat' dir='ltr'>ci-</span> 
     </span>
     <span class='ocr_line' id='line_1_71' title="bbox 1071 1350 1837 1392; baseline 0.004 -12"><span class='ocrx_word' id='word_1_464' title='bbox 1071 1350 1193 1389; x_wconf 79' lang='lat' dir='ltr'>babile3</span> <span class='ocrx_word' id='word_1_465' title='bbox 1211 1360 1268 1381; x_wconf 85' lang='lat' dir='ltr'>nec</span> <span class='ocrx_word' id='word_1_466' title='bbox 1284 1361 1397 1392; x_wconf 78' lang='lat' dir='ltr'>corpus</span> <span class='ocrx_word' id='word_1_467' title='bbox 1413 1352 1525 1383; x_wconf 88' lang='lat' dir='ltr'>Christi</span> <span class='ocrx_word' id='word_1_468' title='bbox 1536 1353 1731 1383; x_wconf 87' lang='lat' dir='ltr'>convertitur</span> <span class='ocrx_word' id='word_1_469' title='bbox 1745 1353 1779 1383; x_wconf 93' lang='lat' dir='ltr'>in</span> <span class='ocrx_word' id='word_1_470' title='bbox 1791 1361 1837 1391; x_wconf 87' lang='lat' dir='ltr'>se,</span> 
     </span>
     <span class='ocr_line' id='line_1_72' title="bbox 1071 1405 1838 1446; baseline 0.004 -13"><span class='ocrx_word' id='word_1_471' title='bbox 1071 1405 1124 1435; x_wconf 83' lang='lat' dir='ltr'>sed</span> <span class='ocrx_word' id='word_1_472' title='bbox 1140 1405 1221 1435; x_wconf 83' lang='lat' dir='ltr'>Deus</span> <span class='ocrx_word' id='word_1_473' title='bbox 1242 1406 1414 1444; x_wconf 87' lang='lat' dir='ltr'>convertit,</span> <span class='ocrx_word' id='word_1_474' title='bbox 1439 1410 1474 1436; x_wconf 88' lang='lat' dir='ltr'>ut</span> <span class='ocrx_word' id='word_1_475' title='bbox 1495 1406 1549 1436; x_wconf 93' lang='lat' dir='ltr'>ubi</span> <span class='ocrx_word' id='word_1_476' title='bbox 1568 1407 1635 1436; x_wconf 88' lang='lat' dir='ltr'>erat</span> <span class='ocrx_word' id='word_1_477' title='bbox 1649 1405 1756 1445; x_wconf 87' lang='lat' dir='ltr'>panis,</span> <span class='ocrx_word' id='word_1_478' title='bbox 1783 1405 1838 1446; x_wconf 90' lang='lat' dir='ltr'>qui</span> 
     </span>
     <span class='ocr_line' id='line_1_73' title="bbox 1069 1458 1836 1499; baseline 0.003 -12"><span class='ocrx_word' id='word_1_479' title='bbox 1069 1460 1115 1488; x_wconf 78' lang='lat' dir='ltr'>est</span> <span class='ocrx_word' id='word_1_480' title='bbox 1136 1459 1224 1489; x_wconf 85' lang='lat' dir='ltr'>cibus</span> <span class='ocrx_word' id='word_1_481' title='bbox 1250 1459 1436 1498; x_wconf 81' lang='lat' dir='ltr'>corporalis,</span> <span class='ocrx_word' id='word_1_482' title='bbox 1458 1459 1498 1489; x_wconf 87' lang='lat' dir='ltr'>sit</span> <span class='ocrx_word' id='word_1_483' title='bbox 1514 1459 1556 1498; x_wconf 79' lang='lat' dir='ltr'><em>(cl)</em></span> <span class='ocrx_word' id='word_1_484' title='bbox 1574 1468 1688 1499; x_wconf 88' lang='lat' dir='ltr'>corpus</span> <span class='ocrx_word' id='word_1_485' title='bbox 1706 1458 1836 1497; x_wconf 84' lang='lat' dir='ltr'>Christi,</span> 
     </span>
     <span class='ocr_line' id='line_1_74' title="bbox 1069 1512 1839 1552; baseline 0.005 -12"><span class='ocrx_word' id='word_1_486' title='bbox 1069 1520 1133 1541; x_wconf 91' lang='lat' dir='ltr'>non</span> <span class='ocrx_word' id='word_1_487' title='bbox 1150 1521 1206 1551; x_wconf 84' lang='lat' dir='ltr'>per</span> <span class='ocrx_word' id='word_1_488' title='bbox 1222 1513 1430 1543; x_wconf 80' lang='lat' dir='ltr'>mutationem</span> <span class='ocrx_word' id='word_1_489' title='bbox 1453 1513 1485 1542; x_wconf 91' lang='lat' dir='ltr'>in</span> <span class='ocrx_word' id='word_1_490' title='bbox 1504 1521 1635 1552; x_wconf 86' lang='lat' dir='ltr'>corpore</span> <span class='ocrx_word' id='word_1_491' title='bbox 1649 1512 1762 1543; x_wconf 86' lang='lat' dir='ltr'>Christi</span> <span class='ocrx_word' id='word_1_492' title='bbox 1774 1513 1839 1544; x_wconf 82' lang='lat' dir='ltr'>sac-</span> 
     </span>
     <span class='ocr_line' id='line_1_75' title="bbox 1069 1566 1840 1606; baseline 0.004 -11"><span class='ocrx_word' id='word_1_493' title='bbox 1069 1567 1154 1602; x_wconf 85' lang='lat' dir='ltr'>tam,</span> <span class='ocrx_word' id='word_1_494' title='bbox 1180 1566 1233 1596; x_wconf 79' lang='lat' dir='ltr'>sed</span> <span class='ocrx_word' id='word_1_495' title='bbox 1253 1566 1287 1596; x_wconf 91' lang='lat' dir='ltr'>in</span> <span class='ocrx_word' id='word_1_496' title='bbox 1308 1575 1388 1606; x_wconf 87' lang='lat' dir='ltr'>pane</span> <span class='ocrx_word' id='word_1_497' title='bbox 1411 1566 1444 1596; x_wconf 91' lang='lat' dir='ltr'>in</span> <span class='ocrx_word' id='word_1_498' title='bbox 1469 1567 1574 1605; x_wconf 89' lang='lat' dir='ltr'>ipsum</span> <span class='ocrx_word' id='word_1_499' title='bbox 1593 1566 1683 1606; x_wconf 86' lang='lat' dir='ltr'>prius</span> <span class='ocrx_word' id='word_1_500' title='bbox 1701 1566 1840 1598; x_wconf 66' lang='lat' dir='ltr'>existens</span> 
     </span>
     <span class='ocr_line' id='line_1_76' title="bbox 1068 1620 1260 1649; baseline 0.01 -2"><span class='ocrx_word' id='word_1_501' title='bbox 1068 1620 1260 1649; x_wconf 87' lang='lat' dir='ltr'>transeunte.</span> 
     </span>
    </p>
   </div>
   <div class='ocr_carea' id='block_1_8' title="bbox 1331 1726 1570 1763">
    <p class='ocr_par' dir='ltr' id='par_1_14' title="bbox 1331 1726 1570 1763">
     <span class='ocr_line' id='line_1_77' title="bbox 1331 1726 1570 1763; baseline 0 -5"><span class='ocrx_word' id='word_1_502' title='bbox 1331 1726 1511 1763; x_wconf 81' lang='lat' dir='ltr'>QUAESTIO</span> <span class='ocrx_word' id='word_1_503' title='bbox 1533 1727 1570 1758; x_wconf 89' lang='grc' dir='ltr'>ΙΙ.</span> 
     </span>
    </p>
   </div>
   <div class='ocr_carea' id='block_1_9' title="bbox 1091 1812 1814 1890">
    <p class='ocr_par' dir='ltr' id='par_1_15' title="bbox 1091 1812 1814 1890">
     <span class='ocr_line' id='line_1_78' title="bbox 1091 1812 1814 1847; baseline 0.006 -10"><span class='ocrx_word' id='word_1_504' title='bbox 1091 1812 1134 1838; x_wconf 76' lang='lat' dir='ltr'>An</span> <span class='ocrx_word' id='word_1_505' title='bbox 1156 1813 1224 1838; x_wconf 79' lang='lat' dir='ltr'>totus</span> <span class='ocrx_word' id='word_1_506' title='bbox 1240 1812 1323 1846; x_wconf 78' lang='lat' dir='ltr'>panis</span> <span class='ocrx_word' id='word_1_507' title='bbox 1341 1814 1508 1838; x_wconf 76' lang='lat' dir='ltr'>convertatur</span> <span class='ocrx_word' id='word_1_508' title='bbox 1526 1814 1555 1838; x_wconf 82' lang='lat' dir='ltr'>in</span> <span class='ocrx_word' id='word_1_509' title='bbox 1576 1812 1676 1847; x_wconf 80' lang='lat' dir='ltr'>Corpus</span> <span class='ocrx_word' id='word_1_510' title='bbox 1696 1813 1814 1846; x_wconf 77' lang='lat' dir='ltr'>christi,</span> 
     </span>
     <span class='ocr_line' id='line_1_79' title="bbox 1277 1856 1630 1890; baseline 0.006 -8"><span class='ocrx_word' id='word_1_511' title='bbox 1277 1856 1317 1882; x_wconf 77' lang='lat' dir='ltr'>vel</span> <span class='ocrx_word' id='word_1_512' title='bbox 1336 1856 1444 1890; x_wconf 79' lang='lat' dir='ltr'>aliquid</span> <span class='ocrx_word' id='word_1_513' title='bbox 1463 1860 1596 1884; x_wconf 77' lang='lat' dir='ltr'>remaneat</span> <span class='ocrx_word' id='word_1_514' title='bbox 1610 1857 1630 1883; x_wconf 86' lang='lat'>².</span> 
     </span>
    </p>
   </div>
   <div class='ocr_carea' id='block_1_10' title="bbox 1110 1940 1959 1983">
    <p class='ocr_par' dir='ltr' id='par_1_16' title="bbox 1110 1940 1959 1983">
     <span class='ocr_line' id='line_1_80' title="bbox 1110 1940 1959 1983; baseline -0.001 -13"><span class='ocrx_word' id='word_1_515' title='bbox 1110 1940 1222 1971; x_wconf 87' lang='lat' dir='ltr'>Utrum</span> <span class='ocrx_word' id='word_1_516' title='bbox 1246 1942 1329 1971; x_wconf 88' lang='lat' dir='ltr'>totus</span> <span class='ocrx_word' id='word_1_517' title='bbox 1344 1940 1434 1980; x_wconf 81' lang='lat' dir='ltr'>panis</span> <span class='ocrx_word' id='word_1_518' title='bbox 1449 1943 1653 1972; x_wconf 84' lang='lat' dir='ltr'>convertatur</span> <span class='ocrx_word' id='word_1_519' title='bbox 1670 1942 1704 1972; x_wconf 92' lang='lat' dir='ltr'>in</span> <span class='ocrx_word' id='word_1_520' title='bbox 1725 1950 1840 1983; x_wconf 87' lang='lat' dir='ltr'>eorpus</span> <span class='ocrx_word' id='word_1_521' title='bbox 1855 1949 1889 1971; x_wconf 70' lang='lat' dir='ltr'>Aa</span> <span class='ocrx_word' id='word_1_522' title='bbox 1907 1954 1959 1977; x_wconf 73' lang='lat' dir='ltr'>opp.</span> 
     </span>
    </p>
   </div>
   <div class='ocr_carea' id='block_1_11' title="bbox 1066 1993 1840 2547">
    <p class='ocr_par' dir='ltr' id='par_1_17' title="bbox 1067 1993 1840 2299">
     <span class='ocr_line' id='line_1_81' title="bbox 1069 1993 1838 2034; baseline 0.003 -10"><span class='ocrx_word' id='word_1_523' title='bbox 1069 1993 1202 2031; x_wconf 86' lang='lat' dir='ltr'>Christi,</span> <span class='ocrx_word' id='word_1_524' title='bbox 1227 2003 1267 2024; x_wconf 88' lang='lat' dir='ltr'>an</span> <span class='ocrx_word' id='word_1_525' title='bbox 1292 1994 1412 2034; x_wconf 82' lang='lat' dir='ltr'>aliquid</span> <span class='ocrx_word' id='word_1_526' title='bbox 1437 1997 1598 2026; x_wconf 85' lang='lat' dir='ltr'>remaneat</span> <span class='ocrx_word' id='word_1_527' title='bbox 1617 1997 1733 2034; x_wconf 85' lang='lat' dir='ltr'>praeter</span> <span class='ocrx_word' id='word_1_528' title='bbox 1756 1995 1838 2026; x_wconf 81' lang='lat' dir='ltr'>aoei-</span> 
     </span>
     <span class='ocr_line' id='line_1_82' title="bbox 1068 2047 1838 2087; baseline 0.003 -10"><span class='ocrx_word' id='word_1_529' title='bbox 1068 2047 1192 2085; x_wconf 86' lang='lat' dir='ltr'>dentia;</span> <span class='ocrx_word' id='word_1_530' title='bbox 1209 2050 1240 2078; x_wconf 86' lang='lat' dir='ltr'>et</span> <span class='ocrx_word' id='word_1_531' title='bbox 1253 2048 1338 2087; x_wconf 83' lang='lat' dir='ltr'>quod</span> <span class='ocrx_word' id='word_1_532' title='bbox 1350 2050 1434 2078; x_wconf 89' lang='lat' dir='ltr'>totus</span> <span class='ocrx_word' id='word_1_533' title='bbox 1446 2057 1510 2078; x_wconf 92' lang='lat' dir='ltr'>non</span> <span class='ocrx_word' id='word_1_534' title='bbox 1523 2049 1738 2086; x_wconf 88' lang='lat' dir='ltr'>convertatur,</span> <span class='ocrx_word' id='word_1_535' title='bbox 1753 2047 1838 2080; x_wconf 87' lang='lat' dir='ltr'>vide-</span> 
     </span>
     <span class='ocr_line' id='line_1_83' title="bbox 1067 2100 1840 2140; baseline 0.003 -10"><span class='ocrx_word' id='word_1_536' title='bbox 1067 2102 1131 2138; x_wconf 84' lang='lat' dir='ltr'>tur,</span> <span class='ocrx_word' id='word_1_537' title='bbox 1152 2101 1227 2140; x_wconf 86' lang='lat' dir='ltr'>quia</span> <span class='ocrx_word' id='word_1_538' title='bbox 1242 2100 1322 2130; x_wconf 87' lang='lat' dir='ltr'>nihil</span> <span class='ocrx_word' id='word_1_539' title='bbox 1341 2103 1387 2131; x_wconf 75' lang='lat' dir='ltr'>est</span> <span class='ocrx_word' id='word_1_540' title='bbox 1408 2101 1440 2131; x_wconf 88' lang='lat' dir='ltr'>in</span> <span class='ocrx_word' id='word_1_541' title='bbox 1460 2110 1577 2140; x_wconf 85' lang='lat' dir='ltr'>genere</span> <span class='ocrx_word' id='word_1_542' title='bbox 1589 2126 1596 2139; x_wconf 90' lang='lat'>,</span> <span class='ocrx_word' id='word_1_543' title='bbox 1619 2101 1702 2140; x_wconf 88' lang='lat' dir='ltr'>quod</span> <span class='ocrx_word' id='word_1_544' title='bbox 1717 2109 1783 2132; x_wconf 91' lang='lat' dir='ltr'>non</span> <span class='ocrx_word' id='word_1_545' title='bbox 1799 2101 1840 2132; x_wconf 84' lang='lat' dir='ltr'>sit</span> 
     </span>
     <span class='ocr_line' id='line_1_84' title="bbox 1067 2154 1839 2194; baseline 0.004 -11"><span class='ocrx_word' id='word_1_546' title='bbox 1067 2154 1101 2184; x_wconf 90' lang='lat' dir='ltr'>in</span> <span class='ocrx_word' id='word_1_547' title='bbox 1116 2154 1221 2193; x_wconf 84' lang='lat' dir='ltr'>aliqua</span> <span class='ocrx_word' id='word_1_548' title='bbox 1237 2155 1305 2193; x_wconf 85' lang='lat' dir='ltr'>ejus</span> <span class='ocrx_word' id='word_1_549' title='bbox 1319 2155 1420 2194; x_wconf 88' lang='lat' dir='ltr'>speeie</span> <span class='ocrx_word' id='word_1_550' title='bbox 1436 2165 1442 2185; x_wconf 76' lang='grc' dir='ltr'>ε</span> <span class='ocrx_word' id='word_1_551' title='bbox 1465 2155 1517 2186; x_wconf 88' lang='lat' dir='ltr'>sed</span> <span class='ocrx_word' id='word_1_552' title='bbox 1533 2154 1839 2186; x_wconf 82' lang='lat' dir='ltr'>transsubstantiatio</span> 
     </span>
     <span class='ocr_line' id='line_1_85' title="bbox 1067 2207 1838 2248; baseline 0.003 -11"><span class='ocrx_word' id='word_1_553' title='bbox 1067 2209 1113 2237; x_wconf 88' lang='lat' dir='ltr'>est</span> <span class='ocrx_word' id='word_1_554' title='bbox 1128 2207 1262 2237; x_wconf 89' lang='lat' dir='ltr'>mutatio</span> <span class='ocrx_word' id='word_1_555' title='bbox 1272 2231 1279 2243; x_wconf 86' lang='lat'>‚</span> <span class='ocrx_word' id='word_1_556' title='bbox 1297 2209 1326 2237; x_wconf 86' lang='lat' dir='ltr'>et</span> <span class='ocrx_word' id='word_1_557' title='bbox 1339 2207 1371 2237; x_wconf 92' lang='lat' dir='ltr'>in</span> <span class='ocrx_word' id='word_1_558' title='bbox 1386 2208 1474 2238; x_wconf 92' lang='lat' dir='ltr'>omni</span> <span class='ocrx_word' id='word_1_559' title='bbox 1485 2208 1587 2248; x_wconf 85' lang='lat' dir='ltr'>speeie</span> <span class='ocrx_word' id='word_1_560' title='bbox 1600 2210 1706 2239; x_wconf 89' lang='lat' dir='ltr'>motus</span> <span class='ocrx_word' id='word_1_561' title='bbox 1718 2207 1838 2248; x_wconf 82' lang='lat' dir='ltr'>aliquid</span> 
     </span>
     <span class='ocr_line' id='line_1_86' title="bbox 1067 2262 1389 2299; baseline 0 -9"><span class='ocrx_word' id='word_1_562' title='bbox 1067 2262 1174 2291; x_wconf 87' lang='lat' dir='ltr'>manet</span> <span class='ocrx_word' id='word_1_563' title='bbox 1189 2271 1194 2291; x_wconf 87' lang='lat'>:</span> <span class='ocrx_word' id='word_1_564' title='bbox 1213 2269 1292 2299; x_wconf 82' lang='lat' dir='ltr'>ergo</span> <span class='ocrx_word' id='word_1_565' title='bbox 1304 2284 1313 2298; x_wconf 91' lang='lat'>,</span> <span class='ocrx_word' id='word_1_566' title='bbox 1331 2262 1389 2290; x_wconf 88' lang='lat' dir='ltr'>etc.</span> 
     </span>
    </p>

    <p class='ocr_par' dir='ltr' id='par_1_18' title="bbox 1066 2313 1838 2547">
     <span class='ocr_line' id='line_1_87' title="bbox 1107 2313 1838 2351; baseline 0.004 -8"><span class='ocrx_word' id='word_1_567' title='bbox 1107 2316 1136 2344; x_wconf 65' lang='grc' dir='ltr'>ἓ.</span> <span class='ocrx_word' id='word_1_568' title='bbox 1162 2313 1238 2344; x_wconf 87' lang='lat' dir='ltr'>Item</span> <span class='ocrx_word' id='word_1_569' title='bbox 1251 2338 1258 2351; x_wconf 97' lang='lat'>,</span> <span class='ocrx_word' id='word_1_570' title='bbox 1284 2313 1364 2344; x_wconf 87' lang='lat' dir='ltr'>sicut</span> <span class='ocrx_word' id='word_1_571' title='bbox 1388 2314 1420 2344; x_wconf 87' lang='lat' dir='ltr'>in</span> <span class='ocrx_word' id='word_1_572' title='bbox 1439 2314 1576 2344; x_wconf 88' lang='lat' dir='ltr'>naturali</span> <span class='ocrx_word' id='word_1_573' title='bbox 1598 2315 1773 2346; x_wconf 82' lang='lat' dir='ltr'>mutatione</span> <span class='ocrx_word' id='word_1_574' title='bbox 1791 2315 1838 2345; x_wconf 82' lang='lat' dir='ltr'>est</span> 
     </span>
     <span class='ocr_line' id='line_1_88' title="bbox 1067 2367 1836 2408; baseline 0 -10"><span class='ocrx_word' id='word_1_575' title='bbox 1067 2367 1207 2406; x_wconf 86' lang='lat' dir='ltr'>potentia</span> <span class='ocrx_word' id='word_1_576' title='bbox 1223 2367 1374 2405; x_wconf 86' lang='lat' dir='ltr'>materiae,</span> <span class='ocrx_word' id='word_1_577' title='bbox 1391 2368 1435 2397; x_wconf 88' lang='lat' dir='ltr'>sic</span> <span class='ocrx_word' id='word_1_578' title='bbox 1449 2370 1479 2398; x_wconf 90' lang='lat' dir='ltr'>et</span> <span class='ocrx_word' id='word_1_579' title='bbox 1495 2368 1528 2398; x_wconf 90' lang='lat' dir='ltr'>in</span> <span class='ocrx_word' id='word_1_580' title='bbox 1542 2368 1601 2398; x_wconf 86' lang='lat' dir='ltr'>hac</span> <span class='ocrx_word' id='word_1_581' title='bbox 1613 2368 1752 2408; x_wconf 84' lang='lat' dir='ltr'>potentia</span> <span class='ocrx_word' id='word_1_582' title='bbox 1763 2367 1836 2398; x_wconf 84' lang='lat' dir='ltr'>obe-</span> 
     </span>
     <span class='ocr_line' id='line_1_89' title="bbox 1068 2445 1832 2477; baseline 0 -7"><span class='ocrx_word' id='word_1_583' title='bbox 1068 2447 1098 2470; x_wconf 96' lang='lat' dir='ltr'>lV</span> <span class='ocrx_word' id='word_1_584' title='bbox 1120 2446 1198 2473; x_wconf 78' lang='lat' dir='ltr'>Sent„</span> <span class='ocrx_word' id='word_1_585' title='bbox 1216 2445 1264 2469; x_wconf 71' lang='lat' dir='ltr'>&lt;list</span> <span class='ocrx_word' id='word_1_586' title='bbox 1292 2452 1327 2475; x_wconf 70' lang='lat' dir='ltr'>XI,</span> <span class='ocrx_word' id='word_1_587' title='bbox 1348 2453 1372 2477; x_wconf 81' lang='lat' dir='ltr'>q.</span> <span class='ocrx_word' id='word_1_588' title='bbox 1394 2452 1412 2476; x_wconf 90' lang='lat'>1,</span> <span class='ocrx_word' id='word_1_589' title='bbox 1433 2448 1479 2470; x_wconf 83' lang='lat' dir='ltr'>art.</span> <span class='ocrx_word' id='word_1_590' title='bbox 1500 2448 1523 2477; x_wconf 88' lang='lat'>1,</span> <span class='ocrx_word' id='word_1_591' title='bbox 1545 2449 1570 2471; x_wconf 85' lang='lat' dir='ltr'>et</span> <span class='ocrx_word' id='word_1_592' title='bbox 1581 2447 1650 2476; x_wconf 76' lang='lat' dir='ltr'>Ouol.</span> <span class='ocrx_word' id='word_1_593' title='bbox 1667 2447 1726 2476; x_wconf 83' lang='lat' dir='ltr'>vn,</span> <span class='ocrx_word' id='word_1_594' title='bbox 1741 2447 1787 2471; x_wconf 82' lang='lat' dir='ltr'>art.</span> <span class='ocrx_word' id='word_1_595' title='bbox 1803 2447 1832 2476; x_wconf 81' lang='lat'>9;</span> 
     </span>
     <span class='ocr_line' id='line_1_90' title="bbox 1066 2481 1833 2513; baseline 0.001 -9"><span class='ocrx_word' id='word_1_596' title='bbox 1066 2481 1193 2509; x_wconf 63' lang='lat' dir='ltr'>Richard„</span> <span class='ocrx_word' id='word_1_597' title='bbox 1220 2482 1249 2505; x_wconf 85' lang='lat' dir='ltr'>lv</span> <span class='ocrx_word' id='word_1_598' title='bbox 1276 2481 1354 2510; x_wconf 65' lang='lat' dir='ltr'>seut„</span> <span class='ocrx_word' id='word_1_599' title='bbox 1377 2482 1434 2505; x_wconf 86' lang='lat' dir='ltr'>dist.</span> <span class='ocrx_word' id='word_1_600' title='bbox 1457 2488 1498 2511; x_wconf 77' lang='lat' dir='ltr'>xi,</span> <span class='ocrx_word' id='word_1_601' title='bbox 1520 2490 1544 2513; x_wconf 78' lang='lat' dir='ltr'>q.</span> <span class='ocrx_word' id='word_1_602' title='bbox 1569 2488 1601 2513; x_wconf 83' lang='lat'>¹¹3</span> <span class='ocrx_word' id='word_1_603' title='bbox 1622 2482 1708 2512; x_wconf 81' lang='lat' dir='ltr'>steph.</span> <span class='ocrx_word' id='word_1_604' title='bbox 1729 2481 1833 2511; x_wconf 66' lang='lat' dir='ltr'>Bruter„</span> 
     </span>
     <span class='ocr_line' id='line_1_91' title="bbox 1067 2516 1833 2547; baseline 0.003 -8"><span class='ocrx_word' id='word_1_605' title='bbox 1067 2517 1099 2540; x_wconf 66' lang='lat' dir='ltr'>lv</span> <span class='ocrx_word' id='word_1_606' title='bbox 1116 2518 1194 2545; x_wconf 69' lang='lat' dir='ltr'>Sem„</span> <span class='ocrx_word' id='word_1_607' title='bbox 1213 2516 1270 2540; x_wconf 75' lang='lat' dir='ltr'>(list.</span> <span class='ocrx_word' id='word_1_608' title='bbox 1287 2523 1322 2547; x_wconf 79' lang='lat' dir='ltr'>xi,</span> <span class='ocrx_word' id='word_1_609' title='bbox 1340 2524 1365 2547; x_wconf 59' lang='lat' dir='ltr'>q.</span> <span class='ocrx_word' id='word_1_610' title='bbox 1385 2523 1416 2547; x_wconf 78' lang='lat'>¹13</span> <span class='ocrx_word' id='word_1_611' title='bbox 1437 2518 1501 2542; x_wconf 79' lang='lat' dir='ltr'>l&#39;etr.</span> <span class='ocrx_word' id='word_1_612' title='bbox 1523 2518 1554 2541; x_wconf 84' lang='lat' dir='ltr'>de</span> <span class='ocrx_word' id='word_1_613' title='bbox 1572 2518 1682 2545; x_wconf 74' lang='lat' dir='ltr'>&#39;rm-ant..</span> <span class='ocrx_word' id='word_1_614' title='bbox 1704 2517 1734 2541; x_wconf 92' lang='lat' dir='ltr'>lV</span> <span class='ocrx_word' id='word_1_615' title='bbox 1753 2517 1833 2547; x_wconf 67' lang='lat' dir='ltr'>Sent„</span> 
     </span>
    </p>
   </div>
   <div class='ocr_carea' id='block_1_12' title="bbox 1066 2552 1834 2619">
    <p class='ocr_par' dir='ltr' id='par_1_19' title="bbox 1066 2552 1834 2619">
     <span class='ocr_line' id='line_1_92' title="bbox 1066 2552 1834 2584; baseline 0.003 -9"><span class='ocrx_word' id='word_1_616' title='bbox 1066 2552 1123 2576; x_wconf 80' lang='lat' dir='ltr'>dist.</span> <span class='ocrx_word' id='word_1_617' title='bbox 1142 2557 1177 2582; x_wconf 67' lang='lat' dir='ltr'>m,</span> <span class='ocrx_word' id='word_1_618' title='bbox 1191 2559 1215 2583; x_wconf 86' lang='lat' dir='ltr'>q.</span> <span class='ocrx_word' id='word_1_619' title='bbox 1233 2558 1294 2576; x_wconf 86' lang='lat'>11.—</span> <span class='ocrx_word' id='word_1_620' title='bbox 1306 2552 1340 2583; x_wconf 82' lang='lat' dir='ltr'>(a)</span> <span class='ocrx_word' id='word_1_621' title='bbox 1354 2552 1424 2576; x_wconf 78' lang='lat' dir='ltr'>Edit.</span> <span class='ocrx_word' id='word_1_622' title='bbox 1432 2552 1487 2576; x_wconf 84' lang='lat' dir='ltr'>Ven.</span> <span class='ocrx_word' id='word_1_623' title='bbox 1500 2553 1670 2584; x_wconf 82' lang='lat' dir='ltr'>utriusque.—</span> <span class='ocrx_word' id='word_1_624' title='bbox 1681 2552 1834 2583; x_wconf 61' lang='lat' dir='ltr'>(bunne.—</span> 
     </span>
     <span class='ocr_line' id='line_1_93' title="bbox 1067 2587 1769 2619; baseline 0 -8"><span class='ocrx_word' id='word_1_625' title='bbox 1067 2589 1098 2619; x_wconf 83' lang='lat' dir='ltr'>(c)</span> <span class='ocrx_word' id='word_1_626' title='bbox 1114 2588 1174 2612; x_wconf 79' lang='lat' dir='ltr'>Coet.</span> <span class='ocrx_word' id='word_1_627' title='bbox 1189 2587 1248 2611; x_wconf 64' lang='lat' dir='ltr'>edel.</span> <span class='ocrx_word' id='word_1_628' title='bbox 1265 2588 1438 2612; x_wconf 78' lang='lat' dir='ltr'>convertit.—-</span> <span class='ocrx_word' id='word_1_629' title='bbox 1452 2588 1487 2619; x_wconf 69' lang='lat' dir='ltr'>(cij</span> <span class='ocrx_word' id='word_1_630' title='bbox 1504 2588 1570 2612; x_wconf 75' lang='lat' dir='ltr'>Edit.</span> <span class='ocrx_word' id='word_1_631' title='bbox 1587 2589 1645 2612; x_wconf 76' lang='grc' dir='ltr'>Ῑέιι.</span> <span class='ocrx_word' id='word_1_632' title='bbox 1661 2587 1718 2612; x_wconf 80' lang='lat' dir='ltr'>add.</span> <span class='ocrx_word' id='word_1_633' title='bbox 1734 2588 1769 2613; x_wconf 85' lang='lat' dir='ltr'>in.</span> 
     </span>
    </p>
   </div>
   <div class='ocr_carea' id='block_1_13' title="bbox 2003 1311 2017 2038">
    <p class='ocr_par' dir='ltr' id='par_1_20' title="bbox 2003 1284 2017 2038">
     <span class='ocr_line' id='line_1_94' title="bbox 2003 1311 2017 2038; baseline 0 -422"><span class='ocrx_word' id='word_1_634' title='bbox 2003 1311 2017 2038; x_wconf 40' lang='grc' dir='ltr'>Ξ</span> 
     </span>
    </p>
   </div>
  </div>
 </body>
</html>
