2017 2948
51 209 82 231 De
97 210 157 230 intel-

58 241 148 268 ligeutia
196 253 201 259 .

52 278 72 297 ψ
83 277 95 292 ο
109 277 157 291 urn-

51 303 100 322 dam
112 308 157 322 ier-

60 333 136 354 borum

62 363 158 389 umbigu-

66 399 134 414 urum.

58 1694 147 1717 Divisio.

728 106 1037 159 SENTEN'riARUM
1062 125 1134 156 ΗΒ.
1161 125 1209 155 iv.

217 196 404 229 Secundum
427 196 486 228 hos
509 195 591 228 duos
615 195 727 228 modos
747 193 895 227 sumendi
911 219 919 233 ,
935 192 1151 235 intelligentia
1173 193 1393 236 quorumdam
1416 194 1591 227 verborum
1607 195 1759 239 ambigue

172 253 331 286 dictorum
349 253 580 295 distinguenda
602 257 660 285 est.
686 253 741 285 Ait
761 252 848 283 enim
871 250 1102 293 Augustinus-¹

172 322 238 343 ren]
268 311 478 352 sacranienti3
505 311 611 343 malus
639 321 714 342 vero
744 312 1006 347 sat-ramentum,
1028 312 1058 339 et
1087 318 1152 339 non
1183 319 1263 339 rein.
1290 321 1306 338 »
1333 308 1578 341 Sacramentum
1606 309 1657 341 hie
1684 309 1762 342 dicit

173 133 229 161 430

1123 262 1129 282 :
1152 263 1167 280 «
1182 249 1293 282 Bonus
1314 251 1427 294 accipit
1453 256 1690 284 sacramentnm
1705 278 1713 292 ,
1730 257 1761 286 et

171 379 288 412 corpus
301 368 421 400 Christi
446 368 614 412 proprium
631 393 638 404 ,
655 367 693 398 (le
715 366 850 408 Virgine
875 370 1007 405 natum3
1032 376 1100 397 reni
1127 376 1223 402 vero,
1247 365 1450 408 spiritualem
1472 366 1592 398 Christi
1615 377 1761 400 carnem.

171 425 282 458 Bonus
299 437 375 469 ergo
392 431 565 469 utramque
581 424 698 456 Christi
715 435 844 456 carnem
860 423 974 466 accipit
992 435 1000 463 ;
1018 422 1125 454 malus
1140 434 1216 455 vero
1234 427 1359 454 tantum
1382 427 1634 464 sacramentum,
1652 424 1682 456 id
1700 428 1760 466 est,

171 493 288 527 corpus
302 483 421 515 Christi
438 483 498 515 sul)
513 493 654 514 sacram«
648 485 731 522 nto,
750 485 780 513 et
803 492 868 513 non
885 492 952 512 rtm
976 480 1192 525 spiritualem.
1210 480 1316 512 Iit-:ni
1338 494 1353 511 «
1369 480 1440 513 Non
1458 481 1658 514 manducans
1673 493 1762 515 man-

170 540 287 583 ducat,
305 545 335 573 et
352 539 551 572 manducans
574 550 638 571 non
661 507 952 582 ma1idncat,quia
969 549 1035 570 non
1056 538 1256 571 manducans
1271 539 1547 571 sacramentaliter
1558 565 1565 579 ,
1572 539 1761 600 aliquando

171 597 344 630 manducat
360 597 473 640 spiritu
479 597 585 637 iliter
603 601 663 628 ete
679 607 846 629 (tfflonwelso.
866 608 880 625 n
902 595 926 627 li
930 600 940 627 t
963 595 1021 639 qui
1044 595 1242 628 manducant
1257 596 1484 639 spiritualiter,
1502 580 1677 629 veritatem
1694 608 1762 631 car-

171 655 222 688 nis
237 658 267 688 et
283 654 452 697 sanguinis
467 654 622 687 dicuntur
641 666 790 694 sumere,
809 654 878 698 qni(
870 666 887 685 a
903 653 1004 697 ipsam
1021 653 1228 686 efficientiam
1245 653 1387 694 habent
1407 653 1438 685 id
1455 658 1519 695 est,
1538 655 1760 688 remissionem

169 716 373 756 peccatorum
390 737 396 752 ‚
415 722 472 755 pro
488 723 554 755 qna
568 711 699 744 videtur
713 712 799 744 orari
815 723 888 744 cum
904 711 1023 743 dicitnr
1038 717 1048 733 ²
1068 724 1074 743 :
1092 711 1274 755 Perficimzt
1300 712 1334 744 in
1362 711 1454 744 nobis
1468 738 1475 753 ‚
1497 712 1637 745 Domine
1653 738 1660 754 ,
1679 723 1762 756 quoe-

169 780 280 802 sumus
291 795 301 808 ,
319 775 377 801 tua
392 775 603 802 sacramenta
619 768 705 813 quod
719 769 906 807 continent,
924 775 961 801 ut
975 768 1062 813 quod
1075 780 1162 801 mmc
1186 769 1290 813 speeie
1312 769 1456 813 qerimns
1467 796 1475 808 ‚
1493 781 1599 802 rerum
1623 770 1762 803 veritate

170 826 353 871 capiamus.
370 826 494 858 Rerum
511 827 679 859 veritatem
696 826 774 859 dicit
789 826 892 870 ipsam
909 825 1116 858 efficientiam
1132 853 1138 866 ,
1157 827 1251 870 qnasi
1272 826 1357 859 ‹lic-at
1375 838 1382 858 :
1399 827 1461 859 l‘er
1478 827 1546 860 haee
1562 832 1761 860 sacramenta

169 888 286 929 praesta
298 910 307 926 ,
325 887 362 916 ut
385 883 468 917 sicut
491 884 768 916 sacramentaliter
790 895 920 916 earnem
936 884 1055 917 Christi
1071 884 1234 916 sumimus
1247 910 1255 926 ,
1272 884 1316 916 ita
1340 884 1555 928 spiritualiter
1577 896 1757 918 sumamus.

169 941 232 975 Vel
247 941 327 986 petit
343 941 490 974 sacerdos
503 967 511 982 ,
528 945 565 973 ut
579 941 727 974 Christus
740 967 747 981 ‚
768 941 825 985 qui
841 953 930 974 nunc
947 952 1020 974 vere
1042 941 1103 974 suh
1125 941 1229 984 specie
1244 941 1337 985 panis
1353 946 1384 974 et
1400 942 1467 974 vini
1483 942 1642 984 sumitur,
1660 942 1763 975 mani-

170 999 250 1032 festa
274 989 420 1038 visione,
442 998 525 1031 sicut
549 998 583 1030 in
607 999 744 1031 essentia
765 998 946 1031 divinitatis
970 1003 1038 1039 est,
1062 999 1260 1042 quandoque
1281 999 1469 1043 accipiatur.
1496 999 1628 1032 Constat
1649 1010 1726 1043 ergo
1747 1011 1765 1032 a

171 1056 265 1089 bonis
279 1060 310 1088 et
324 1067 343 1088 a
357 1055 451 1089 malis
466 1055 551 1088 sumi
566 1066 683 1100 eorpus
700 1055 819 1089 Christi
836 1068 843 1096 ;
862 1056 916 1088 sed
931 1068 949 1088 a
964 1056 1057 1089 bonis
1077 1056 1117 1089 ad
1136 1056 1275 1089 salutem
1288 1083 1295 1097 ,
1311 1068 1329 1089 a
1344 1057 1438 1089 malis
1453 1057 1491 1089 ad
1509 1057 1694 1101 perniciem.

363 1204 564 1237 EXPOSITIO
586 1204 750 1236 TEXTUS.

272 1290 301 1313 Et
317 1288 382 1313 sicut
400 1288 455 1313 duae
473 1290 532 1311 sunt
548 1294 588 1311 res
606 1287 671 1312 illius
689 1288 848 1312 sacramenti.

210 1367 313 1407 Supra
330 1366 397 1405 egit
427 1365 579 1404 Magister
598 1366 636 1397 de
659 1369 855 1397 sacramento
876 1366 939 1397 Eu-

169 1420 327 1451 charisiiae
350 1419 383 1449 iu
399 1428 450 1457 se,
468 1419 519 1449 hic
535 1419 641 1459 incipit
665 1429 760 1458 agere
782 1429 838 1459 per
854 1429 939 1450 com-

171 1474 365 1514 parationem
386 1472 425 1502 ad
449 1472 706 1503 manducantem.
732 1473 769 1503 Et
791 1474 942 1512 quoniam

170 1527 252 1558 circa
265 1524 542 1556 manducationem
553 1524 759 1556 Eucharistiae
778 1526 943 1565 dupliciter

169 1579 231 1610 fuit
245 1580 401 1615 erratum,
416 1579 446 1607 et
460 1580 615 1616 quantum
627 1578 666 1608 ad
679 1579 936 1616 manducantem,

171 1635 201 1664 et
214 1634 371 1672 quantum
385 1630 423 1661 ad
438 1630 544 1660 cibum
557 1630 613 1669 qui
630 1631 857 1668 manducatum
872 1631 942 1661 ideo

171 1685 240 1716 haeo
255 1693 328 1724 pars
342 1684 438 1714 habet
461 1683 540 1713 duas
562 1686 677 1722 partes.
701 1683 736 1714 In
756 1684 859 1723 prima
877 1683 942 1714 Ma-

173 1738 271 1777 gister
286 1736 425 1768 excludit
447 1745 589 1766 errorem
612 1739 769 1776 quantum
793 1737 831 1767 ad
852 1745 941 1766 man-

172 1791 338 1827 ducantes,
363 1788 439 1829 quia
461 1788 612 1819 dixerunt
633 1789 732 1828 aliqui
756 1789 856 1819 malos
880 1798 944 1819 non

172 1843 364 1874 manducare
375 1851 490 1873 verum
507 1850 622 1880 eorpus
637 1842 750 1872 Christi
763 1853 770 1880 3
786 1843 819 1872 in
835 1851 944 1873 secun-

172 1897 212 1928 da
237 1897 375 1927 excludit
402 1904 542 1926 errorem
566 1898 722 1934 quantum
750 1896 788 1926 ad
815 1896 942 1934 cibum,

171 1950 248 1990 quia
271 1951 422 1980 dixerunt
444 1949 515 1986 alii,
538 1948 620 1987 quod
645 1957 663 1978 a
684 1948 781 1979 nullis
806 1949 945 1979 sumitur

170 2012 286 2034 verum
301 2011 415 2041 corpus
438 2001 552 2032 Christi
567 2012 574 2031 ε
591 2003 622 2031 et
643 2001 702 2030 hoc
724 2002 795 2032 facit
814 2002 894 2031 infra
910 2004 920 2020 ³
936 2013 942 2031 z

171 2056 257 2088 Sunt
268 2056 343 2087 item
357 2054 673 2094 aliiproecetlenzium
686 2055 870 2093 infamiam,
884 2057 941 2087 etc.

172 2108 278 2139 Prima
292 2116 366 2147 pars
376 2107 471 2137 habet
486 2109 549 2137 tres
563 2109 667 2146 partes
681 2117 687 2137 :
702 2107 733 2136 in
745 2108 847 2146 prima
856 2109 944 2147 parte

171 2160 323 2198 Magister
343 2159 417 2190 (licit
435 2159 620 2196 veritatem3
640 2159 674 2190 in
689 2160 825 2190 secunda
840 2160 942 2190 mani-

170 2214 261 2243 festat
276 2213 480 2249 mentietiteS‚
499 2212 541 2241 ibi
563 2223 570 2241 :
589 2212 663 2243 Hoec
685 2212 800 2250 verba,
824 2215 853 2244 et
876 2213 944 2244 alia

170 2265 426 2306 hujusmodi;i11
441 2265 534 2295 tertia
554 2264 697 2294 dissolvit
717 2274 756 2295 ex
780 2265 830 2295 his
854 2265 940 2296 locu-

169 2320 270 2350 tiones
285 2318 493 2358 multiplices,
510 2318 554 2348 ilJi
574 2328 580 2348 :
597 2318 774 2350 Secundum
791 2318 846 2350 hos
861 2318 942 2350 duos

169 2372 277 2405 modos
291 2371 450 2404 sumendi.

493 2463 562 2485 DUB.
588 2463 609 2484 1.

392 2519 486 2549 Crede,
506 2522 531 2543 et
547 2519 715 2543 manducasti.

208 2582 322 2613 Contra
347 2582 416 2612 haeo
440 2581 613 2620 Augustini
640 2580 738 2612 verba
764 2581 935 2620 objicitur:

999 1216 1072 1237 cum
1094 1207 1178 1237 enim
1202 1216 1329 1237 summa
1346 1209 1422 1238 unio
1447 1211 1478 1239 et
1499 1208 1711 1248 incorporatio
1731 1209 1772 1238 sit

998 1260 1031 1290 in
1046 1261 1216 1299 charitate,
1235 1261 1360 1292 videtur
1382 1262 1486 1301 potius
1504 1286 1511 1299 ‚
1536 1262 1618 1301 qnod
1643 1262 1771 1292 deberet

999 1314 1123 1345 dicere:
1143 1325 1157 1343 ιι
1182 1314 1302 1352 Dilige,
1327 1317 1357 1345 et
1380 1315 1599 1353 manducasti,
1618 1326 1633 1343 2>
1653 1323 1769 1355 quam:

1004 1378 1017 1395 «
1033 1366 1141 1398 Crede.
1157 1377 1172 1395 »

1040 1420 1132 1460 Resp.
1165 1420 1337 1451 Dicendum
1359 1420 1441 1460 quod
1468 1421 1535 1460 ipse
1559 1420 1708 1460 intelligit
1733 1421 1772 1451 de

1000 1474 1061 1504 side
1076 1478 1225 1513 operante
1247 1484 1302 1514 per
1324 1474 1534 1505 dilectionem.
1557 1474 1646 1505 Ratio
1665 1477 1773 1505 autem

1000 1534 1099 1564 quare
1115 1525 1220 1564 magis
1237 1525 1309 1555 dicit
1328 1525 1365 1555 de
1379 1525 1458 1563 side,
1482 1525 1599 1565 duplex
1617 1528 1664 1556 est
1684 1525 1771 1565 :quia

1001 1576 1078 1605 fides
1103 1576 1230 1615 respicit
1256 1576 1478 1612 intellectum,
1503 1578 1534 1606 et
1558 1576 1727 1613 affectum;
1743 1578 1774 1606 et

1000 1626 1043 1656 ita
1058 1629 1195 1665 utroque
1216 1626 1322 1656 modo.
1341 1626 1415 1655 item
1433 1626 1494 1656 alia
1513 1627 1594 1656 ratio
1616 1629 1681 1664 est,
1698 1627 1774 1665 quia

1001 1679 1072 1709 licet
1091 1679 1227 1709 charitas
1249 1679 1416 1718 perfectius
1433 1680 1515 1710 dicat
1538 1680 1701 1715 unionem,
1726 1682 1772 1709 ta-

1003 1742 1076 1763 men
1110 1733 1285 1772 proprietas
1319 1733 1573 1763 manducationis
1603 1733 1710 1771 magis
1741 1732 1775 1762 in

1003 1788 1075 1816 actu
1090 1785 1162 1815 fidei
1181 1785 1363 1815 invenitur:
1381 1785 1457 1824 quia
1477 1785 1610 1816 credens
1632 1785 1776 1815 masticat

1002 1839 1230 1878 recogitando;
1255 1839 1309 1869 sed
1332 1839 1468 1878 diligens
1490 1848 1556 1870 non
1576 1839 1773 1877 incorporat,

1002 1893 1054 1923 sed
1070 1892 1299 1931 incorporatur.

1326 1986 1393 2008 DUB.
1415 1986 1447 2007 11.

1193 2043 1302 2067 Credere
1320 2043 1387 2067 enim
1404 2043 1429 2067 iu
1448 2049 1520 2071 eum,
1539 2044 1587 2066 etc.

1044 2106 1157 2136 Contra
1171 2116 1177 2135 ι
1193 2105 1324 2136 Videtur
1338 2105 1453 2135 falsum
1469 2105 1588 2142 dicere,
1605 2103 1681 2144 quia
1696 2103 1774 2134 illud

1003 2161 1049 2190 est
1064 2158 1225 2198 spirituale
1237 2183 1244 2196 ,
1267 2159 1383 2189 scilicet
1405 2158 1548 2193 credere,
1564 2157 1624 2187 hoc
1639 2159 1688 2188 est
1704 2165 1773 2188 cor·

1002 2211 1109 2251 porale
1121 2220 1129 2241 ι
1143 2220 1223 2249 ergo
1238 2220 1341 2240 unum
1356 2220 1420 2241 non
1435 2214 1481 2241 est
1495 2210 1643 2241 alterum.

1043 2264 1133 2303 Resp.
1151 2263 1322 2293 Dicendum
1341 2264 1425 2303 quod
1440 2264 1499 2293 hoe
1516 2272 1579 2293 non
1594 2266 1640 2294 est
1653 2263 1776 2294 dictum

1002 2326 1058 2357 per
1070 2317 1288 2347 omnimodam
1305 2316 1521 2354 identitatem,
1537 2316 1591 2346 sed
1608 2325 1664 2356 per
1677 2315 1776 2356 aequi-

1001 2369 1184 2409 pollentiam
1208 2369 1240 2398 in
1263 2368 1377 2399 ellectu
1388 2393 1395 2407 ,
1419 2370 1496 2408 quia
1509 2370 1592 2399 idem
1616 2369 1708 2405 facit,
1724 2366 1776 2399 vel

1002 2422 1238 2462 expressionem
1261 2421 1451 2460 signationis
1463 2446 1473 2460 ,
1489 2422 1566 2462 quia
1587 2422 1649 2453 hoc
1668 2421 1776 2460 signat

1002 2475 1079 2505 illud
1097 2485 1103 2505 :
1122 2478 1153 2504 et
1166 2475 1209 2504 sie
1222 2477 1309 2514 patet
1321 2476 1370 2514 obj
1377 2475 1468 2507 ectio·

1033 2557 1037 2569 ¹
1050 2555 1163 2582 Habetin·
1176 2556 1200 2579 in
1214 2556 1296 2580 Gloss.
1306 2556 1331 2580 in
1344 2556 1351 2579 l
1364 2555 1432 2586 Cor„
1442 2562 1478 2586 xi,
1488 2557 1558 2580 25.—
1568 2555 1576 2570 ³
1587 2555 1613 2578 tn
1626 2553 1777 2585 complenda

997 2590 1087 2615 missa.
1104 2592 1191 2621 Greg.,
1205 2591 1231 2614 in
1249 2591 1320 2616 hom.
1335 2591 1463 2621 paschali,
1475 2597 1502 2621 q.
1515 2596 1581 2614 xxii.
1599 2602 1625 2607 —
1647 2589 1656 2603 ³
1669 2589 1731 2613 Dist.
1750 2594 1774 2612 x.
