2017 2948
47 491 152 513 Fundam.

46 1546 76 1569 Ad
99 1552 150 1573 opp.

590 194 685 225 DIST.
709 194 759 225 Xl.
784 193 895 224 PART.
923 193 946 224 1.
970 192 1060 223 ART.
1087 192 1107 221 l.
1132 190 1281 228 QUAEST.
1307 191 1342 220 V.

433 313 613 352 QUAESTIO
634 312 671 343 V.

203 395 247 422 An
266 395 317 421 haec
333 395 465 421 conversio
484 395 520 420 stt
538 394 636 425 subita,
656 392 698 419 vel
717 393 865 419 successiva
881 395 898 417 ¹.

209 473 320 505 Utrum
344 473 412 504 haec
430 473 595 503 conversio
617 472 657 502 sit
677 472 792 509 subita,
815 481 854 502 an
870 480 938 502 suc—

168 529 303 566 cessiva;
325 531 355 559 et
377 529 461 568 quod
482 528 595 566 subita,
618 527 753 565 videtur,
772 527 847 567 quia
866 535 937 557 suc·

169 582 266 612 cessio
286 584 331 612 est
350 591 406 622 per
427 582 638 612 resistentiam
663 581 875 621 suscipientis,
903 583 939 611 ut

168 636 253 674 patet
269 635 303 665 in
326 635 492 666 diffusione
512 635 590 665 lucis
608 635 640 665 in
657 644 745 672 aera,
769 635 845 674 quia
859 633 939 665 nihil

169 690 215 718 est
228 688 271 718 ibi
286 688 450 719 resistens:
469 689 522 719 sed
533 698 573 719 cx
587 690 674 728 parte
688 688 777 728 panis
792 688 880 718 nulla
893 689 939 717 est

168 741 343 772 resistentia
356 752 362 771 ε
381 750 460 780 ergo
476 751 533 772 nec
546 741 700 771 successio
715 741 832 780 aliqua.

208 793 286 824 Item
299 797 320 832 ²,
337 797 492 834 quantum
507 795 646 834 operatio
660 796 707 825 est
721 803 739 824 a
752 794 871 824 virtute
885 803 939 833 po-

167 846 310 884 tentiori,
332 849 419 878 tanto
439 847 586 885 velocior,
608 849 643 877 ut
666 849 770 887 patet:
795 848 849 878 sed
869 847 939 878 haec

167 901 213 929 est
227 907 245 929 a
258 899 374 930 virtute
388 899 512 930 infinita
526 911 532 930 :
551 909 630 939 ergo
644 902 690 930 est
705 901 737 930 in
749 900 890 931 instanti.

209 952 286 983 Item
302 962 365 983 non
380 953 419 983 ob
438 954 521 983 aliud
545 956 592 984 est
607 954 760 984 successio
776 953 810 983 in
825 963 936 993 opera·

166 1006 262 1044 tione,
278 1006 336 1036 nisi
349 1008 477 1046 propter
493 1008 768 1046 praeparatIOnem,
785 1009 815 1037 et
830 1007 938 1037 induc-

169 1059 288 1090 tionem
305 1060 531 1099 proprietatum
546 1071 552 1090 ε
566 1060 619 1090 sed
630 1060 681 1090 hic
696 1060 782 1090 nulla
797 1062 844 1090 est
861 1069 938 1100 prae-

167 1113 285 1152 paratio
303 1123 309 1143 :
329 1122 405 1151 ergo
422 1113 510 1143 nulla
527 1114 691 1144 successio.

206 1164 293 1203 Item,
307 1165 460 1196 successio
471 1168 527 1196 aut
542 1166 592 1196 hic
605 1168 661 1203 θεῖ,
678 1166 753 1206 quia
764 1167 855 1206 panis
869 1176 938 1198 suc-

166 1218 284 1248 cessive
300 1218 457 1257 abjicitur,
475 1221 528 1249 aut
543 1220 618 1259 quia
634 1228 747 1259 corpus
762 1221 937 1250 successive

166 1272 377 1303 introducitur
394 1284 400 1303 :
420 1282 482 1303 nou
507 1274 582 1312 quia
598 1274 702 1312 panis,
724 1274 797 1313 quia
813 1283 877 1305 non
892 1278 938 1305 est

166 1334 294 1365 ponere,
318 1335 415 1365 quare
438 1326 529 1356 citius
548 1329 752 1357 convertatur
769 1336 834 1357 una
853 1336 934 1367 pars,

167 1387 261 1418 quam
285 1378 360 1417 alia,
384 1388 441 1409 nec
462 1380 610 1417 materia,
628 1390 724 1419 quam
746 1381 862 1418 forma;
881 1390 938 1411 nec

167 1432 241 1472 quia
264 1431 375 1462 Christi
399 1442 530 1470 corpus,
555 1433 630 1472 quia
651 1433 727 1463 illud
752 1443 817 1464 non
838 1436 937 1474 potest

166 1484 282 1515 habere
298 1485 359 1514 nisi
375 1494 442 1516 esse
459 1486 631 1525 pei-sectum
647 1489 677 1516 et
691 1487 867 1526 integrum.

207 1538 339 1569 Contra:
362 1542 390 1569 1.
411 1539 475 1570 Etsi
499 1540 609 1570 divina
633 1541 735 1571 virtus
760 1541 802 1571 ibi
825 1542 938 1572 imme-

166 1592 248 1623 diate
271 1595 435 1632 operetur,
467 1596 616 1632 operatur
645 1596 752 1624 tamen
781 1595 819 1624 ad
849 1594 938 1625 verbi

165 1645 394 1686 prolationem:
413 1645 465 1676 sed
487 1646 577 1676 verbi
601 1645 733 1685 prolatio
749 1649 796 1677 est
816 1656 939 1678 sucees-

166 1699 234 1730 siva
249 1710 254 1728 :
273 1708 351 1738 ergo
367 1700 396 1729 et
413 1700 588 1729 conversio.

206 1754 234 1783 2.
254 1752 348 1790 Item,
374 1752 400 1782 si
422 1752 505 1782 dicas
529 1753 612 1792 quod
637 1762 699 1784 non
720 1756 869 1793 operatur
885 1764 940 1794 per

167 1813 357 1843 sermonem,
376 1807 484 1835 tamen
507 1805 602 1836 simul
618 1808 767 1845 operatur
782 1816 854 1836 cum
870 1817 937 1838 ser-

167 1867 272 1896 mone,
290 1858 366 1898 quia
380 1867 438 1889 nec
453 1861 539 1897 ante,
558 1868 615 1889 nec
630 1860 711 1898 post,
727 1860 804 1899 quia
819 1869 940 1891 sermo-

166 1912 215 1942 nis
238 1913 370 1952 prolatio
390 1915 435 1943 est
460 1913 637 1943 successiva
655 1923 661 1943 ε
687 1921 765 1952 ergo
781 1922 853 1944 cum
869 1924 939 1946 sue-

166 1966 325 1997 cessivum
349 1975 412 1996 non
441 1965 480 1996 sit
505 1966 601 1996 simul
622 1975 696 1996 cum
724 1967 939 2009 instantaneo,

167 2021 265 2060 patet,
282 2021 340 2049 etc.

208 2075 236 2104 3.
255 2072 344 2109 Item,
363 2072 388 2102 si
401 2071 565 2102 conversio
581 2073 627 2102 est
643 2071 675 2102 in
690 2073 831 2111 instanti,
849 2083 938 2114 quee-

168 2136 214 2164 ro,
234 2127 264 2157 in
286 2126 339 2156 illo
355 2126 495 2163 instanti,
514 2127 544 2156 in
560 2135 623 2165 quo
638 2129 684 2157 θεῖ
700 2128 846 2166 mutatio,
864 2131 939 2169 quid

168 2180 223 2216 sit,
245 2181 300 2209 aut
316 2179 417 2218 panis,
438 2181 492 2210 aut
508 2188 622 2219 corpus
638 2191 644 2210 ;
663 2189 727 2210 non
748 2182 849 2220 panis,
866 2184 941 2222 quia

168 2232 258 2272 panis
269 2234 313 2262 est
324 2232 480 2262 terminus
500 2241 517 2262 a
532 2241 610 2272 qu03
629 2242 692 2263 non
711 2242 841 2273 corpus,
866 2237 941 2275 quia

168 2287 215 2316 est
234 2285 388 2315 terminus
403 2285 441 2315 ad
460 2294 555 2324 quem
576 2288 621 2316 θεῖ
637 2287 786 2325 mutatio;
808 2298 866 2319 nec
882 2290 939 2320 ali-

168 2338 243 2379 quid
259 2337 358 2368 aliud:
378 2346 454 2376 ergo
469 2338 570 2369 nihil:
587 2339 640 2369 sed
658 2339 717 2369 hoc
732 2342 779 2370 est
794 2341 939 2381 impossi-

168 2392 230 2422 bile
245 2401 253 2422 t
272 2400 352 2430 ergo
367 2390 501 2421 mutatio
516 2399 579 2421 non
596 2392 629 2421 fit
645 2392 677 2421 in
693 2392 835 2423 instanti.

208 2447 237 2475 4.
255 2444 332 2474 Item
355 2444 444 2483 panis
466 2443 517 2474 ille
539 2445 743 2476 conversione
764 2446 859 2477 habet
875 2457 942 2479 esse

204 2526 208 2539 ¹
224 2525 263 2555 Cf.
283 2525 353 2549 Alex.
376 2524 470 2554 Alens„
487 2531 511 2553 p.
530 2524 571 2552 lv,
588 2531 613 2554 q.
636 2530 660 2553 x,
680 2525 788 2548 membr.
811 2527 834 2556 5,
853 2528 899 2551 art.
918 2530 940 2558 4,

168 2561 183 2592 ἓ
196 2562 224 2591 7;
246 2561 272 2585 S.
294 2560 396 2589 Thom.,
415 2567 439 2590 p.
460 2559 540 2590 lll,1‘1.
559 2565 636 2589 Lx‘xV,
657 2562 703 2583 art.
719 2562 749 2590 7;
769 2562 793 2584 et
814 2562 843 2585 {V
862 2563 941 2593 Seni„

170 2597 227 2620 dist.
244 2603 279 2627 11,
295 2603 319 2627 q.
332 2602 349 2623 1,
365 2598 411 2620 art.
430 2598 456 2624 23
473 2597 497 2618 ct
514 2596 543 2618 lV
559 2596 624 2618 cont.
643 2595 704 2618 Gon!
720 2613 726 2624 ,
745 2604 766 2619 c.
787 2603 882 2628 Lxx1¹1;
898 2599 940 2622 Ri-

171 2631 418 2662 clmrdus,1VSent.,
429 2631 487 2654 dist.
501 2636 536 2660 xi,
550 2637 573 2661 q.
587 2636 625 2661 1v;
637 2631 725 2655 Thom.
738 2633 808 2662 Arg„
821 2634 850 2657 lV
863 2634 940 2665 Seni„

171 2666 227 2700 dist.
240 2672 280 2697 ιι,
291 2673 316 2698 q.
332 2672 350 2698 1,
365 2668 412 2690 art.
426 2668 457 2697 35
473 2666 560 2697 steph.
578 2666 682 2696 Brulef„
694 2667 726 2692 IV
741 2668 819 2698 Sem„
835 2668 890 2693 dist.
904 2675 940 2700 xr,

1703 191 1762 219 485

992 259 1158 296 ultimum;
1175 257 1320 288 similiter
1335 266 1450 296 corpus
1469 257 1582 287 Christi
1598 257 1737 296 primum
1753 267 1760 286 :

992 313 1048 342 aut
1062 320 1139 350 ergo
1154 311 1187 341 in
1201 311 1310 341 eodem
1323 309 1463 347 instanti,
1480 312 1535 339 aut
1548 309 1583 339 in
1595 309 1671 339 alio:
1689 309 1715 339 si
1729 309 1761 339 in

993 364 1114 401 eodem,
1137 373 1216 402 ergo
1240 363 1335 393 simul
1359 365 1405 392 est
1430 362 1519 401 panis
1544 364 1574 392 et
1592 371 1720 401 corpus;
1737 362 1763 391 si

994 418 1025 447 in
1048 417 1110 447 alio
1135 419 1164 447 et
1187 416 1258 454 alio,
1279 416 1330 446 sed
1353 416 1434 446 inter
1458 415 1607 455 quaelibet
1629 415 1691 445 duo
1712 415 1763 444 iu-

994 471 1092 501 tantia
1106 470 1186 500 cadIt
1201 472 1326 509 tempus
1340 469 1491 506 medium,
1502 470 1533 498 et
1547 468 1580 498 in
1591 467 1644 498 illo
1660 468 1763 499 medio

994 526 1040 554 est
1054 523 1217 554 conversio
1230 534 1236 554 ε
1254 532 1345 562 ergo⁷
1364 524 1423 553 etc.

1268 638 1492 670 CONCLUSIO.
1503 613 1512 622 ·

997 724 1139 751 Conversio
1160 725 1245 758 panis
1269 725 1297 750 in
1320 732 1408 750 verum
1436 723 1537 750 Christi
1561 731 1656 758 corpus
1680 726 1710 758 fit
1738 725 1766 751 in

1031 770 1154 801 instanti,
1169 772 1191 795 et
1206 776 1257 795 non
1272 770 1422 799 successive,
1437 769 1499 795 licet
1513 770 1559 802 fiat
1575 769 1610 795 ad
1620 770 1694 795 verbi
1704 777 1766 804 pro-

1032 814 1158 840 lationem
1174 823 1181 839 :
1196 821 1258 839 nam
1272 814 1301 847 fit
1314 821 1364 848 per
1382 813 1497 840 Verbum
1511 814 1667 840 increatum.

1035 897 1126 938 Resp.
1144 898 1183 928 ad
1206 907 1277 937 arg.
1304 898 1476 928 Dicendum
1498 898 1584 937 quod
1605 898 1673 929 haec
1690 908 1764 929 con-

995 950 1098 981 versio
1121 953 1167 981 est
1188 951 1309 988 subita,
1336 953 1366 980 et
1386 951 1418 980 in
1443 951 1595 982 instanti:
1618 953 1766 991 quamvis

994 1004 1079 1034 enim
1098 1005 1153 1035 fiat
1171 1005 1208 1034 ad
1228 1005 1317 1035 verbi
1337 1004 1562 1044 prolationem,
1579 1014 1644 1036 non
1659 1007 1766 1036 tamen

994 1058 1195 1097 perverbum
1206 1058 1286 1088 sicut
1301 1067 1356 1098 per
1366 1057 1547 1089 effectivum
1558 1058 1762 1098 principium,

993 1112 1047 1142 sed
1069 1120 1125 1151 per
1138 1111 1278 1142 Verbum
1298 1111 1490 1147 increatum,
1511 1111 1596 1150 quod
1615 1115 1764 1151 operatur

993 1166 1026 1196 in
1041 1165 1182 1196 instanti.

1036 1223 1048 1249 1
1063 1222 1092 1250 et
1103 1221 1132 1250 2.
1148 1218 1237 1256 Quod
1251 1227 1329 1258 ergo
1340 1218 1498 1257 objicitur,
1515 1219 1601 1258 quod
1614 1228 1679 1250 non
1691 1223 1766 1250 sunt

994 1273 1104 1311 simul,
1121 1272 1291 1303 dicendum
1312 1272 1393 1312 quod
1411 1272 1624 1303 successivum
1641 1282 1706 1303 non
1721 1276 1766 1303 est

994 1326 1087 1357 simul
1115 1335 1188 1356 cum
1210 1326 1421 1362 instantaneo,
1449 1334 1506 1355 nec
1529 1326 1567 1364 (α)
1591 1326 1765 1357 secundum

993 1382 1110 1415 totum,
1138 1388 1196 1409 nec
1220 1378 1392 1408 secundum
1414 1379 1554 1418 partem
1581 1378 1635 1408 scd
1660 1380 1765 1410 tamen

993 1433 1167 1463 secundum
1187 1431 1306 1471 aliquid
1331 1431 1395 1467 sui,
1419 1433 1532 1470 utputa
1553 1431 1687 1470 sactum,
1717 1433 1766 1463 vel

994 1487 1112 1517 dictum
1128 1495 1211 1522 csse,
1228 1484 1313 1524 quod
1332 1486 1378 1514 est
1398 1484 1449 1514 vel
1464 1484 1498 1514 in
1516 1484 1637 1514 ratione
1654 1485 1764 1523 medii,

994 1539 1043 1569 vel
1057 1539 1213 1578 principii⁷
1226 1538 1277 1569 vel
1286 1537 1369 1567 finis.
1379 1536 1466 1567 Unde
1476 1538 1598 1567 certum
1611 1539 1668 1575 est,
1681 1538 1764 1577 quod

995 1592 1120 1631 quando
1136 1593 1236 1621 totum
1248 1591 1366 1621 dietum
1379 1591 1436 1628 est,
1452 1591 1555 1620 totum
1570 1590 1687 1621 sactum
1703 1593 1763 1621 est:

994 1645 1048 1676 sed
1064 1644 1190 1685 quando
1205 1643 1357 1674 Dominus
1372 1642 1454 1680 facit,
1472 1642 1538 1682 ipse
1554 1643 1654 1674 novit.

1035 1701 1064 1729 3.
1082 1699 1128 1728 Ad
1142 1697 1218 1727 illud
1235 1705 1309 1727 vero
1325 1696 1408 1735 quod
1423 1696 1571 1735 objicitur
1593 1696 1630 1726 de
1653 1697 1706 1728 illo
1723 1697 1767 1728 in-

995 1752 1101 1789 stanti,
1126 1753 1235 1781 utrum
1251 1750 1291 1780 sit
1306 1749 1413 1789 panis,
1438 1748 1605 1779 dicendum
1630 1750 1713 1789 quod
1734 1750 1767 1780 in

996 1805 1170 1836 mutatione
1195 1803 1297 1834 subita
1317 1805 1362 1833 est
1383 1802 1477 1832 simul
1498 1802 1583 1839 fieri,
1605 1804 1635 1833 et
1649 1803 1767 1834 factum

995 1867 1078 1896 esse3
1091 1860 1121 1888 et
1132 1856 1227 1887 simul
1238 1856 1392 1893 desinere,
1407 1857 1437 1885 ct
1446 1855 1589 1886 desiisse:
1602 1856 1677 1895 quia
1687 1865 1766 1895 ergo

995 1914 1029 1944 in
1044 1911 1173 1943 instanti
1189 1910 1302 1942 desinit
1319 1919 1385 1940 esse
1403 1909 1503 1949 panis,
1520 1918 1584 1940 non
1599 1912 1646 1940 est
1664 1911 1765 1951 panis.

996 1966 1128 2003 Rursus,
1141 1965 1215 2005 quia
1228 1964 1336 2003 incipit
1349 1972 1417 1994 esse
1432 1972 1558 2002 corpuS‚
1570 1963 1623 1994 vel
1637 1972 1768 1995 conver-

997 2020 1072 2051 titur
1086 2020 1120 2049 in
1135 2026 1259 2058 corpus,
1279 2019 1323 2047 est
1339 2025 1454 2056 corpus
1469 2016 1593 2047 Christi.

1036 2076 1065 2103 4.
1083 2073 1130 2104 Ad
1146 2072 1223 2102 illud
1240 2080 1316 2102 vero
1331 2070 1415 2110 quod
1432 2071 1588 2110 quaeritur
1601 2071 1639 2102 de
1656 2071 1767 2103 ultimo
1782 2083 1860 2111 Opinio
1871 2086 1889 2104 ι.

996 2127 1096 2167 panis,
1111 2125 1278 2165 multiplex
1289 2126 1335 2155 est
1347 2124 1381 2163 (b)
1399 2123 1522 2164 positio.
1533 2123 1666 2161 Quidam
1678 2125 1763 2155 euim

996 2180 1117 2217 dicunt,
1144 2178 1229 2218 quod
1252 2177 1327 2217 quia
1347 2176 1436 2217 panis
1460 2177 1555 2207 habet
1576 2177 1767 2217 temporale,

996 2232 1050 2263 sed
1069 2241 1182 2271 eorpus
1197 2230 1311 2261 Christi
1326 2239 1392 2260 esse
1407 2232 1575 2268 aeternum,
1592 2229 1677 2269 quod
1692 2230 1767 2261 ulti-

998 2295 1087 2317 mum
1110 2294 1177 2316 esse
1202 2284 1293 2325 panis
1312 2293 1378 2315 non
1399 2286 1445 2314 est
1468 2283 1527 2314 nisi
1548 2283 1580 2314 in
1609 2286 1766 2323 tempore,

997 2339 1137 2380 primum
1152 2347 1220 2369 esse
1235 2338 1374 2378 corporis
1389 2338 1421 2367 in
1437 2336 1673 2367 instanti.Unde
1688 2337 1767 2368 sicut

997 2394 1117 2424 instans
1131 2392 1297 2432 copulatur
1315 2392 1353 2422 ad
1371 2393 1511 2431 tempus,
1529 2390 1573 2420 ita
1587 2390 1671 2430 quod
1687 2390 1767 2421 nihil

997 2449 1042 2477 est
1056 2446 1270 2484 111θ(1111111;εἰθ
1284 2448 1315 2477 et
1330 2446 1362 2476 in
1378 2444 1536 2485 proposito
1549 2444 1664 2474 habere
1679 2452 1712 2474 se
1723 2444 1767 2475 di-

997 2553 1020 2577 q.
1038 2553 1070 2576 v;
1086 2545 1150 2569 Pclr.
1165 2544 1195 2568 ‹le
1211 2545 1321 2571 Tarzmt..
1339 2543 1370 2567 lV
1386 2543 1464 2572 Sent„
1481 2542 1537 2566 dist.
1553 2548 1589 2570 xz,
1605 2548 1629 2572 q.
1646 2547 1675 2572 v;
1690 2541 1765 2566 anr.

998 2580 1069 2610 niet,
1084 2581 1114 2604 lV
1126 2581 1206 2608 Sem„
1221 2580 1279 2603 dist.
1296 2584 1400 2609 X1,q.1,
1413 2578 1473 2602 dul).
1486 2579 1507 2601 4.
1520 2591 1548 2595 —
1559 2578 1568 2593 ²
1579 2577 1666 2607 Arist„
1682 2577 1766 2608 I’hys.,

996 2617 1084 2646 lib.Vl,
1101 2619 1170 2640 cont.
1185 2617 1220 2646 11,
1235 2617 1259 2639 et
1273 2615 1359 2644 circu;
1375 2614 1418 2638 lib.
1431 2613 1695 2644 Vlll;Metap1}1.‚lih,
1713 2614 1765 2636 Ml.

1029 2670 1059 2699 (a)
1074 2669 1142 2693 Erlil.
1162 2669 1216 2693 Veii.
1235 2676 1276 2692 ne.
1288 2682 1315 2685 -
1331 2668 1363 2698 tl»)
1382 2668 1448 2690 litat.
1466 2667 1521 2690 Vera.
1537 2673 1577 2690 ex.
