2017 2948
82 2510 184 2530 fundum.

698 148 792 179 DIST.
817 148 883 180 vn.
907 147 996 178 ART.
1018 147 1041 178 Ι.
1066 147 1213 184 QUAEST.
1239 148 1275 178 ΙΙ.

192 226 290 255 mam,
302 218 353 249 cui
362 217 458 249 etiam
465 217 618 248 virtutem
631 215 848 246 sanctificandi
859 215 957 246 dedit:

192 273 223 302 et
236 280 292 311 per
305 270 366 301 hoc
381 272 465 311 patet
478 269 640 309 responsio
653 269 692 300 ad
706 269 860 309 primum.

233 326 263 354 ⁶2.
276 324 323 354 Ad
335 323 410 354 illud
425 323 509 363 quod
522 322 670 362 objicitur
684 321 722 352 de
736 322 849 360 fornia,
862 331 962 362 quare

193 377 309 408 scilicet
322 376 463 407 Christus
476 384 541 406 non
555 375 702 412 instituit,
714 376 744 405 et
763 384 861 414 quare
876 384 963 415 apos-

194 430 247 460 toli
269 438 334 460 non
352 428 575 465 instituerunt,
597 436 656 458 nec
676 428 809 467 posteris
830 427 963 458 tradide-

193 484 283 520 runt,
306 481 386 513 ratio
407 481 557 521 praedicta
571 483 629 512 est.
650 480 787 512 Possunt
806 483 913 511 tamen
932 483 964 512 et

194 534 263 565 aliae
283 534 421 565 rationes
442 533 662 573 congruentiae
686 533 864 573 assignari:
888 533 964 573 quia

194 589 279 618 enim
297 587 502 618 minuebatur
519 587 553 618 iu
572 587 828 627 dispensantibus
847 586 962 617 saucti-

193 643 256 679 tas,
272 642 303 671 et
317 640 351 671 in
367 640 608 681 suscipientibus
626 639 796 677 idoneitas;
818 639 887 670 ideo
903 648 963 680 op-

194 695 366 734 portunum
391 693 450 724 suit
476 693 640 724 instituere
666 693 802 724 verbum
825 692 964 723 sanctifi-

194 755 279 777 cans.
296 746 366 777 Alia
384 749 430 777 est
451 746 546 777 etiam
565 746 661 784 ratio,
682 746 735 777 sed
758 746 828 777 haec
849 746 965 786 patebit

195 799 276 830 infra
292 803 313 830 ¹.

234 854 263 883 3.
279 852 327 883 Ad
342 852 418 883 illud
431 853 514 892 quod
529 853 613 883 ultra
627 853 784 893 quaeritur
798 853 836 883 de
851 854 963 890 forma,

194 905 362 936 dicendum
388 906 473 945 quod
500 906 534 936 in
560 906 619 937 hoc
647 908 844 937 sacramento
871 906 966 936 datur

195 959 300 997 gratia
313 958 353 989 ad
366 959 464 989 robur
479 959 549 989 fidei
567 962 723 999 quantum
741 959 780 990 ad
796 960 965 990 confirma-

193 1011 313 1042 tionem
323 1011 356 1041 in
368 1012 471 1050 corde,
481 1014 511 1042 et
520 1014 677 1052 quantum
686 1012 724 1043 ad
736 1012 964 1043 contessionem

194 1064 326 1095 liberam
340 1064 374 1095 in
390 1073 464 1095 ore:
483 1067 514 1095 et
534 1065 609 1105 quia
627 1065 848 1096 difficillimum
868 1067 899 1096 et
913 1075 963 1096 ar-

195 1117 384 1148 duissimum
403 1120 469 1148 erat
484 1117 643 1149 Christum
661 1118 850 1149 crucifixum
866 1119 964 1149 confi-

195 1171 267 1208 teri3
294 1173 365 1201 tum
388 1173 516 1210 propter
541 1171 764 1211 opprobrium,
791 1173 966 1203 secundum

195 1224 279 1263 quod
297 1224 412 1255 dicitur
424 1226 454 1255 ¹:
479 1224 697 1256 Proeclz'camus
713 1225 875 1256 Christum
891 1234 966 1257 cru-

195 1277 343 1316 cifioezmz,
360 1277 482 1308 Jncloev's
503 1278 631 1317 quidem
646 1278 846 1317 scandalum,
860 1280 965 1318 (lenti-

197 1329 252 1361 bus
268 1334 372 1362 autem
393 1330 586 1369 stultilicwM
604 1333 674 1360 tum
695 1333 821 1370 propter
840 1331 967 1371 pericu-

197 1383 279 1420 lum,
300 1383 375 1422 quia
398 1383 570 1413 adversarii
590 1384 667 1413 tales
687 1384 871 1415 nitebantur
885 1385 965 1415 occi-

196 1435 306 1466 dere³z
327 1431 409 1467 ‘Hoec
435 1436 556 1474 sacient
581 1436 668 1467 vobis
695 1441 826 1476 propter
852 1446 968 1469 nomen

197 1496 314 1528 meum;
327 1489 400 1519 hinc
414 1491 460 1520 est
475 1490 557 1529 quod
573 1489 676 1520 decuit
688 1490 847 1530 duplicem
859 1494 965 1522 actum

197 1541 230 1571 in
254 1541 355 1572 forma
376 1541 467 1581 poni,
489 1551 593 1572 unum
610 1543 667 1582 qui
685 1543 812 1583 respicit
833 1544 967 1574 liberam

198 1594 339 1625 crucifixi
363 1596 610 1633 confessionem,
635 1596 725 1636 quasi
751 1606 821 1627 eam
844 1606 968 1637 semper

197 1648 291 1678 ferret
306 1648 338 1678 in
358 1648 478 1687 fronte,
501 1649 635 1680 alterum
651 1650 706 1689 qui
726 1650 851 1691 respicit
867 1652 968 1682 cordis

198 1702 431 1733 stabilitionem.

238 1758 257 1786 4
275 1758 305 1787 et
330 1757 358 1786 5.
386 1756 432 1787 Ex
456 1757 515 1787 hoc
540 1758 638 1796 patet,
664 1766 764 1797 quare
786 1757 891 1797 magis
914 1758 969 1789 fiat

199 1809 316 1840 mentio
331 1809 368 1840 de
382 1818 484 1846 cruce,
500 1810 575 1849 quia
588 1810 665 1840 illud
682 1813 727 1841 est
741 1810 968 1841 arduissimum

199 1868 229 1893 et
247 1862 498 1901 ignominiosum
514 1863 666 1893 confiteri.
685 1862 726 1893 De
748 1863 879 1893 materia
893 1872 968 1894 vero

199 1924 297 1955 quare
309 1914 369 1945 hoc
383 1916 427 1953 sit,
441 1915 508 1954 jam
524 1915 661 1953 videtur,
678 1917 709 1946 et
723 1915 804 1946 ratio
821 1918 877 1954 est,
895 1917 969 1956 quia

199 1970 380 2000 consecrata
397 1970 460 2006 est;
477 1977 541 1999 non
559 1968 603 1999 sic
618 1969 650 1999 in
662 1969 867 2000 sacramentis
886 1969 966 2000 aliis.

199 2021 304 2061 Aliqui
322 2023 429 2052 tamen
450 2021 575 2058 dicunt,
596 2022 680 2062 quod
698 2021 758 2053 hoc
777 2024 824 2053 est
843 2025 969 2062 propter

199 2075 393 2115 praecipuam
409 2074 580 2105 efficaciam
596 2075 695 2115 hujus
715 2075 918 2114 sacramenti,
939 2077 970 2106 et

199 2127 334 2165 gratiam
349 2127 514 2167 specialem
528 2129 558 2158 et
572 2127 781 2167 singularem,
793 2137 867 2169 quae
876 2129 969 2160 datur

199 2180 233 2210 in
250 2180 310 2211 hoc
322 2183 517 2212 sacramento
533 2181 573 2212 ad
586 2191 740 2221 pugnam.

447 2297 650 2334 QUAESTIO
679 2297 720 2329 II.

245 2380 291 2404 An
313 2378 425 2404 materia
447 2379 483 2404 sit
503 2380 649 2404 nececsarz'a
670 2379 706 2405 ad
729 2380 925 2405 sacramentum

463 2422 675 2456 confirmationis
687 2422 706 2449 ·.

242 2502 285 2534 De
305 2501 452 2539 materia,
471 2503 583 2532 utrum
604 2502 644 2532 sit
662 2501 856 2532 necessaria:
874 2504 906 2532 et
919 2502 968 2532 vi-

202 2557 294 2588 detur
311 2556 426 2596 primo,
442 2555 525 2596 quod
542 2554 626 2586 istud
640 2557 872 2587 sacramentum
887 2554 970 2586 indi-

236 2620 242 2632 “
258 2619 285 2642 ln
298 2625 404 2649 corpore
425 2617 573 2648 quaestionis
590 2624 643 2648 seq.
658 2630 687 2636 -
706 2618 717 2634 ¹
732 2618 740 2641 Ι
759 2617 827 2644 Corn,
848 2624 864 2648 1,
883 2619 922 2641 23.
940 2630 968 2635 —

1727 153 1785 182 403

1016 217 1088 253 geat
1098 215 1273 245 necessario
1290 215 1420 246 materia
1437 227 1443 245 2
1460 217 1535 256 quia
1553 218 1606 255 (a),
1617 217 1698 248 sicut
1711 216 1786 248 dicit

1018 266 1113 306 Hugo
1127 268 1149 304 ⁵,
1174 269 1408 299 sacramentum
1431 270 1478 298 est
1496 268 1687 300 elementum
1709 269 1786 301 foris

1016 320 1208 351 sensibiliter
1228 321 1444 361 propositum,
1459 330 1498 351 ex
1509 321 1720 353 similitudine
1736 332 1785 354 re·

1016 376 1210 412 praesentans
1224 385 1231 405 ε
1246 375 1299 404 sed
1313 374 1548 414 repraesentatio
1563 378 1607 405 est
1622 385 1678 416 per
1692 378 1787 408 mate-

1017 426 1116 457 riam:
1133 435 1213 465 ergo
1227 427 1359 458 materia
1376 430 1422 457 est
1437 428 1623 459 necessaria.

1058 479 1225 519 Praeterea,
1242 490 1338 521 supra
1352 481 1496 512 habitum
1509 483 1567 520 est,
1582 481 1667 522 quod
1682 481 1787 513 Domi-

1017 541 1078 562 nus
1098 535 1283 572 potestatem
1304 534 1478 564 mundandi
1498 543 1563 564 non
1581 534 1708 565 tradidit
1728 534 1788 566 ho-

1018 584 1097 614 mini
1115 594 1171 625 per
1186 595 1230 624 se,
1248 586 1301 616 sed
1315 596 1371 626 per
1386 587 1591 626 elementum,
1605 597 1644 617 ne
1659 596 1791 627 ponere·

1017 639 1070 668 tur
1087 647 1158 677 spes
1181 639 1213 669 in
1228 639 1380 670 homine:
1405 649 1484 680 ergo
1501 640 1569 680 pari
1588 640 1709 671 ratione
1729 650 1789 681 po-

1018 693 1162 722 testatem
1184 693 1395 723 confirmandi
1418 702 1481 724 non
1502 693 1610 725 debuit
1633 694 1708 725 dare
1731 694 1788 725 ho-

1018 743 1108 781 mini,
1126 744 1185 774 nisi
1197 745 1356 776 mediante
1370 746 1536 777 elemento.

1059 796 1120 827 Sed
1135 799 1264 828 contra:
1284 800 1296 828 Ἰ
1306 821 1313 828 .
1330 798 1470 837 Apostoli
1484 799 1550 830 sola
1564 810 1678 831 manus
1691 801 1791 841 impo-
1807 810 1843 832 Aa
1858 816 1909 839 opp.

1019 850 1133 881 sitione
1157 851 1387 881 confirmabant
1401 862 1407 881 :
1442 861 1522 891 ergo
1552 853 1680 884 videtur
1707 854 1791 894 quod

1019 912 1214 934 successores
1233 912 1344 934 eorum
1368 904 1433 934 sola
1452 914 1569 935 manus
1591 906 1793 946 impositione

1020 956 1080 986 hoc
1106 956 1241 996 possint,
1271 956 1298 986 si
1319 957 1566 989 transmiserunt
1589 961 1790 998 potestatem,

1020 1018 1117 1049 quam
1133 1009 1304 1040 habebant.

1060 1065 1090 1094 2.
1113 1063 1191 1094 Item
1212 1063 1345 1094 materia
1367 1064 1502 1095 aliorum
1523 1068 1793 1097 sacramentorum

1021 1117 1080 1147 suit
1094 1117 1238 1148 instituta
1252 1126 1271 1148 a
1285 1117 1418 1155 Christo,
1435 1120 1469 1148 ut
1483 1120 1566 1158 patet
1590 1118 1622 1149 in
1639 1118 1793 1159 baptismo

1021 1172 1050 1200 et
1071 1170 1280 1208 eucharisum
1303 1173 1334 1201 et
1355 1170 1497 1202 Christus
1511 1172 1606 1202 etiam
1628 1181 1665 1203 ea
1686 1181 1794 1203 susce-

1021 1223 1068 1263 pit
1085 1234 1092 1254 :
1112 1233 1190 1263 ergo
1208 1224 1335 1255 videtur
1350 1224 1416 1264 pari
1432 1224 1570 1263 ratione,
1590 1225 1675 1265 quod
1693 1225 1719 1256 si
1734 1226 1794 1256 hoc

1022 1279 1256 1307 sacramentum
1267 1277 1397 1318 haberet
1409 1279 1587 1315 materiam,
1599 1279 1683 1318 quod
1695 1279 1795 1310 Chris-

1021 1331 1073 1360 tus
1089 1330 1274 1361 instituisset
1289 1333 1524 1361 sacramentum
1538 1332 1748 1372 suscipiendo.
1761 1331 1793 1363 Si

1023 1384 1057 1413 tu
1072 1382 1167 1420 dicas,
1181 1383 1266 1422 quod
1281 1392 1346 1413 non
1361 1383 1491 1414 decebat
1505 1393 1580 1414 eum
1594 1384 1792 1415 confirmari:

1023 1435 1170 1474 objicitur
1195 1437 1287 1474 tunc,
1311 1436 1387 1476 quia
1409 1437 1554 1468 similiter
1575 1446 1633 1468 nec
1655 1438 1793 1468 circum-

1023 1489 1100 1527 cidi,
1119 1498 1176 1519 nec
1191 1489 1362 1529 baptizari:
1383 1490 1438 1521 sed
1453 1490 1525 1521 fecit
1544 1493 1672 1530 propter
1687 1492 1795 1522 aucto-

1023 1543 1147 1573 ritatem
1171 1543 1376 1582 sacramenti,
1397 1546 1427 1575 et
1450 1544 1596 1575 habitum
1619 1546 1666 1575 est
1686 1553 1795 1576 exem-

1023 1595 1130 1635 plum:
1145 1605 1240 1635 ergo,
1256 1599 1315 1633 etc,

1066 1651 1094 1679 3.
1119 1649 1196 1679 Item
1217 1659 1327 1689 quaero
1347 1651 1458 1681 utrum
1476 1651 1610 1682 materIa
1630 1651 1727 1692 huJus
1748 1662 1796 1684 sa-

1024 1703 1175 1733 cramenti
1195 1702 1306 1733 debeat
1325 1711 1392 1733 esse
1408 1706 1588 1734 consecrata
1595 1715 1603 1742 ;
1621 1706 1651 1735 et
1671 1705 1797 1737 videtur

1024 1755 1109 1794 quod
1124 1755 1178 1791 sic,
1191 1755 1266 1795 quia
1280 1757 1326 1786 est
1338 1755 1487 1793 chrisma,
1501 1756 1587 1796 quod
1597 1761 1797 1790 consecratur

1025 1817 1043 1839 a
1054 1808 1255 1848 pontificibus
1265 1808 1472 1839 determinato
1483 1811 1625 1849 tempore
1635 1811 1723 1841 anni.
1736 1811 1796 1842 Sed

1026 1862 1152 1892 videtur
1165 1861 1250 1901 quod
1264 1870 1340 1898 non,
1357 1870 1430 1891 cum
1443 1861 1505 1892 alla
1519 1865 1717 1894 sacramenta
1731 1873 1797 1904 pos-

1025 1914 1088 1944 sint
1102 1914 1169 1944 fieri
1184 1913 1251 1944 sine
1264 1914 1508 1952 consecratione,
1525 1917 1561 1946 ut
1575 1918 1659 1955 patet
1677 1916 1710 1947 in
1724 1917 1798 1958 bap-

1025 1966 1129 2004 tismo,
1141 1966 1225 2006 quod
1234 1967 1397 2005 antecedit,
1410 1969 1440 1998 et
1450 1968 1652 2007 eucharistia,
1662 1978 1734 2009 quae
1746 1979 1798 2001 se-

1025 2020 1135 2060 quitur
1146 2020 1340 2059 baptismum
1354 2031 1361 2050 :
1375 2029 1453 2059 ergo
1464 2021 1536 2052 etin
1546 2022 1795 2055 confirmatione.

1064 2075 1094 2104 4.
1110 2073 1188 2104 Item
1207 2082 1334 2113 quaem,
1352 2082 1426 2103 cum
1447 2074 1509 2104 alia
1528 2078 1724 2107 sacramenta
1739 2077 1795 2108 ha-

1025 2127 1120 2157 beant
1134 2126 1290 2157 elementa
1304 2126 1474 2166 simpHcia,
1490 2136 1555 2158 non
1569 2128 1682 2167 mixta,
1698 2138 1797 2169 quare

1024 2180 1085 2211 hoc
1105 2181 1340 2210 sacramentum
1360 2180 1457 2211 habet
1483 2181 1598 2220 mixta;
1620 2184 1651 2213 et
1673 2182 1797 2214 v1detur

1024 2232 1109 2273 quod
1133 2241 1198 2263 non
1220 2232 1347 2264 deberet
1372 2233 1506 2272 habere,
1535 2235 1610 2275 quia
1634 2235 1795 2267 dicitur-⁸:

1025 2321 1035 2338 ³
1048 2322 1129 2350 Jomz..
1153 2327 1194 2349 XV.
1215 2323 1254 2345 21.
1270 2334 1296 2338 —
1315 2322 1325 2337 ⁸
1341 2322 1381 2351 Cf.
1400 2322 1470 2346 Alex.
1496 2323 1591 2353 Ateus„
1616 2330 1641 2353 p.
1661 2324 1702 2353 lV,
1719 2331 1743 2354 q.
1759 2329 1797 2353 1x‚

1025 2358 1120 2380 meunt».
1143 2358 1165 2383 3,
1183 2359 1229 2380 art.
1262 2358 1286 2380 1.
1305 2357 1316 2386 Ξ
1336 2360 1358 2386 Ι;
1380 2359 1406 2380 S.
1427 2358 1528 2387 Thoar,
1550 2365 1575 2388 p.
1602 2359 1642 2387 ΙΙΙ,
1667 2366 1690 2390 q.
1714 2365 1796 2390 Lxxu,

1026 2395 1063 2415 art
1094 2395 1123 2422 1{;
1149 2394 1172 2416 vt
1198 2393 1227 2415 IV
1249 2393 1328 2421 svnt„
1351 2393 1409 2416 dist.
1431 2399 1474 2418 vu,
1497 2400 1522 2424 q.
1545 2400 1560 2422 ι,
1580 2396 1628 2417 art.
1645 2396 1669 2424 2,
1690 2401 1714 2425 q.
1733 2400 1756 2425 1;
1773 2397 1797 2419 et

1026 2428 1057 2451 lV
1070 2430 1158 2451 contra
1170 2429 1253 2455 sient„
1269 2435 1291 2451 c.
1308 2434 1338 2451 Lx
1351 2435 1357 2456 ;
1369 2428 1515 2456 bichardus,
1533 2429 1561 2452 [V
1574 2431 1654 2457 Sunt„
1675 2430 1731 2454 dist.
1748 2437 1797 2461 vll,

1026 2471 1050 2494 q.
1067 2471 1087 2492 ¹3
1104 2464 1252 2487 Futile-iscus
1267 2464 1297 2487 dc
1317 2464 1408 2494 Mayr.‚
1429 2464 1459 2487 IV
1476 2466 1554 2494 Sena,
1577 2464 1635 2487 dist.
1655 2470 1702 2495 vn,
1722 2473 1746 2496 q.
1763 2472 1795 2497 113

1026 2499 1114 2528 Stepli.
1131 2499 1234 2526 B1·ules.‚
1253 2500 1283 2522 lv
1303 2499 1381 2528 Saul„
1403 2499 1460 2522 dist.
1481 2504 1527 2528 νΙΙ,
1549 2507 1573 2529 q.
1596 2505 1641 2530 1¹13
1662 2500 1749 2524 Petrus
1766 2501 1797 2524 de

1025 2535 1138 2565 Turnat„
1155 2535 1184 2557 lv
1201 2535 1259 2557 Sunt
1273 2552 1280 2563 ‚
1295 2535 1352 2558 dist.
1371 2540 1416 2562 vn,
1432 2541 1456 2565 q.
1473 2540 1503 2558 111
1519 2536 1544 2558 et
1560 2540 1594 2559 ιν.
1610 2535 1754 2568 -—⁵11ug.‚
1769 2536 1798 2560 de

1026 2571 1148 2600 Sacram,
1162 2569 1206 2594 lib.
1224 2570 1312 2601 xviii,
1327 2577 1352 2601 p.
1371 2575 1408 2600 rx,
1423 2577 1445 2593 c.
1460 2571 1484 2593 Ξ.
1501 2583 1530 2587 -—
1547 2570 1558 2585 ⁶
1571 2571 1659 2601 Eccli„
1674 2577 1747 2602 xxiv,
1758 2574 1795 2596 2¹.

1058 2616 1090 2644 (α)
1108 2614 1173 2637 Edit.
1194 2614 1251 2638 Ven.
1268 2614 1380 2638 materia.
1400 2614 1427 2636 Et
1444 2613 1509 2643 quia.
