<?xml version="1.0" encoding="UTF-8"?>
<!DOCTYPE html PUBLIC "-//W3C//DTD XHTML 1.0 Transitional//EN"
    "http://www.w3.org/TR/xhtml1/DTD/xhtml1-transitional.dtd">
<html xmlns="http://www.w3.org/1999/xhtml" xml:lang="en" lang="en">
 <head>
  <title>
</title>
<meta http-equiv="Content-Type" content="text/html;charset=utf-8" />
  <meta name='ocr-system' content='tesseract 3.04.00' />
  <meta name='ocr-capabilities' content='ocr_page ocr_carea ocr_par ocr_line ocrx_word'/>
</head>
<body>
  <div class='ocr_page' id='page_1' title='image "./operaomniasixtiv05bonauoft/operaomniasixtiv05bonauoft_0462.png"; bbox 0 0 2017 2948; ppageno 0'>
   <div class='ocr_carea' id='block_1_1' title="bbox 125 482 228 503">
    <p class='ocr_par' dir='ltr' id='par_1_1' title="bbox 125 482 228 503">
     <span class='ocr_line' id='line_1_1' title="bbox 125 482 228 503; baseline 0.01 -1"><span class='ocrx_word' id='word_1_1' title='bbox 125 482 228 503; x_wconf 70' lang='lat' dir='ltr'>Fundam.</span> 
     </span>
    </p>
   </div>
   <div class='ocr_carea' id='block_1_2' title="bbox 129 1440 228 1467">
    <p class='ocr_par' dir='ltr' id='par_1_2' title="bbox 129 1440 228 1467">
     <span class='ocr_line' id='line_1_2' title="bbox 129 1440 228 1467; baseline 0 -7"><span class='ocrx_word' id='word_1_2' title='bbox 129 1440 162 1460; x_wconf 73' lang='lat' dir='ltr'>Ad</span> <span class='ocrx_word' id='word_1_3' title='bbox 177 1447 228 1467; x_wconf 88' lang='lat' dir='ltr'>opp.</span> 
     </span>
    </p>
   </div>
   <div class='ocr_carea' id='block_1_3' title="bbox 243 140 301 167">
    <p class='ocr_par' dir='ltr' id='par_1_3' title="bbox 243 140 301 167">
     <span class='ocr_line' id='line_1_3' title="bbox 243 140 301 167; baseline 0 0"><span class='ocrx_word' id='word_1_4' title='bbox 243 140 301 167; x_wconf 67' lang='lat'>444</span> 
     </span>
    </p>
   </div>
   <div class='ocr_carea' id='block_1_4' title="bbox 513 258 737 296">
    <p class='ocr_par' dir='ltr' id='par_1_4' title="bbox 513 258 737 296">
     <span class='ocr_line' id='line_1_4' title="bbox 513 258 737 296; baseline 0.004 -5"><span class='ocrx_word' id='word_1_5' title='bbox 513 258 689 296; x_wconf 87' lang='lat' dir='ltr'>QUAESTIO</span> <span class='ocrx_word' id='word_1_6' title='bbox 714 261 737 292; x_wconf 88' lang='lat' dir='ltr'>l.</span> 
     </span>
    </p>
   </div>
   <div class='ocr_carea' id='block_1_5' title="bbox 298 339 957 376">
    <p class='ocr_par' dir='ltr' id='par_1_5' title="bbox 298 339 957 376">
     <span class='ocr_line' id='line_1_5' title="bbox 298 339 957 376; baseline 0.005 -12"><span class='ocrx_word' id='word_1_7' title='bbox 298 339 338 365; x_wconf 82' lang='lat' dir='ltr'>An</span> <span class='ocrx_word' id='word_1_8' title='bbox 358 339 425 365; x_wconf 85' lang='lat' dir='ltr'>mali</span> <span class='ocrx_word' id='word_1_9' title='bbox 441 343 545 367; x_wconf 81' lang='lat' dir='ltr'>sumant</span> <span class='ocrx_word' id='word_1_10' title='bbox 564 349 658 376; x_wconf 81' lang='lat' dir='ltr'>corpus</span> <span class='ocrx_word' id='word_1_11' title='bbox 679 342 780 369; x_wconf 68' lang='lat' dir='ltr'>Christi</span> <span class='ocrx_word' id='word_1_12' title='bbox 798 343 927 369; x_wconf 78' lang='lat' dir='ltr'>veraciter</span> <span class='ocrx_word' id='word_1_13' title='bbox 942 348 957 367; x_wconf 83' lang='lat'>¹.</span> 
     </span>
    </p>
   </div>
   <div class='ocr_carea' id='block_1_6' title="bbox 242 417 1025 2574">
    <p class='ocr_par' dir='ltr' id='par_1_6' title="bbox 242 417 1013 619">
     <span class='ocr_line' id='line_1_6' title="bbox 284 417 1010 460; baseline 0.004 -12"><span class='ocrx_word' id='word_1_14' title='bbox 284 417 372 455; x_wconf 83' lang='lat' dir='ltr'>Quod</span> <span class='ocrx_word' id='word_1_15' title='bbox 389 420 462 449; x_wconf 86' lang='lat' dir='ltr'>mali</span> <span class='ocrx_word' id='word_1_16' title='bbox 483 423 612 450; x_wconf 87' lang='lat' dir='ltr'>sumant</span> <span class='ocrx_word' id='word_1_17' title='bbox 632 430 746 460; x_wconf 87' lang='lat' dir='ltr'>corpus</span> <span class='ocrx_word' id='word_1_18' title='bbox 761 420 874 451; x_wconf 83' lang='lat' dir='ltr'>Christi</span> <span class='ocrx_word' id='word_1_19' title='bbox 889 421 1010 451; x_wconf 86' lang='lat' dir='ltr'>veraci-</span> 
     </span>
     <span class='ocr_line' id='line_1_7' title="bbox 243 471 1013 514; baseline 0.004 -13"><span class='ocrx_word' id='word_1_20' title='bbox 243 474 301 509; x_wconf 88' lang='lat' dir='ltr'>ter,</span> <span class='ocrx_word' id='word_1_21' title='bbox 317 471 440 502; x_wconf 87' lang='lat' dir='ltr'>videtur</span> <span class='ocrx_word' id='word_1_22' title='bbox 455 482 462 503; x_wconf 93' lang='lat'><strong>:</strong></span> <span class='ocrx_word' id='word_1_23' title='bbox 481 474 555 512; x_wconf 85' lang='lat' dir='ltr'>quia</span> <span class='ocrx_word' id='word_1_24' title='bbox 572 474 637 513; x_wconf 89' lang='lat' dir='ltr'>ipse</span> <span class='ocrx_word' id='word_1_25' title='bbox 652 476 698 504; x_wconf 72' lang='lat' dir='ltr'>est</span> <span class='ocrx_word' id='word_1_26' title='bbox 713 474 743 504; x_wconf 90' lang='lat' dir='ltr'>in</span> <span class='ocrx_word' id='word_1_27' title='bbox 760 475 922 514; x_wconf 79' lang='lat' dir='ltr'><strong>speciebus</strong></span> <span class='ocrx_word' id='word_1_28' title='bbox 936 474 1013 504; x_wconf 91' lang='lat' dir='ltr'>indi-</span> 
     </span>
     <span class='ocr_line' id='line_1_8' title="bbox 245 524 1013 568; baseline 0.008 -15"><span class='ocrx_word' id='word_1_29' title='bbox 245 524 430 556; x_wconf 88' lang='lat' dir='ltr'>vidualiter:</span> <span class='ocrx_word' id='word_1_30' title='bbox 455 535 532 565; x_wconf 79' lang='lat' dir='ltr'>ergo</span> <span class='ocrx_word' id='word_1_31' title='bbox 552 536 624 557; x_wconf 88' lang='lat' dir='ltr'>cum</span> <span class='ocrx_word' id='word_1_32' title='bbox 645 530 777 558; x_wconf 88' lang='lat' dir='ltr'>sumunt</span> <span class='ocrx_word' id='word_1_33' title='bbox 797 529 934 568; x_wconf 82' lang='lat' dir='ltr'>species.</span> <span class='ocrx_word' id='word_1_34' title='bbox 957 538 1013 558; x_wconf 88' lang='lat' dir='ltr'>su—</span> 
     </span>
     <span class='ocr_line' id='line_1_9' title="bbox 242 580 732 619; baseline 0.012 -13"><span class='ocrx_word' id='word_1_35' title='bbox 242 580 334 607; x_wconf 86' lang='lat' dir='ltr'>munt</span> <span class='ocrx_word' id='word_1_36' title='bbox 349 587 460 608; x_wconf 88' lang='lat' dir='ltr'>verum</span> <span class='ocrx_word' id='word_1_37' title='bbox 477 588 590 619; x_wconf 84' lang='lat' dir='ltr'>eorpus</span> <span class='ocrx_word' id='word_1_38' title='bbox 606 581 732 612; x_wconf 79' lang='lat' dir='ltr'>Christi.</span> 
     </span>
    </p>

    <p class='ocr_par' dir='ltr' id='par_1_7' title="bbox 243 630 1015 936">
     <span class='ocr_line' id='line_1_10' title="bbox 283 630 1015 674; baseline 0.008 -14"><span class='ocrx_word' id='word_1_39' title='bbox 283 630 360 661; x_wconf 88' lang='lat' dir='ltr'>Item</span> <span class='ocrx_word' id='word_1_40' title='bbox 385 632 418 662; x_wconf 90' lang='lat' dir='ltr'>in</span> <span class='ocrx_word' id='word_1_41' title='bbox 444 632 618 672; x_wconf 85' lang='lat' dir='ltr'>baptismo,</span> <span class='ocrx_word' id='word_1_42' title='bbox 645 636 702 674; x_wconf 87' lang='lat' dir='ltr'>qui</span> <span class='ocrx_word' id='word_1_43' title='bbox 728 638 851 666; x_wconf 84' lang='lat' dir='ltr'>tantum</span> <span class='ocrx_word' id='word_1_44' title='bbox 875 635 1015 666; x_wconf 70' lang='lat' dir='ltr'>exterius</span> 
     </span>
     <span class='ocr_line' id='line_1_11' title="bbox 243 685 1014 729; baseline 0.008 -15"><span class='ocrx_word' id='word_1_45' title='bbox 243 685 394 722; x_wconf 76' lang='lat' dir='ltr'>abluitur,</span> <span class='ocrx_word' id='word_1_46' title='bbox 409 688 438 717; x_wconf 85' lang='lat' dir='ltr'>et</span> <span class='ocrx_word' id='word_1_47' title='bbox 450 687 529 717; x_wconf 90' lang='lat' dir='ltr'>nihil</span> <span class='ocrx_word' id='word_1_48' title='bbox 542 688 675 719; x_wconf 76' lang='lat' dir='ltr'>interius</span> <span class='ocrx_word' id='word_1_49' title='bbox 685 690 807 729; x_wconf 78' lang='lat' dir='ltr'>accipit,</span> <span class='ocrx_word' id='word_1_50' title='bbox 822 690 909 719; x_wconf 82' lang='lat' dir='ltr'>nullo</span> <span class='ocrx_word' id='word_1_51' title='bbox 920 690 1014 720; x_wconf 88' lang='lat' dir='ltr'>modo</span> 
     </span>
     <span class='ocr_line' id='line_1_12' title="bbox 243 738 1015 780; baseline 0.008 -13"><span class='ocrx_word' id='word_1_52' title='bbox 243 738 418 777; x_wconf 78' lang='lat' dir='ltr'>baptizatur</span> <span class='ocrx_word' id='word_1_53' title='bbox 434 752 439 770; x_wconf 76' lang='grc' dir='ltr'><strong>ε</strong></span> <span class='ocrx_word' id='word_1_54' title='bbox 457 751 536 780; x_wconf 82' lang='lat' dir='ltr'>ergo</span> <span class='ocrx_word' id='word_1_55' title='bbox 550 743 575 772; x_wconf 87' lang='lat' dir='ltr'>si</span> <span class='ocrx_word' id='word_1_56' title='bbox 590 743 663 773; x_wconf 84' lang='lat' dir='ltr'>mali</span> <span class='ocrx_word' id='word_1_57' title='bbox 678 752 745 773; x_wconf 89' lang='lat' dir='ltr'>rem</span> <span class='ocrx_word' id='word_1_58' title='bbox 761 743 945 773; x_wconf 86' lang='lat' dir='ltr'>interiorem</span> <span class='ocrx_word' id='word_1_59' title='bbox 960 743 1015 773; x_wconf 87' lang='lat' dir='ltr'>ali-</span> 
     </span>
     <span class='ocr_line' id='line_1_13' title="bbox 243 795 1015 836; baseline 0.008 -16"><span class='ocrx_word' id='word_1_60' title='bbox 243 800 337 829; x_wconf 84' lang='lat' dir='ltr'>quam</span> <span class='ocrx_word' id='word_1_61' title='bbox 349 801 412 822; x_wconf 87' lang='lat' dir='ltr'>non</span> <span class='ocrx_word' id='word_1_62' title='bbox 424 795 612 834; x_wconf 85' lang='lat' dir='ltr'>percipiunt,</span> <span class='ocrx_word' id='word_1_63' title='bbox 627 796 715 826; x_wconf 87' lang='lat' dir='ltr'>nullo</span> <span class='ocrx_word' id='word_1_64' title='bbox 728 796 822 826; x_wconf 69' lang='lat' dir='ltr'>mocio</span> <span class='ocrx_word' id='word_1_65' title='bbox 836 796 1015 836; x_wconf 78' lang='lat' dir='ltr'>percipiunt</span> 
     </span>
     <span class='ocr_line' id='line_1_14' title="bbox 244 848 1012 889; baseline 0.008 -16"><span class='ocrx_word' id='word_1_66' title='bbox 244 848 492 877; x_wconf 82' lang='lat' dir='ltr'>sacramentum:</span> <span class='ocrx_word' id='word_1_67' title='bbox 507 848 561 878; x_wconf 88' lang='lat' dir='ltr'>sed</span> <span class='ocrx_word' id='word_1_68' title='bbox 572 849 752 889; x_wconf 88' lang='lat' dir='ltr'>percipiunt</span> <span class='ocrx_word' id='word_1_69' title='bbox 762 852 1012 880; x_wconf 81' lang='lat' dir='ltr'>sacramentum:</span> 
     </span>
     <span class='ocr_line' id='line_1_15' title="bbox 243 901 416 936; baseline 0.017 -9"><span class='ocrx_word' id='word_1_70' title='bbox 243 906 321 936; x_wconf 83' lang='lat' dir='ltr'>ergo</span> <span class='ocrx_word' id='word_1_71' title='bbox 332 922 340 935; x_wconf 82' lang='grc'><em>,</em></span> <span class='ocrx_word' id='word_1_72' title='bbox 358 901 416 930; x_wconf 84' lang='lat' dir='ltr'>etc.</span> 
     </span>
    </p>

    <p class='ocr_par' dir='ltr' id='par_1_8' title="bbox 243 952 1015 1153">
     <span class='ocr_line' id='line_1_16' title="bbox 284 952 1014 996; baseline 0.005 -14"><span class='ocrx_word' id='word_1_73' title='bbox 284 952 361 982; x_wconf 62' lang='lat' dir='ltr'>item</span> <span class='ocrx_word' id='word_1_74' title='bbox 374 962 466 993; x_wconf 85' lang='lat' dir='ltr'>aeque</span> <span class='ocrx_word' id='word_1_75' title='bbox 478 954 591 994; x_wconf 71' lang='lat' dir='ltr'>effugit</span> <span class='ocrx_word' id='word_1_76' title='bbox 603 955 754 986; x_wconf 83' lang='lat' dir='ltr'>Dominus</span> <span class='ocrx_word' id='word_1_77' title='bbox 765 958 927 996; x_wconf 79' lang='lat' dir='ltr'>peccatum</span> <span class='ocrx_word' id='word_1_78' title='bbox 939 965 1014 986; x_wconf 85' lang='lat' dir='ltr'>con—</span> 
     </span>
     <span class='ocr_line' id='line_1_17' title="bbox 243 1007 1015 1045; baseline 0.006 -11"><span class='ocrx_word' id='word_1_79' title='bbox 243 1007 411 1045; x_wconf 64' lang='lat' dir='ltr'>secrantis,</span> <span class='ocrx_word' id='word_1_80' title='bbox 430 1010 466 1037; x_wconf 91' lang='lat' dir='ltr'>ut</span> <span class='ocrx_word' id='word_1_81' title='bbox 482 1009 723 1040; x_wconf 75' lang='lat' dir='ltr'>manducantis:</span> <span class='ocrx_word' id='word_1_82' title='bbox 742 1010 795 1040; x_wconf 90' lang='lat' dir='ltr'>sed</span> <span class='ocrx_word' id='word_1_83' title='bbox 816 1019 879 1040; x_wconf 92' lang='lat' dir='ltr'>non</span> <span class='ocrx_word' id='word_1_84' title='bbox 895 1010 1015 1040; x_wconf 86' lang='lat' dir='ltr'>subtra-</span> 
     </span>
     <span class='ocr_line' id='line_1_18' title="bbox 244 1059 1014 1102; baseline 0.006 -14"><span class='ocrx_word' id='word_1_85' title='bbox 244 1059 289 1088; x_wconf 83' lang='lat' dir='ltr'>hit</span> <span class='ocrx_word' id='word_1_86' title='bbox 305 1068 337 1090; x_wconf 85' lang='lat' dir='ltr'>se</span> <span class='ocrx_word' id='word_1_87' title='bbox 356 1063 483 1100; x_wconf 82' lang='lat' dir='ltr'>propter</span> <span class='ocrx_word' id='word_1_88' title='bbox 499 1064 661 1100; x_wconf 81' lang='lat' dir='ltr'>peccatum</span> <span class='ocrx_word' id='word_1_89' title='bbox 683 1063 914 1093; x_wconf 85' lang='lat' dir='ltr'>consecrantis:</span> <span class='ocrx_word' id='word_1_90' title='bbox 936 1072 1014 1102; x_wconf 83' lang='lat' dir='ltr'>ergo</span> 
     </span>
     <span class='ocr_line' id='line_1_19' title="bbox 244 1115 867 1153; baseline 0.008 -12"><span class='ocrx_word' id='word_1_91' title='bbox 244 1121 301 1142; x_wconf 83' lang='lat' dir='ltr'>nec</span> <span class='ocrx_word' id='word_1_92' title='bbox 316 1115 442 1152; x_wconf 83' lang='lat' dir='ltr'>propter</span> <span class='ocrx_word' id='word_1_93' title='bbox 457 1118 619 1153; x_wconf 68' lang='lat' dir='ltr'>pet-catum</span> <span class='ocrx_word' id='word_1_94' title='bbox 636 1116 867 1146; x_wconf 79' lang='lat' dir='ltr'>manducantis.</span> 
     </span>
    </p>

    <p class='ocr_par' dir='ltr' id='par_1_9' title="bbox 244 1164 1015 1410">
     <span class='ocr_line' id='line_1_20' title="bbox 285 1164 1015 1205; baseline 0.004 -10"><span class='ocrx_word' id='word_1_95' title='bbox 285 1164 361 1196; x_wconf 85' lang='lat' dir='ltr'>ltem</span> <span class='ocrx_word' id='word_1_96' title='bbox 384 1175 447 1197; x_wconf 80' lang='lat' dir='ltr'>nou</span> <span class='ocrx_word' id='word_1_97' title='bbox 468 1169 572 1205; x_wconf 67' lang='lat' dir='ltr'>magis</span> <span class='ocrx_word' id='word_1_98' title='bbox 592 1169 706 1199; x_wconf 79' lang='lat' dir='ltr'>nobilis</span> <span class='ocrx_word' id='word_1_99' title='bbox 728 1171 773 1199; x_wconf 82' lang='lat' dir='ltr'>est</span> <span class='ocrx_word' id='word_1_100' title='bbox 789 1168 887 1199; x_wconf 81' lang='lat' dir='ltr'>Filius</span> <span class='ocrx_word' id='word_1_101' title='bbox 907 1169 959 1198; x_wconf 86' lang='lat' dir='ltr'>Dei</span> <span class='ocrx_word' id='word_1_102' title='bbox 982 1169 1015 1199; x_wconf 92' lang='lat' dir='ltr'>in</span> 
     </span>
     <span class='ocr_line' id='line_1_21' title="bbox 244 1218 1014 1261; baseline 0.004 -13"><span class='ocrx_word' id='word_1_103' title='bbox 244 1227 336 1249; x_wconf 84' lang='lat' dir='ltr'>carne</span> <span class='ocrx_word' id='word_1_104' title='bbox 349 1218 500 1257; x_wconf 73' lang='lat' dir='ltr'>humana,</span> <span class='ocrx_word' id='word_1_105' title='bbox 518 1231 614 1260; x_wconf 81' lang='lat' dir='ltr'>quam</span> <span class='ocrx_word' id='word_1_106' title='bbox 629 1222 660 1251; x_wconf 93' lang='lat' dir='ltr'>in</span> <span class='ocrx_word' id='word_1_107' title='bbox 677 1222 801 1261; x_wconf 78' lang='lat' dir='ltr'>propria</span> <span class='ocrx_word' id='word_1_108' title='bbox 814 1225 946 1251; x_wconf 81' lang='lat' dir='ltr'>natura:</span> <span class='ocrx_word' id='word_1_109' title='bbox 962 1222 1014 1252; x_wconf 87' lang='lat' dir='ltr'>sed</span> 
     </span>
     <span class='ocr_line' id='line_1_22' title="bbox 244 1271 1014 1313; baseline 0.005 -13"><span class='ocrx_word' id='word_1_110' title='bbox 244 1271 276 1301; x_wconf 89' lang='lat' dir='ltr'>in</span> <span class='ocrx_word' id='word_1_111' title='bbox 291 1272 419 1311; x_wconf 82' lang='lat' dir='ltr'>propria</span> <span class='ocrx_word' id='word_1_112' title='bbox 434 1276 547 1303; x_wconf 71' lang='lat' dir='ltr'>natura</span> <span class='ocrx_word' id='word_1_113' title='bbox 563 1283 626 1303; x_wconf 81' lang='lat' dir='ltr'>non</span> <span class='ocrx_word' id='word_1_114' title='bbox 642 1274 755 1313; x_wconf 56' lang='lat' dir='ltr'>effugit.</span> <span class='ocrx_word' id='word_1_115' title='bbox 772 1275 890 1304; x_wconf 85' lang='lat' dir='ltr'>malum</span> <span class='ocrx_word' id='word_1_116' title='bbox 908 1275 1014 1304; x_wconf 86' lang='lat' dir='ltr'>homi—</span> 
     </span>
     <span class='ocr_line' id='line_1_23' title="bbox 244 1325 1013 1366; baseline 0.004 -12"><span class='ocrx_word' id='word_1_117' title='bbox 244 1334 318 1355; x_wconf 83' lang='lat' dir='ltr'>nem</span> <span class='ocrx_word' id='word_1_118' title='bbox 329 1349 338 1363; x_wconf 93' lang='lat'><em>‚</em></span> <span class='ocrx_word' id='word_1_119' title='bbox 355 1325 419 1356; x_wconf 91' lang='lat' dir='ltr'>imo</span> <span class='ocrx_word' id='word_1_120' title='bbox 433 1327 526 1357; x_wconf 83' lang='lat' dir='ltr'>etiam</span> <span class='ocrx_word' id='word_1_121' title='bbox 541 1327 573 1357; x_wconf 90' lang='lat' dir='ltr'>in</span> <span class='ocrx_word' id='word_1_122' title='bbox 584 1328 724 1366; x_wconf 72' lang='lat' dir='ltr'>quolibet</span> <span class='ocrx_word' id='word_1_123' title='bbox 735 1330 781 1357; x_wconf 88' lang='lat' dir='ltr'>est</span> <span class='ocrx_word' id='word_1_124' title='bbox 798 1339 804 1358; x_wconf 89' lang='lat'>:</span> <span class='ocrx_word' id='word_1_125' title='bbox 820 1337 899 1366; x_wconf 76' lang='lat' dir='ltr'>ergo</span> <span class='ocrx_word' id='word_1_126' title='bbox 912 1338 969 1357; x_wconf 88' lang='lat' dir='ltr'>nec</span> <span class='ocrx_word' id='word_1_127' title='bbox 983 1328 1013 1357; x_wconf 91' lang='lat' dir='ltr'>in</span> 
     </span>
     <span class='ocr_line' id='line_1_24' title="bbox 244 1378 450 1410; baseline 0.01 -2"><span class='ocrx_word' id='word_1_128' title='bbox 244 1378 450 1410; x_wconf 69' lang='lat' dir='ltr'>humanitate.</span> 
     </span>
    </p>

    <p class='ocr_par' dir='ltr' id='par_1_10' title="bbox 243 1431 1017 1630">
     <span class='ocr_line' id='line_1_25' title="bbox 285 1431 1017 1474; baseline 0.005 -13"><span class='ocrx_word' id='word_1_129' title='bbox 285 1431 418 1463; x_wconf 75' lang='lat' dir='ltr'>Contra:</span> <span class='ocrx_word' id='word_1_130' title='bbox 444 1436 492 1463; x_wconf 74' lang='lat'>12.</span> <span class='ocrx_word' id='word_1_131' title='bbox 515 1434 660 1473; x_wconf 71' lang='lat' dir='ltr'>Spiricus</span> <span class='ocrx_word' id='word_1_132' title='bbox 683 1434 867 1473; x_wconf 70' lang='lat' dir='ltr'>‹lisciplinoe</span> <span class='ocrx_word' id='word_1_133' title='bbox 890 1434 1017 1474; x_wconf 70' lang='lat' dir='ltr'>esluqiel</span> 
     </span>
     <span class='ocr_line' id='line_1_26' title="bbox 244 1485 1016 1526; baseline 0 -10"><span class='ocrx_word' id='word_1_134' title='bbox 244 1485 353 1523; x_wconf 71' lang='lat' dir='ltr'>fictum</span> <span class='ocrx_word' id='word_1_135' title='bbox 365 1496 376 1515; x_wconf 89' lang='lat'>.·</span> <span class='ocrx_word' id='word_1_136' title='bbox 394 1486 448 1516; x_wconf 76' lang='lat' dir='ltr'>sed</span> <span class='ocrx_word' id='word_1_137' title='bbox 465 1495 526 1516; x_wconf 88' lang='lat' dir='ltr'>nou</span> <span class='ocrx_word' id='word_1_138' title='bbox 544 1487 648 1525; x_wconf 78' lang='lat' dir='ltr'>magis</span> <span class='ocrx_word' id='word_1_139' title='bbox 663 1489 710 1516; x_wconf 70' lang='lat' dir='ltr'>est</span> <span class='ocrx_word' id='word_1_140' title='bbox 726 1487 864 1516; x_wconf 86' lang='lat' dir='ltr'>mundus</span> <span class='ocrx_word' id='word_1_141' title='bbox 880 1487 1016 1526; x_wconf 75' lang='lat' dir='ltr'>Spiritus</span> 
     </span>
     <span class='ocr_line' id='line_1_27' title="bbox 243 1539 1015 1578; baseline 0.003 -11"><span class='ocrx_word' id='word_1_142' title='bbox 243 1540 390 1576; x_wconf 76' lang='lat' dir='ltr'>sanetus,</span> <span class='ocrx_word' id='word_1_143' title='bbox 414 1547 510 1577; x_wconf 89' lang='lat' dir='ltr'>quam</span> <span class='ocrx_word' id='word_1_144' title='bbox 535 1539 696 1570; x_wconf 80' lang='lat' dir='ltr'>Christus:</span> <span class='ocrx_word' id='word_1_145' title='bbox 720 1548 800 1578; x_wconf 82' lang='lat' dir='ltr'>ergo</span> <span class='ocrx_word' id='word_1_146' title='bbox 822 1542 853 1569; x_wconf 89' lang='lat' dir='ltr'>et</span> <span class='ocrx_word' id='word_1_147' title='bbox 875 1540 1015 1570; x_wconf 87' lang='lat' dir='ltr'>Christus</span> 
     </span>
     <span class='ocr_line' id='line_1_28' title="bbox 243 1591 754 1630; baseline 0.004 -9"><span class='ocrx_word' id='word_1_148' title='bbox 243 1591 376 1630; x_wconf 82' lang='lat' dir='ltr'>effugiet</span> <span class='ocrx_word' id='word_1_149' title='bbox 391 1592 500 1622; x_wconf 76' lang='lat' dir='ltr'>fictum</span> <span class='ocrx_word' id='word_1_150' title='bbox 513 1616 521 1630; x_wconf 85' lang='lat'>‚</span> <span class='ocrx_word' id='word_1_151' title='bbox 540 1593 606 1623; x_wconf 83' lang='lat' dir='ltr'>sive</span> <span class='ocrx_word' id='word_1_152' title='bbox 623 1593 754 1623; x_wconf 87' lang='lat' dir='ltr'>malum.</span> 
     </span>
    </p>

    <p class='ocr_par' dir='ltr' id='par_1_11' title="bbox 243 1644 1017 1844">
     <span class='ocr_line' id='line_1_29' title="bbox 283 1644 1014 1678; baseline 0.004 -4"><span class='ocrx_word' id='word_1_153' title='bbox 283 1647 312 1674; x_wconf 71' lang='lat'>2.</span> <span class='ocrx_word' id='word_1_154' title='bbox 332 1644 409 1675; x_wconf 72' lang='lat' dir='ltr'>ltcm</span> <span class='ocrx_word' id='word_1_155' title='bbox 422 1645 431 1661; x_wconf 80' lang='lat'><strong>³</strong></span> <span class='ocrx_word' id='word_1_156' title='bbox 448 1656 454 1676; x_wconf 89' lang='lat'>:</span> <span class='ocrx_word' id='word_1_157' title='bbox 472 1646 510 1676; x_wconf 81' lang='lat' dir='ltr'>In</span> <span class='ocrx_word' id='word_1_158' title='bbox 525 1646 710 1677; x_wconf 71' lang='lat' dir='ltr'>malevolam</span> <span class='ocrx_word' id='word_1_159' title='bbox 727 1647 868 1678; x_wconf 74' lang='lat' dir='ltr'>animam</span> <span class='ocrx_word' id='word_1_160' title='bbox 884 1654 947 1677; x_wconf 76' lang='lat' dir='ltr'>uon</span> <span class='ocrx_word' id='word_1_161' title='bbox 964 1647 1014 1678; x_wconf 68' lang='lat' dir='ltr'>in-</span> 
     </span>
     <span class='ocr_line' id='line_1_30' title="bbox 245 1698 1016 1739; baseline 0.003 -10"><span class='ocrx_word' id='word_1_162' title='bbox 245 1698 354 1729; x_wconf 73' lang='lat' dir='ltr'>troibit</span> <span class='ocrx_word' id='word_1_163' title='bbox 375 1699 556 1737; x_wconf 57' lang='lat' dir='ltr'>sapientia,</span> <span class='ocrx_word' id='word_1_164' title='bbox 577 1707 633 1730; x_wconf 76' lang='lat' dir='ltr'>nec</span> <span class='ocrx_word' id='word_1_165' title='bbox 653 1699 812 1731; x_wconf 70' lang='lat' dir='ltr'>habitabit</span> <span class='ocrx_word' id='word_1_166' title='bbox 833 1701 870 1730; x_wconf 79' lang='lat' dir='ltr'>in</span> <span class='ocrx_word' id='word_1_167' title='bbox 891 1708 1016 1739; x_wconf 77' lang='lat' dir='ltr'>corpore</span> 
     </span>
     <span class='ocr_line' id='line_1_31' title="bbox 243 1751 1017 1792; baseline 0.004 -11"><span class='ocrx_word' id='word_1_168' title='bbox 243 1751 369 1782; x_wconf 70' lang='lat' dir='ltr'>subdito</span> <span class='ocrx_word' id='word_1_169' title='bbox 390 1752 549 1790; x_wconf 71' lang='lat' dir='ltr'>peccatis:</span> <span class='ocrx_word' id='word_1_170' title='bbox 573 1752 598 1781; x_wconf 75' lang='lat' dir='ltr'>si</span> <span class='ocrx_word' id='word_1_171' title='bbox 624 1762 702 1791; x_wconf 78' lang='lat' dir='ltr'>ergo</span> <span class='ocrx_word' id='word_1_172' title='bbox 717 1762 832 1792; x_wconf 82' lang='lat' dir='ltr'>corpus</span> <span class='ocrx_word' id='word_1_173' title='bbox 847 1754 1017 1792; x_wconf 79' lang='lat' dir='ltr'>peccatoris</span> 
     </span>
     <span class='ocr_line' id='line_1_32' title="bbox 244 1805 933 1844; baseline 0 -9"><span class='ocrx_word' id='word_1_174' title='bbox 244 1807 289 1835; x_wconf 82' lang='lat' dir='ltr'>est</span> <span class='ocrx_word' id='word_1_175' title='bbox 302 1805 364 1835; x_wconf 81' lang='lat' dir='ltr'>tale</span> <span class='ocrx_word' id='word_1_176' title='bbox 375 1829 384 1842; x_wconf 90' lang='lat'>‚</span> <span class='ocrx_word' id='word_1_177' title='bbox 401 1815 465 1836; x_wconf 90' lang='lat' dir='ltr'>non</span> <span class='ocrx_word' id='word_1_178' title='bbox 481 1814 560 1844; x_wconf 79' lang='lat' dir='ltr'>ergo</span> <span class='ocrx_word' id='word_1_179' title='bbox 575 1806 747 1836; x_wconf 83' lang='lat' dir='ltr'>introducit</span> <span class='ocrx_word' id='word_1_180' title='bbox 762 1806 933 1837; x_wconf 75' lang='lat' dir='ltr'>Christum.</span> 
     </span>
    </p>

    <p class='ocr_par' dir='ltr' id='par_1_12' title="bbox 244 1858 1019 2058">
     <span class='ocr_line' id='line_1_33' title="bbox 285 1858 1016 1897; baseline 0 -8"><span class='ocrx_word' id='word_1_181' title='bbox 285 1860 313 1889; x_wconf 88' lang='grc'>3.</span> <span class='ocrx_word' id='word_1_182' title='bbox 338 1858 416 1889; x_wconf 83' lang='lat' dir='ltr'>Item</span> <span class='ocrx_word' id='word_1_183' title='bbox 427 1863 436 1877; x_wconf 74' lang='lat'><strong>⁴</strong></span> <span class='ocrx_word' id='word_1_184' title='bbox 453 1868 569 1889; x_wconf 83' lang='lat' dir='ltr'>manna</span> <span class='ocrx_word' id='word_1_185' title='bbox 584 1860 720 1889; x_wconf 77' lang='lat' dir='ltr'>scatebat</span> <span class='ocrx_word' id='word_1_186' title='bbox 734 1860 767 1889; x_wconf 91' lang='lat' dir='ltr'>in</span> <span class='ocrx_word' id='word_1_187' title='bbox 784 1860 867 1890; x_wconf 83' lang='lat' dir='ltr'>vasis</span> <span class='ocrx_word' id='word_1_188' title='bbox 882 1868 994 1890; x_wconf 89' lang='lat' dir='ltr'>eorum</span> <span class='ocrx_word' id='word_1_189' title='bbox 1008 1882 1016 1897; x_wconf 94' lang='lat'><strong><em>,</em></strong></span> 
     </span>
     <span class='ocr_line' id='line_1_34' title="bbox 245 1912 1019 1951; baseline 0.001 -10"><span class='ocrx_word' id='word_1_190' title='bbox 245 1912 298 1951; x_wconf 90' lang='lat' dir='ltr'>qui</span> <span class='ocrx_word' id='word_1_191' title='bbox 314 1912 451 1942; x_wconf 87' lang='lat' dir='ltr'>indebite</span> <span class='ocrx_word' id='word_1_192' title='bbox 466 1912 678 1951; x_wconf 76' lang='lat' dir='ltr'>colligebant:</span> <span class='ocrx_word' id='word_1_193' title='bbox 697 1922 776 1951; x_wconf 79' lang='lat' dir='ltr'>ergo</span> <span class='ocrx_word' id='word_1_194' title='bbox 796 1913 821 1942; x_wconf 86' lang='lat' dir='ltr'>si</span> <span class='ocrx_word' id='word_1_195' title='bbox 835 1914 950 1943; x_wconf 79' lang='lat' dir='ltr'>veritas</span> <span class='ocrx_word' id='word_1_196' title='bbox 966 1913 1019 1942; x_wconf 85' lang='lat' dir='ltr'>de-</span> 
     </span>
     <span class='ocr_line' id='line_1_35' title="bbox 244 1965 1017 2004; baseline 0.003 -10"><span class='ocrx_word' id='word_1_197' title='bbox 244 1965 295 1995; x_wconf 83' lang='lat' dir='ltr'>bet</span> <span class='ocrx_word' id='word_1_198' title='bbox 317 1965 505 2004; x_wconf 82' lang='lat' dir='ltr'>respondere</span> <span class='ocrx_word' id='word_1_199' title='bbox 526 1965 663 2004; x_wconf 79' lang='lat' dir='ltr'>figurae,</span> <span class='ocrx_word' id='word_1_200' title='bbox 691 1974 765 1995; x_wconf 86' lang='lat' dir='ltr'>cum</span> <span class='ocrx_word' id='word_1_201' title='bbox 790 1966 932 1996; x_wconf 81' lang='lat' dir='ltr'>Christus</span> <span class='ocrx_word' id='word_1_202' title='bbox 954 1975 1017 1996; x_wconf 91' lang='lat' dir='ltr'>non</span> 
     </span>
     <span class='ocr_line' id='line_1_36' title="bbox 246 2018 769 2058; baseline -0.002 -9"><span class='ocrx_word' id='word_1_203' title='bbox 246 2021 404 2057; x_wconf 78' lang='lat' dir='ltr'>putrescat</span> <span class='ocrx_word' id='word_1_204' title='bbox 417 2018 454 2058; x_wconf 74' lang='grc' dir='ltr'>(α’)</span> <span class='ocrx_word' id='word_1_205' title='bbox 470 2042 478 2055; x_wconf 78' lang='grc'>,</span> <span class='ocrx_word' id='word_1_206' title='bbox 494 2019 605 2049; x_wconf 79' lang='lat' dir='ltr'>saltem</span> <span class='ocrx_word' id='word_1_207' title='bbox 621 2018 769 2049; x_wconf 82' lang='lat' dir='ltr'>abscedit.</span> 
     </span>
    </p>

    <p class='ocr_par' dir='ltr' id='par_1_13' title="bbox 247 2071 1021 2369">
     <span class='ocr_line' id='line_1_37' title="bbox 287 2071 1018 2111; baseline 0 -10"><span class='ocrx_word' id='word_1_208' title='bbox 287 2074 316 2101; x_wconf 73' lang='lat'>4.</span> <span class='ocrx_word' id='word_1_209' title='bbox 336 2071 413 2101; x_wconf 85' lang='lat' dir='ltr'>Item</span> <span class='ocrx_word' id='word_1_210' title='bbox 429 2071 549 2102; x_wconf 86' lang='lat' dir='ltr'>ratione</span> <span class='ocrx_word' id='word_1_211' title='bbox 565 2072 701 2108; x_wconf 80' lang='lat' dir='ltr'>videtur,</span> <span class='ocrx_word' id='word_1_212' title='bbox 718 2072 793 2111; x_wconf 79' lang='lat' dir='ltr'>quia</span> <span class='ocrx_word' id='word_1_213' title='bbox 809 2071 950 2102; x_wconf 83' lang='lat' dir='ltr'>Christus</span> <span class='ocrx_word' id='word_1_214' title='bbox 967 2081 1018 2101; x_wconf 83' lang='lat' dir='ltr'>se-</span> 
     </span>
     <span class='ocr_line' id='line_1_38' title="bbox 247 2124 1019 2156; baseline -0.001 -1"><span class='ocrx_word' id='word_1_215' title='bbox 247 2124 387 2155; x_wconf 87' lang='lat' dir='ltr'>cundum</span> <span class='ocrx_word' id='word_1_216' title='bbox 403 2133 495 2154; x_wconf 84' lang='lat' dir='ltr'>suam</span> <span class='ocrx_word' id='word_1_217' title='bbox 516 2125 681 2156; x_wconf 83' lang='lat' dir='ltr'>veritatem</span> <span class='ocrx_word' id='word_1_218' title='bbox 698 2134 760 2155; x_wconf 91' lang='lat' dir='ltr'>non</span> <span class='ocrx_word' id='word_1_219' title='bbox 776 2127 821 2155; x_wconf 86' lang='lat' dir='ltr'>est</span> <span class='ocrx_word' id='word_1_220' title='bbox 836 2125 925 2155; x_wconf 87' lang='lat' dir='ltr'>cibus</span> <span class='ocrx_word' id='word_1_221' title='bbox 940 2135 1019 2156; x_wconf 83' lang='lat' dir='ltr'>ven-</span> 
     </span>
     <span class='ocr_line' id='line_1_39' title="bbox 248 2178 1018 2217; baseline 0 -9"><span class='ocrx_word' id='word_1_222' title='bbox 248 2178 306 2208; x_wconf 86' lang='lat' dir='ltr'>tris</span> <span class='ocrx_word' id='word_1_223' title='bbox 318 2202 325 2216; x_wconf 88' lang='lat'><strong>‚</strong></span> <span class='ocrx_word' id='word_1_224' title='bbox 343 2178 395 2208; x_wconf 89' lang='lat' dir='ltr'>sed</span> <span class='ocrx_word' id='word_1_225' title='bbox 410 2179 535 2216; x_wconf 88' lang='lat' dir='ltr'>mentis,</span> <span class='ocrx_word' id='word_1_226' title='bbox 554 2181 587 2209; x_wconf 83' lang='lat' dir='ltr'>ut</span> <span class='ocrx_word' id='word_1_227' title='bbox 601 2179 674 2209; x_wconf 83' lang='lat' dir='ltr'>dicit</span> <span class='ocrx_word' id='word_1_228' title='bbox 688 2178 839 2217; x_wconf 74' lang='lat' dir='ltr'>Magister</span> <span class='ocrx_word' id='word_1_229' title='bbox 855 2181 886 2209; x_wconf 93' lang='lat' dir='ltr'>et</span> <span class='ocrx_word' id='word_1_230' title='bbox 898 2179 996 2209; x_wconf 85' lang='lat' dir='ltr'>sancti</span> <span class='ocrx_word' id='word_1_231' title='bbox 1013 2191 1018 2208; x_wconf 94' lang='lat'><strong>:</strong></span> 
     </span>
     <span class='ocr_line' id='line_1_40' title="bbox 250 2231 1021 2272; baseline 0 -10"><span class='ocrx_word' id='word_1_232' title='bbox 250 2240 327 2271; x_wconf 82' lang='lat' dir='ltr'>ergo</span> <span class='ocrx_word' id='word_1_233' title='bbox 343 2240 416 2262; x_wconf 86' lang='lat' dir='ltr'>cum</span> <span class='ocrx_word' id='word_1_234' title='bbox 430 2240 494 2261; x_wconf 86' lang='lat' dir='ltr'>uon</span> <span class='ocrx_word' id='word_1_235' title='bbox 507 2231 601 2261; x_wconf 84' lang='lat' dir='ltr'>intret</span> <span class='ocrx_word' id='word_1_236' title='bbox 615 2234 752 2262; x_wconf 80' lang='lat' dir='ltr'>mentem</span> <span class='ocrx_word' id='word_1_237' title='bbox 769 2232 948 2272; x_wconf 79' lang='lat' dir='ltr'>peccatoris,</span> <span class='ocrx_word' id='word_1_238' title='bbox 965 2241 1021 2262; x_wconf 84' lang='lat' dir='ltr'>nee</span> 
     </span>
     <span class='ocr_line' id='line_1_41' title="bbox 250 2285 1021 2324; baseline 0 -9"><span class='ocrx_word' id='word_1_239' title='bbox 250 2288 394 2316; x_wconf 85' lang='lat' dir='ltr'>ventrem</span> <span class='ocrx_word' id='word_1_240' title='bbox 409 2308 416 2322; x_wconf 89' lang='lat'>,</span> <span class='ocrx_word' id='word_1_241' title='bbox 435 2285 560 2315; x_wconf 84' lang='lat' dir='ltr'>videtur</span> <span class='ocrx_word' id='word_1_242' title='bbox 575 2294 652 2323; x_wconf 76' lang='lat' dir='ltr'>ergo</span> <span class='ocrx_word' id='word_1_243' title='bbox 668 2285 752 2324; x_wconf 89' lang='lat' dir='ltr'>quod</span> <span class='ocrx_word' id='word_1_244' title='bbox 775 2288 918 2324; x_wconf 79' lang='lat' dir='ltr'>peccator</span> <span class='ocrx_word' id='word_1_245' title='bbox 933 2286 1021 2315; x_wconf 90' lang='lat' dir='ltr'>nullo</span> 
     </span>
     <span class='ocr_line' id='line_1_42' title="bbox 251 2339 472 2369; baseline 0 -1"><span class='ocrx_word' id='word_1_246' title='bbox 251 2339 344 2369; x_wconf 87' lang='lat' dir='ltr'>modo</span> <span class='ocrx_word' id='word_1_247' title='bbox 358 2340 472 2368; x_wconf 84' lang='lat' dir='ltr'>sumat.</span> 
     </span>
    </p>

    <p class='ocr_par' dir='ltr' id='par_1_14' title="bbox 291 2391 1022 2430">
     <span class='ocr_line' id='line_1_43' title="bbox 291 2391 1022 2430; baseline 0.003 -9"><span class='ocrx_word' id='word_1_248' title='bbox 291 2394 320 2423; x_wconf 75' lang='lat'>5.</span> <span class='ocrx_word' id='word_1_249' title='bbox 345 2392 442 2429; x_wconf 80' lang='lat' dir='ltr'>Item,</span> <span class='ocrx_word' id='word_1_250' title='bbox 466 2400 591 2422; x_wconf 83' lang='lat' dir='ltr'>summe</span> <span class='ocrx_word' id='word_1_251' title='bbox 607 2391 732 2430; x_wconf 83' lang='lat' dir='ltr'>sapiens</span> <span class='ocrx_word' id='word_1_252' title='bbox 751 2391 832 2421; x_wconf 89' lang='lat' dir='ltr'>nihil</span> <span class='ocrx_word' id='word_1_253' title='bbox 846 2392 919 2422; x_wconf 79' lang='lat' dir='ltr'>facit</span> <span class='ocrx_word' id='word_1_254' title='bbox 933 2392 1022 2423; x_wconf 83' lang='lat' dir='ltr'>inde-</span> 
     </span>
    </p>

    <p class='ocr_par' dir='ltr' id='par_1_15' title="bbox 252 2472 1025 2574">
     <span class='ocr_line' id='line_1_44' title="bbox 284 2472 1021 2503; baseline 0.001 -7"><span class='ocrx_word' id='word_1_255' title='bbox 284 2475 287 2485; x_wconf 79' lang='lat'><em>·</em></span> <span class='ocrx_word' id='word_1_256' title='bbox 314 2474 384 2497; x_wconf 76' lang='lat' dir='ltr'>Alex.</span> <span class='ocrx_word' id='word_1_257' title='bbox 415 2473 508 2498; x_wconf 75' lang='lat' dir='ltr'>Alcns..</span> <span class='ocrx_word' id='word_1_258' title='bbox 539 2480 564 2502; x_wconf 85' lang='lat' dir='ltr'>p.</span> <span class='ocrx_word' id='word_1_259' title='bbox 599 2472 639 2501; x_wconf 66' lang='lat' dir='ltr'>iv,</span> <span class='ocrx_word' id='word_1_260' title='bbox 664 2479 689 2502; x_wconf 73' lang='lat'>‹1-</span> <span class='ocrx_word' id='word_1_261' title='bbox 717 2478 751 2499; x_wconf 55' lang='grc' dir='ltr'>ξι,</span> <span class='ocrx_word' id='word_1_262' title='bbox 777 2473 883 2497; x_wconf 82' lang='lat' dir='ltr'>membr.</span> <span class='ocrx_word' id='word_1_263' title='bbox 908 2475 930 2502; x_wconf 70' lang='lat'>2,</span> <span class='ocrx_word' id='word_1_264' title='bbox 953 2473 965 2503; x_wconf 71' lang='grc' dir='ltr'>ξ</span> <span class='ocrx_word' id='word_1_265' title='bbox 993 2475 1021 2497; x_wconf 73' lang='lat'>22:</span> 
     </span>
     <span class='ocr_line' id='line_1_45' title="bbox 255 2508 1025 2539; baseline -0.001 -6"><span class='ocrx_word' id='word_1_266' title='bbox 255 2511 279 2533; x_wconf 64' lang='lat' dir='ltr'>s.</span> <span class='ocrx_word' id='word_1_267' title='bbox 292 2509 393 2539; x_wconf 72' lang='lat' dir='ltr'>Thom,</span> <span class='ocrx_word' id='word_1_268' title='bbox 406 2516 431 2539; x_wconf 84' lang='lat' dir='ltr'>p.</span> <span class='ocrx_word' id='word_1_269' title='bbox 449 2509 490 2539; x_wconf 85' lang='lat' dir='ltr'>ui,</span> <span class='ocrx_word' id='word_1_270' title='bbox 504 2514 528 2539; x_wconf 86' lang='lat' dir='ltr'>q.</span> <span class='ocrx_word' id='word_1_271' title='bbox 542 2513 618 2533; x_wconf 76' lang='lat' dir='ltr'>Lxxx.</span> <span class='ocrx_word' id='word_1_272' title='bbox 633 2510 680 2530; x_wconf 80' lang='lat' dir='ltr'>art.</span> <span class='ocrx_word' id='word_1_273' title='bbox 694 2510 719 2535; x_wconf 64' lang='lat'>›¹1;</span> <span class='ocrx_word' id='word_1_274' title='bbox 737 2512 758 2529; x_wconf 66' lang='lat' dir='ltr'>oi</span> <span class='ocrx_word' id='word_1_275' title='bbox 776 2509 804 2530; x_wconf 67' lang='lat' dir='ltr'>tt·</span> <span class='ocrx_word' id='word_1_276' title='bbox 820 2508 898 2538; x_wconf 60' lang='lat' dir='ltr'>Sem„</span> <span class='ocrx_word' id='word_1_277' title='bbox 912 2509 969 2532; x_wconf 71' lang='lat' dir='ltr'>dist.</span> <span class='ocrx_word' id='word_1_278' title='bbox 986 2515 1025 2538; x_wconf 72' lang='lat' dir='ltr'>u,</span> 
     </span>
     <span class='ocr_line' id='line_1_46' title="bbox 252 2543 1025 2574; baseline -0.004 -6"><span class='ocrx_word' id='word_1_279' title='bbox 252 2551 277 2574; x_wconf 82' lang='lat' dir='ltr'>q.</span> <span class='ocrx_word' id='word_1_280' title='bbox 296 2551 314 2573; x_wconf 83' lang='lat'>1,</span> <span class='ocrx_word' id='word_1_281' title='bbox 329 2546 375 2568; x_wconf 83' lang='lat' dir='ltr'>a1t.</span> <span class='ocrx_word' id='word_1_282' title='bbox 392 2546 422 2573; x_wconf 82' lang='lat'>3;</span> <span class='ocrx_word' id='word_1_283' title='bbox 443 2544 508 2568; x_wconf 83' lang='lat' dir='ltr'>Guil.</span> <span class='ocrx_word' id='word_1_284' title='bbox 529 2543 654 2572; x_wconf 66' lang='lat' dir='ltr'>Altis-iod,</span> <span class='ocrx_word' id='word_1_285' title='bbox 673 2543 702 2566; x_wconf 71' lang='lat' dir='ltr'>lV</span> <span class='ocrx_word' id='word_1_286' title='bbox 725 2544 803 2572; x_wconf 64' lang='lat' dir='ltr'>sent„</span> <span class='ocrx_word' id='word_1_287' title='bbox 824 2545 895 2566; x_wconf 80' lang='lat' dir='ltr'>tract.</span> <span class='ocrx_word' id='word_1_288' title='bbox 915 2549 939 2572; x_wconf 73' lang='lat' dir='ltr'>v,</span> <span class='ocrx_word' id='word_1_289' title='bbox 958 2552 980 2567; x_wconf 83' lang='lat' dir='ltr'>c.</span> <span class='ocrx_word' id='word_1_290' title='bbox 1002 2550 1025 2571; x_wconf 71' lang='lat' dir='ltr'>v,</span> 
     </span>
    </p>
   </div>
   <div class='ocr_carea' id='block_1_7' title="bbox 255 2578 1024 2646">
    <p class='ocr_par' dir='ltr' id='par_1_16' title="bbox 255 2578 1024 2646">
     <span class='ocr_line' id='line_1_47' title="bbox 255 2578 1024 2610; baseline 0 -8"><span class='ocrx_word' id='word_1_291' title='bbox 255 2586 278 2610; x_wconf 87' lang='lat' dir='ltr'>q.</span> <span class='ocrx_word' id='word_1_292' title='bbox 294 2579 482 2609; x_wconf 73' lang='lat' dir='ltr'>1115Richard.,</span> <span class='ocrx_word' id='word_1_293' title='bbox 500 2580 529 2603; x_wconf 61' lang='grc' dir='ltr'>,Υ</span> <span class='ocrx_word' id='word_1_294' title='bbox 547 2580 623 2603; x_wconf 63' lang='lat' dir='ltr'>Sciit..</span> <span class='ocrx_word' id='word_1_295' title='bbox 640 2578 695 2602; x_wconf 85' lang='lat' dir='ltr'>dist.</span> <span class='ocrx_word' id='word_1_296' title='bbox 713 2585 748 2608; x_wconf 78' lang='lat' dir='ltr'>ix,</span> <span class='ocrx_word' id='word_1_297' title='bbox 766 2586 789 2609; x_wconf 80' lang='lat' dir='ltr'>q.</span> <span class='ocrx_word' id='word_1_298' title='bbox 809 2585 827 2607; x_wconf 85' lang='lat'>1;</span> <span class='ocrx_word' id='word_1_299' title='bbox 848 2579 938 2602; x_wconf 86' lang='lat' dir='ltr'>Thom.</span> <span class='ocrx_word' id='word_1_300' title='bbox 954 2581 1024 2610; x_wconf 54' lang='lat' dir='ltr'>Arg„</span> 
     </span>
     <span class='ocr_line' id='line_1_48' title="bbox 258 2614 1023 2646; baseline 0.001 -9"><span class='ocrx_word' id='word_1_301' title='bbox 258 2615 288 2638; x_wconf 87' lang='lat' dir='ltr'>lV</span> <span class='ocrx_word' id='word_1_302' title='bbox 304 2614 381 2644; x_wconf 64' lang='lat' dir='ltr'>Seni„</span> <span class='ocrx_word' id='word_1_303' title='bbox 392 2615 449 2639; x_wconf 81' lang='lat' dir='ltr'>dist.</span> <span class='ocrx_word' id='word_1_304' title='bbox 463 2621 498 2644; x_wconf 82' lang='lat' dir='ltr'>ix,</span> <span class='ocrx_word' id='word_1_305' title='bbox 513 2622 537 2646; x_wconf 85' lang='lat' dir='ltr'>q.</span> <span class='ocrx_word' id='word_1_306' title='bbox 550 2621 567 2645; x_wconf 84' lang='grc' dir='ltr'>ι,</span> <span class='ocrx_word' id='word_1_307' title='bbox 581 2616 627 2639; x_wconf 74' lang='lat' dir='ltr'>art.</span> <span class='ocrx_word' id='word_1_308' title='bbox 642 2617 668 2644; x_wconf 72' lang='lat'>¹5</span> <span class='ocrx_word' id='word_1_309' title='bbox 683 2614 770 2645; x_wconf 78' lang='lat' dir='ltr'>Steph.</span> <span class='ocrx_word' id='word_1_310' title='bbox 783 2614 886 2642; x_wconf 59' lang='lat' dir='ltr'>Brulet‘„</span> <span class='ocrx_word' id='word_1_311' title='bbox 899 2615 930 2638; x_wconf 75' lang='lat' dir='ltr'>tv</span> <span class='ocrx_word' id='word_1_312' title='bbox 945 2615 1023 2641; x_wconf 65' lang='lat' dir='ltr'>Sent„</span> 
     </span>
    </p>
   </div>
   <div class='ocr_carea' id='block_1_8' title="bbox 800 138 1277 173">
    <p class='ocr_par' dir='ltr' id='par_1_17' title="bbox 800 138 1277 173">
     <span class='ocr_line' id='line_1_49' title="bbox 800 138 1277 173; baseline -0.006 0"><span class='ocrx_word' id='word_1_313' title='bbox 800 139 1108 173; x_wconf 84' lang='lat' dir='ltr'><strong>SENTENTIARUM</strong></span> <span class='ocrx_word' id='word_1_314' title='bbox 1128 138 1203 170; x_wconf 86' lang='lat' dir='ltr'>LIB.</span> <span class='ocrx_word' id='word_1_315' title='bbox 1228 138 1277 170; x_wconf 80' lang='lat' dir='ltr'>[V.</span> 
     </span>
    </p>
   </div>
   <div class='ocr_carea' id='block_1_9' title="bbox 1066 206 1841 674">
    <p class='ocr_par' dir='ltr' id='par_1_18' title="bbox 1066 206 1838 352">
     <span class='ocr_line' id='line_1_50' title="bbox 1067 206 1837 250; baseline 0.005 -14"><span class='ocrx_word' id='word_1_316' title='bbox 1067 214 1159 236; x_wconf 88' lang='lat' dir='ltr'>cens:</span> <span class='ocrx_word' id='word_1_317' title='bbox 1176 206 1230 237; x_wconf 88' lang='lat' dir='ltr'>sed</span> <span class='ocrx_word' id='word_1_318' title='bbox 1244 206 1391 238; x_wconf 82' lang='lat' dir='ltr'>indecens</span> <span class='ocrx_word' id='word_1_319' title='bbox 1404 209 1435 237; x_wconf 85' lang='lat' dir='ltr'>et</span> <span class='ocrx_word' id='word_1_320' title='bbox 1448 207 1666 238; x_wconf 85' lang='lat' dir='ltr'>inordinatum</span> <span class='ocrx_word' id='word_1_321' title='bbox 1680 211 1738 246; x_wconf 84' lang='lat' dir='ltr'>est,</span> <span class='ocrx_word' id='word_1_322' title='bbox 1751 209 1837 250; x_wconf 88' lang='lat' dir='ltr'>quod</span> 
     </span>
     <span class='ocr_line' id='line_1_51' title="bbox 1066 259 1838 302; baseline 0.004 -12"><span class='ocrx_word' id='word_1_323' title='bbox 1066 262 1131 290; x_wconf 83' lang='lat' dir='ltr'>tam</span> <span class='ocrx_word' id='word_1_324' title='bbox 1146 259 1250 289; x_wconf 85' lang='lat' dir='ltr'>nobile</span> <span class='ocrx_word' id='word_1_325' title='bbox 1266 269 1380 300; x_wconf 86' lang='lat' dir='ltr'>corpus</span> <span class='ocrx_word' id='word_1_326' title='bbox 1400 261 1497 292; x_wconf 87' lang='lat' dir='ltr'>intret</span> <span class='ocrx_word' id='word_1_327' title='bbox 1515 261 1548 292; x_wconf 88' lang='lat' dir='ltr'>iu</span> <span class='ocrx_word' id='word_1_328' title='bbox 1568 263 1633 292; x_wconf 85' lang='lat' dir='ltr'>tam</span> <span class='ocrx_word' id='word_1_329' title='bbox 1647 260 1710 292; x_wconf 85' lang='lat' dir='ltr'>vile</span> <span class='ocrx_word' id='word_1_330' title='bbox 1725 261 1838 302; x_wconf 88' lang='lat' dir='ltr'>hospi-</span> 
     </span>
     <span class='ocr_line' id='line_1_52' title="bbox 1066 312 1355 352; baseline 0.01 -11"><span class='ocrx_word' id='word_1_331' title='bbox 1066 312 1167 343; x_wconf 87' lang='lat' dir='ltr'>tium:</span> <span class='ocrx_word' id='word_1_332' title='bbox 1184 322 1262 352; x_wconf 82' lang='lat' dir='ltr'>ergo</span> <span class='ocrx_word' id='word_1_333' title='bbox 1274 338 1282 351; x_wconf 93' lang='lat'>,</span> <span class='ocrx_word' id='word_1_334' title='bbox 1298 316 1355 344; x_wconf 87' lang='lat' dir='ltr'>etc.</span> 
     </span>
    </p>

    <p class='ocr_par' dir='ltr' id='par_1_19' title="bbox 1068 366 1841 674">
     <span class='ocr_line' id='line_1_53' title="bbox 1107 366 1838 408; baseline 0.004 -12"><span class='ocrx_word' id='word_1_335' title='bbox 1107 368 1136 396; x_wconf 85' lang='lat'>6.</span> <span class='ocrx_word' id='word_1_336' title='bbox 1163 366 1239 396; x_wconf 88' lang='lat' dir='ltr'>ltem</span> <span class='ocrx_word' id='word_1_337' title='bbox 1251 391 1259 404; x_wconf 84' lang='grc'>,</span> <span class='ocrx_word' id='word_1_338' title='bbox 1282 367 1367 407; x_wconf 85' lang='lat' dir='ltr'>quod</span> <span class='ocrx_word' id='word_1_339' title='bbox 1383 367 1522 398; x_wconf 80' lang='lat' dir='ltr'>Christus</span> <span class='ocrx_word' id='word_1_340' title='bbox 1541 368 1660 408; x_wconf 87' lang='lat' dir='ltr'>patitur</span> <span class='ocrx_word' id='word_1_341' title='bbox 1673 376 1706 398; x_wconf 88' lang='lat' dir='ltr'>se</span> <span class='ocrx_word' id='word_1_342' title='bbox 1721 368 1805 399; x_wconf 89' lang='lat' dir='ltr'>sumi</span> <span class='ocrx_word' id='word_1_343' title='bbox 1820 378 1838 399; x_wconf 83' lang='lat' dir='ltr'>a</span> 
     </span>
     <span class='ocr_line' id='line_1_54' title="bbox 1069 420 1836 459; baseline 0.004 -12"><span class='ocrx_word' id='word_1_344' title='bbox 1069 421 1248 457; x_wconf 74' lang='lat' dir='ltr'>peccatore,</span> <span class='ocrx_word' id='word_1_345' title='bbox 1270 422 1324 448; x_wconf 89' lang='lat' dir='ltr'>aut</span> <span class='ocrx_word' id='word_1_346' title='bbox 1338 422 1384 449; x_wconf 83' lang='lat' dir='ltr'>est</span> <span class='ocrx_word' id='word_1_347' title='bbox 1398 429 1478 459; x_wconf 88' lang='lat' dir='ltr'>opus</span> <span class='ocrx_word' id='word_1_348' title='bbox 1489 420 1642 458; x_wconf 68' lang='lat' dir='ltr'>justitiae,</span> <span class='ocrx_word' id='word_1_349' title='bbox 1665 421 1720 450; x_wconf 86' lang='lat' dir='ltr'>aut</span> <span class='ocrx_word' id='word_1_350' title='bbox 1742 420 1836 451; x_wconf 90' lang='lat' dir='ltr'>mise-</span> 
     </span>
     <span class='ocr_line' id='line_1_55' title="bbox 1068 473 1840 515; baseline 0.006 -13"><span class='ocrx_word' id='word_1_351' title='bbox 1068 473 1212 503; x_wconf 74' lang='lat' dir='ltr'>ricordiae</span> <span class='ocrx_word' id='word_1_352' title='bbox 1229 474 1377 512; x_wconf 75' lang='lat' dir='ltr'>:justitiae</span> <span class='ocrx_word' id='word_1_353' title='bbox 1390 484 1463 512; x_wconf 64' lang='lat' dir='ltr'>non7</span> <span class='ocrx_word' id='word_1_354' title='bbox 1477 476 1553 515; x_wconf 86' lang='lat' dir='ltr'>quia</span> <span class='ocrx_word' id='word_1_355' title='bbox 1564 478 1706 515; x_wconf 86' lang='lat' dir='ltr'>peccator</span> <span class='ocrx_word' id='word_1_356' title='bbox 1718 484 1783 506; x_wconf 87' lang='lat' dir='ltr'>non</span> <span class='ocrx_word' id='word_1_357' title='bbox 1794 479 1840 507; x_wconf 87' lang='lat' dir='ltr'>est</span> 
     </span>
     <span class='ocr_line' id='line_1_56' title="bbox 1069 526 1840 568; baseline 0.005 -12"><span class='ocrx_word' id='word_1_358' title='bbox 1069 526 1205 563; x_wconf 63' lang='lat' dir='ltr'>dij-rnus3</span> <span class='ocrx_word' id='word_1_359' title='bbox 1228 527 1451 559; x_wconf 76' lang='lat' dir='ltr'>misericordiae</span> <span class='ocrx_word' id='word_1_360' title='bbox 1468 538 1531 558; x_wconf 80' lang='lat' dir='ltr'>non</span> <span class='ocrx_word' id='word_1_361' title='bbox 1543 552 1552 563; x_wconf 88' lang='lat'>,</span> <span class='ocrx_word' id='word_1_362' title='bbox 1571 528 1647 568; x_wconf 84' lang='lat' dir='ltr'>quia</span> <span class='ocrx_word' id='word_1_363' title='bbox 1661 529 1840 560; x_wconf 85' lang='lat' dir='ltr'>misericor-</span> 
     </span>
     <span class='ocr_line' id='line_1_57' title="bbox 1069 579 1841 621; baseline 0.004 -12"><span class='ocrx_word' id='word_1_364' title='bbox 1069 579 1119 609; x_wconf 88' lang='lat' dir='ltr'>dia</span> <span class='ocrx_word' id='word_1_365' title='bbox 1141 579 1209 609; x_wconf 84' lang='lat' dir='ltr'>facit</span> <span class='ocrx_word' id='word_1_366' title='bbox 1234 580 1319 619; x_wconf 86' lang='lat' dir='ltr'>quod</span> <span class='ocrx_word' id='word_1_367' title='bbox 1342 581 1464 611; x_wconf 76' lang='lat' dir='ltr'>homini</span> <span class='ocrx_word' id='word_1_368' title='bbox 1490 582 1649 612; x_wconf 83' lang='lat' dir='ltr'>salubrius</span> <span class='ocrx_word' id='word_1_369' title='bbox 1667 584 1736 613; x_wconf 85' lang='lat' dir='ltr'>est:</span> <span class='ocrx_word' id='word_1_370' title='bbox 1761 590 1841 621; x_wconf 84' lang='lat' dir='ltr'>ergo</span> 
     </span>
     <span class='ocr_line' id='line_1_58' title="bbox 1069 635 1840 674; baseline 0.004 -11"><span class='ocrx_word' id='word_1_371' title='bbox 1069 643 1141 664; x_wconf 87' lang='lat' dir='ltr'>cum</span> <span class='ocrx_word' id='word_1_372' title='bbox 1157 643 1251 664; x_wconf 86' lang='lat' dir='ltr'>omne</span> <span class='ocrx_word' id='word_1_373' title='bbox 1267 635 1351 674; x_wconf 79' lang='lat' dir='ltr'>quod</span> <span class='ocrx_word' id='word_1_374' title='bbox 1367 635 1449 666; x_wconf 89' lang='lat' dir='ltr'>Deus</span> <span class='ocrx_word' id='word_1_375' title='bbox 1462 636 1553 673; x_wconf 83' lang='lat' dir='ltr'>facit,</span> <span class='ocrx_word' id='word_1_376' title='bbox 1573 636 1613 666; x_wconf 90' lang='lat' dir='ltr'>sit</span> <span class='ocrx_word' id='word_1_377' title='bbox 1629 635 1840 666; x_wconf 83' lang='lat' dir='ltr'>misericordia</span> 
     </span>
    </p>
   </div>
   <div class='ocr_carea' id='block_1_10' title="bbox 1069 687 1840 772">
    <p class='ocr_par' dir='ltr' id='par_1_20' title="bbox 1069 687 1840 772">
     <span class='ocr_line' id='line_1_59' title="bbox 1069 687 1840 728; baseline 0.003 -11"><span class='ocrx_word' id='word_1_378' title='bbox 1069 689 1099 717; x_wconf 86' lang='lat' dir='ltr'>et</span> <span class='ocrx_word' id='word_1_379' title='bbox 1114 688 1239 726; x_wconf 81' lang='lat' dir='ltr'>veritas,</span> <span class='ocrx_word' id='word_1_380' title='bbox 1255 688 1380 719; x_wconf 84' lang='lat' dir='ltr'>videtur</span> <span class='ocrx_word' id='word_1_381' title='bbox 1392 689 1475 728; x_wconf 86' lang='lat' dir='ltr'>quod</span> <span class='ocrx_word' id='word_1_382' title='bbox 1488 690 1631 728; x_wconf 84' lang='lat' dir='ltr'>peccator</span> <span class='ocrx_word' id='word_1_383' title='bbox 1646 688 1734 720; x_wconf 89' lang='lat' dir='ltr'>nullo</span> <span class='ocrx_word' id='word_1_384' title='bbox 1747 687 1840 720; x_wconf 90' lang='lat' dir='ltr'>modo</span> 
     </span>
     <span class='ocr_line' id='line_1_60' title="bbox 1070 743 1186 772; baseline 0.017 -2"><span class='ocrx_word' id='word_1_385' title='bbox 1070 743 1186 772; x_wconf 87' lang='lat' dir='ltr'>sumat.</span> 
     </span>
    </p>
   </div>
   <div class='ocr_carea' id='block_1_11' title="bbox 1344 824 1568 856">
    <p class='ocr_par' dir='ltr' id='par_1_21' title="bbox 1344 824 1568 856">
     <span class='ocr_line' id='line_1_61' title="bbox 1344 824 1568 856; baseline 0.004 -1"><span class='ocrx_word' id='word_1_386' title='bbox 1344 824 1568 856; x_wconf 87' lang='lat' dir='ltr'>CONCLUSIO.</span> 
     </span>
    </p>
   </div>
   <div class='ocr_carea' id='block_1_12' title="bbox 1070 904 1842 1064">
    <p class='ocr_par' dir='ltr' id='par_1_22' title="bbox 1070 904 1842 1064">
     <span class='ocr_line' id='line_1_62' title="bbox 1070 904 1840 942; baseline 0.004 -13"><span class='ocrx_word' id='word_1_387' title='bbox 1070 904 1141 930; x_wconf 73' lang='lat' dir='ltr'>Mali</span> <span class='ocrx_word' id='word_1_388' title='bbox 1167 907 1272 931; x_wconf 74' lang='lat' dir='ltr'>sumunt</span> <span class='ocrx_word' id='word_1_389' title='bbox 1299 913 1354 932; x_wconf 52' lang='lat' dir='ltr'>rem&gt;</span> <span class='ocrx_word' id='word_1_390' title='bbox 1382 907 1563 940; x_wconf 73' lang='lat' dir='ltr'>sacramenti,</span> <span class='ocrx_word' id='word_1_391' title='bbox 1592 913 1650 940; x_wconf 79' lang='lat' dir='ltr'>quoe</span> <span class='ocrx_word' id='word_1_392' title='bbox 1677 908 1714 933; x_wconf 74' lang='lat' dir='ltr'>est</span> <span class='ocrx_word' id='word_1_393' title='bbox 1746 913 1840 942; x_wconf 79' lang='lat' dir='ltr'>corpus</span> 
     </span>
     <span class='ocr_line' id='line_1_63' title="bbox 1108 949 1842 985; baseline 0.001 -10"><span class='ocrx_word' id='word_1_394' title='bbox 1108 949 1209 976; x_wconf 74' lang='lat' dir='ltr'>Christi</span> <span class='ocrx_word' id='word_1_395' title='bbox 1222 957 1321 983; x_wconf 80' lang='lat' dir='ltr'>verum,</span> <span class='ocrx_word' id='word_1_396' title='bbox 1336 952 1427 977; x_wconf 74' lang='lat' dir='ltr'>natum</span> <span class='ocrx_word' id='word_1_397' title='bbox 1443 950 1473 976; x_wconf 83' lang='lat' dir='ltr'>de</span> <span class='ocrx_word' id='word_1_398' title='bbox 1491 951 1611 984; x_wconf 66' lang='lat' dir='ltr'>Virgine,</span> <span class='ocrx_word' id='word_1_399' title='bbox 1627 952 1650 977; x_wconf 78' lang='lat' dir='ltr'>et</span> <span class='ocrx_word' id='word_1_400' title='bbox 1664 949 1734 984; x_wconf 84' lang='lat' dir='ltr'>quod</span> <span class='ocrx_word' id='word_1_401' title='bbox 1745 957 1842 985; x_wconf 80' lang='lat' dir='ltr'>pepen-</span> 
     </span>
     <span class='ocr_line' id='line_1_64' title="bbox 1105 993 1842 1029; baseline 0.001 -10"><span class='ocrx_word' id='word_1_402' title='bbox 1105 993 1147 1019; x_wconf 67' lang='lat' dir='ltr'>(lit</span> <span class='ocrx_word' id='word_1_403' title='bbox 1168 996 1195 1020; x_wconf 82' lang='lat' dir='ltr'>z&#39;n</span> <span class='ocrx_word' id='word_1_404' title='bbox 1215 1002 1304 1027; x_wconf 79' lang='lat' dir='ltr'>cruce,</span> <span class='ocrx_word' id='word_1_405' title='bbox 1320 997 1450 1021; x_wconf 77' lang='lat' dir='ltr'>mortuum</span> <span class='ocrx_word' id='word_1_406' title='bbox 1469 996 1508 1021; x_wconf 79' lang='lat' dir='ltr'>est</span> <span class='ocrx_word' id='word_1_407' title='bbox 1517 1015 1525 1029; x_wconf 89' lang='lat'><em>,</em></span> <span class='ocrx_word' id='word_1_408' title='bbox 1541 996 1702 1027; x_wconf 69' lang='lat' dir='ltr'>resurrexit,</span> <span class='ocrx_word' id='word_1_409' title='bbox 1719 996 1744 1021; x_wconf 82' lang='lat' dir='ltr'>et</span> <span class='ocrx_word' id='word_1_410' title='bbox 1762 996 1800 1022; x_wconf 72' lang='lat' dir='ltr'>est</span> <span class='ocrx_word' id='word_1_411' title='bbox 1813 995 1842 1021; x_wconf 80' lang='lat' dir='ltr'>in</span> 
     </span>
     <span class='ocr_line' id='line_1_65' title="bbox 1105 1038 1185 1064; baseline 0 0"><span class='ocrx_word' id='word_1_412' title='bbox 1105 1038 1185 1064; x_wconf 80' lang='lat' dir='ltr'>coelc&#39;s.</span> 
     </span>
    </p>
   </div>
   <div class='ocr_carea' id='block_1_13' title="bbox 1070 1118 1845 1529">
    <p class='ocr_par' dir='ltr' id='par_1_23' title="bbox 1070 1118 1845 1529">
     <span class='ocr_line' id='line_1_66' title="bbox 1112 1118 1838 1159; baseline 0.003 -11"><span class='ocrx_word' id='word_1_413' title='bbox 1112 1118 1201 1158; x_wconf 59' lang='lat' dir='ltr'>[tes-p.</span> <span class='ocrx_word' id='word_1_414' title='bbox 1218 1120 1256 1148; x_wconf 84' lang='lat' dir='ltr'>ad</span> <span class='ocrx_word' id='word_1_415' title='bbox 1271 1128 1341 1158; x_wconf 77' lang='lat' dir='ltr'>arg.</span> <span class='ocrx_word' id='word_1_416' title='bbox 1364 1119 1536 1150; x_wconf 85' lang='lat' dir='ltr'>Dicendum</span> <span class='ocrx_word' id='word_1_417' title='bbox 1551 1119 1635 1159; x_wconf 87' lang='lat' dir='ltr'>quod</span> <span class='ocrx_word' id='word_1_418' title='bbox 1648 1143 1655 1156; x_wconf 91' lang='lat'>,</span> <span class='ocrx_word' id='word_1_419' title='bbox 1672 1119 1754 1149; x_wconf 83' lang='lat' dir='ltr'>sicut</span> <span class='ocrx_word' id='word_1_420' title='bbox 1767 1121 1838 1150; x_wconf 84' lang='lat' dir='ltr'>tan-</span> 
     </span>
     <span class='ocr_line' id='line_1_67' title="bbox 1071 1171 1840 1212; baseline 0.003 -12"><span class='ocrx_word' id='word_1_421' title='bbox 1071 1172 1117 1210; x_wconf 77' lang='lat' dir='ltr'>git</span> <span class='ocrx_word' id='word_1_422' title='bbox 1136 1171 1286 1210; x_wconf 75' lang='lat' dir='ltr'>Magister</span> <span class='ocrx_word' id='word_1_423' title='bbox 1302 1173 1334 1202; x_wconf 91' lang='lat' dir='ltr'>in</span> <span class='ocrx_word' id='word_1_424' title='bbox 1349 1172 1452 1203; x_wconf 82' lang='lat' dir='ltr'>littera</span> <span class='ocrx_word' id='word_1_425' title='bbox 1463 1197 1471 1210; x_wconf 82' lang='lat'>‚</span> <span class='ocrx_word' id='word_1_426' title='bbox 1493 1172 1590 1212; x_wconf 83' lang='lat' dir='ltr'>aliqui</span> <span class='ocrx_word' id='word_1_427' title='bbox 1610 1172 1782 1203; x_wconf 84' lang='lat' dir='ltr'>voluerunt</span> <span class='ocrx_word' id='word_1_428' title='bbox 1795 1172 1840 1203; x_wconf 81' lang='lat' dir='ltr'>di-</span> 
     </span>
     <span class='ocr_line' id='line_1_68' title="bbox 1070 1224 1839 1264; baseline 0.001 -10"><span class='ocrx_word' id='word_1_429' title='bbox 1070 1234 1151 1260; x_wconf 80' lang='lat' dir='ltr'>cere,</span> <span class='ocrx_word' id='word_1_430' title='bbox 1166 1234 1281 1264; x_wconf 81' lang='lat' dir='ltr'>corpus</span> <span class='ocrx_word' id='word_1_431' title='bbox 1294 1224 1406 1255; x_wconf 79' lang='lat' dir='ltr'>Christi</span> <span class='ocrx_word' id='word_1_432' title='bbox 1416 1235 1526 1255; x_wconf 83' lang='lat' dir='ltr'>verum</span> <span class='ocrx_word' id='word_1_433' title='bbox 1538 1235 1556 1255; x_wconf 84' lang='lat' dir='ltr'>a</span> <span class='ocrx_word' id='word_1_434' title='bbox 1567 1225 1657 1255; x_wconf 85' lang='lat' dir='ltr'>malis</span> <span class='ocrx_word' id='word_1_435' title='bbox 1668 1234 1730 1256; x_wconf 80' lang='lat' dir='ltr'>non</span> <span class='ocrx_word' id='word_1_436' title='bbox 1743 1225 1839 1263; x_wconf 89' lang='lat' dir='ltr'>sumi,</span> 
     </span>
     <span class='ocr_line' id='line_1_69' title="bbox 1072 1277 1840 1317; baseline 0 -10"><span class='ocrx_word' id='word_1_437' title='bbox 1072 1277 1147 1317; x_wconf 81' lang='lat' dir='ltr'>quia</span> <span class='ocrx_word' id='word_1_438' title='bbox 1164 1286 1225 1306; x_wconf 85' lang='lat' dir='ltr'>non</span> <span class='ocrx_word' id='word_1_439' title='bbox 1242 1277 1328 1307; x_wconf 74' lang='lat' dir='ltr'>dccet</span> <span class='ocrx_word' id='word_1_440' title='bbox 1344 1281 1464 1308; x_wconf 84' lang='lat' dir='ltr'>tantam</span> <span class='ocrx_word' id='word_1_441' title='bbox 1479 1279 1676 1317; x_wconf 80' lang='lat' dir='ltr'>majestatem</span> <span class='ocrx_word' id='word_1_442' title='bbox 1688 1301 1695 1315; x_wconf 93' lang='lat'>‚</span> <span class='ocrx_word' id='word_1_443' title='bbox 1721 1280 1752 1307; x_wconf 86' lang='lat' dir='ltr'>et</span> <span class='ocrx_word' id='word_1_444' title='bbox 1773 1286 1840 1308; x_wconf 91' lang='lat' dir='ltr'>car-</span> 
     </span>
     <span class='ocr_line' id='line_1_70' title="bbox 1074 1331 1844 1370; baseline 0 -10"><span class='ocrx_word' id='word_1_445' title='bbox 1074 1340 1147 1360; x_wconf 73' lang='lat' dir='ltr'>nem</span> <span class='ocrx_word' id='word_1_446' title='bbox 1164 1334 1226 1360; x_wconf 81' lang='lat' dir='ltr'>tam</span> <span class='ocrx_word' id='word_1_447' title='bbox 1243 1333 1383 1361; x_wconf 76' lang='lat' dir='ltr'>sanctam</span> <span class='ocrx_word' id='word_1_448' title='bbox 1399 1333 1428 1361; x_wconf 88' lang='lat' dir='ltr'>et</span> <span class='ocrx_word' id='word_1_449' title='bbox 1443 1340 1557 1370; x_wconf 85' lang='lat' dir='ltr'>puram</span> <span class='ocrx_word' id='word_1_450' title='bbox 1568 1355 1577 1368; x_wconf 91' lang='lat'><em>,</em></span> <span class='ocrx_word' id='word_1_451' title='bbox 1594 1331 1625 1360; x_wconf 90' lang='lat' dir='ltr'>in</span> <span class='ocrx_word' id='word_1_452' title='bbox 1642 1339 1755 1370; x_wconf 79' lang='lat' dir='ltr'>corpus</span> <span class='ocrx_word' id='word_1_453' title='bbox 1775 1339 1844 1370; x_wconf 85' lang='lat' dir='ltr'>pec—</span> 
     </span>
     <span class='ocr_line' id='line_1_71' title="bbox 1073 1383 1844 1414; baseline 0 0"><span class='ocrx_word' id='word_1_454' title='bbox 1073 1384 1149 1414; x_wconf 81' lang='lat' dir='ltr'>catis</span> <span class='ocrx_word' id='word_1_455' title='bbox 1173 1384 1335 1414; x_wconf 83' lang='lat' dir='ltr'>subditum</span> <span class='ocrx_word' id='word_1_456' title='bbox 1358 1384 1498 1414; x_wconf 86' lang='lat' dir='ltr'>introire.</span> <span class='ocrx_word' id='word_1_457' title='bbox 1524 1383 1610 1414; x_wconf 87' lang='lat' dir='ltr'>Unde</span> <span class='ocrx_word' id='word_1_458' title='bbox 1633 1383 1779 1414; x_wconf 84' lang='lat' dir='ltr'>volebant</span> <span class='ocrx_word' id='word_1_459' title='bbox 1793 1383 1844 1414; x_wconf 89' lang='lat' dir='ltr'>di·-</span> 
     </span>
     <span class='ocr_line' id='line_1_72' title="bbox 1072 1437 1844 1476; baseline 0 -10"><span class='ocrx_word' id='word_1_460' title='bbox 1072 1446 1151 1474; x_wconf 78' lang='lat' dir='ltr'>cere,</span> <span class='ocrx_word' id='word_1_461' title='bbox 1170 1437 1253 1475; x_wconf 71' lang='lat' dir='ltr'>quod</span> <span class='ocrx_word' id='word_1_462' title='bbox 1269 1446 1382 1476; x_wconf 79' lang='lat' dir='ltr'>corpus</span> <span class='ocrx_word' id='word_1_463' title='bbox 1394 1437 1506 1467; x_wconf 79' lang='lat' dir='ltr'>Christi</span> <span class='ocrx_word' id='word_1_464' title='bbox 1522 1446 1634 1467; x_wconf 86' lang='lat' dir='ltr'>verum</span> <span class='ocrx_word' id='word_1_465' title='bbox 1649 1446 1667 1467; x_wconf 88' lang='lat' dir='ltr'>a</span> <span class='ocrx_word' id='word_1_466' title='bbox 1682 1437 1844 1476; x_wconf 85' lang='lat' dir='ltr'>speciebus</span> 
     </span>
     <span class='ocr_line' id='line_1_73' title="bbox 1072 1489 1845 1529; baseline 0.001 -10"><span class='ocrx_word' id='word_1_467' title='bbox 1072 1490 1270 1527; x_wconf 75' lang='lat' dir='ltr'>abscederet,</span> <span class='ocrx_word' id='word_1_468' title='bbox 1290 1500 1329 1520; x_wconf 76' lang='lat' dir='ltr'>cx</span> <span class='ocrx_word' id='word_1_469' title='bbox 1344 1499 1408 1529; x_wconf 85' lang='lat' dir='ltr'>quo</span> <span class='ocrx_word' id='word_1_470' title='bbox 1424 1492 1567 1529; x_wconf 79' lang='lat' dir='ltr'>peccator</span> <span class='ocrx_word' id='word_1_471' title='bbox 1586 1490 1692 1529; x_wconf 80' lang='lat' dir='ltr'>ipsum</span> <span class='ocrx_word' id='word_1_472' title='bbox 1710 1489 1800 1520; x_wconf 84' lang='lat' dir='ltr'>labiis</span> <span class='ocrx_word' id='word_1_473' title='bbox 1815 1491 1845 1520; x_wconf 88' lang='lat' dir='ltr'>et</span> 
     </span>
    </p>
   </div>
   <div class='ocr_carea' id='block_1_14' title="bbox 1871 1126 1946 1149">
    <p class='ocr_par' dir='ltr' id='par_1_24' title="bbox 1871 1126 1946 1149">
     <span class='ocr_line' id='line_1_74' title="bbox 1871 1126 1946 1149; baseline -0.013 0"><span class='ocrx_word' id='word_1_474' title='bbox 1871 1126 1946 1149; x_wconf 70' lang='lat' dir='ltr'>Error.</span> 
     </span>
    </p>
   </div>
   <div class='ocr_carea' id='block_1_15' title="bbox 1072 1542 1956 1582">
    <p class='ocr_par' dir='ltr' id='par_1_25' title="bbox 1072 1542 1956 1582">
     <span class='ocr_line' id='line_1_75' title="bbox 1072 1542 1956 1582; baseline -0.005 -9"><span class='ocrx_word' id='word_1_475' title='bbox 1072 1553 1125 1573; x_wconf 88' lang='lat' dir='ltr'>ore</span> <span class='ocrx_word' id='word_1_476' title='bbox 1142 1543 1260 1582; x_wconf 80' lang='lat' dir='ltr'>polluto</span> <span class='ocrx_word' id='word_1_477' title='bbox 1272 1544 1482 1581; x_wconf 70' lang='lat' dir='ltr'>contingeret.</span> <span class='ocrx_word' id='word_1_478' title='bbox 1501 1542 1561 1573; x_wconf 83' lang='lat' dir='ltr'>Sed</span> <span class='ocrx_word' id='word_1_479' title='bbox 1574 1543 1727 1582; x_wconf 87' lang='lat' dir='ltr'>quoniam</span> <span class='ocrx_word' id='word_1_480' title='bbox 1740 1543 1844 1573; x_wconf 88' lang='lat' dir='ltr'>hocin</span> <span class='ocrx_word' id='word_1_481' title='bbox 1860 1548 1956 1577; x_wconf 73' lang='lat' dir='ltr'>Improb.</span> 
     </span>
    </p>
   </div>
   <div class='ocr_carea' id='block_1_16' title="bbox 1073 1596 1845 1794">
    <p class='ocr_par' dir='ltr' id='par_1_26' title="bbox 1073 1596 1845 1794">
     <span class='ocr_line' id='line_1_76' title="bbox 1073 1596 1844 1631; baseline 0.001 -6"><span class='ocrx_word' id='word_1_482' title='bbox 1073 1605 1212 1625; x_wconf 81' lang='lat' dir='ltr'>errorem</span> <span class='ocrx_word' id='word_1_483' title='bbox 1230 1596 1315 1625; x_wconf 77' lang='lat' dir='ltr'>(lucit</span> <span class='ocrx_word' id='word_1_484' title='bbox 1327 1620 1334 1631; x_wconf 82' lang='lat'><strong>‚</strong></span> <span class='ocrx_word' id='word_1_485' title='bbox 1358 1598 1388 1625; x_wconf 83' lang='lat' dir='ltr'>et</span> <span class='ocrx_word' id='word_1_486' title='bbox 1408 1596 1571 1626; x_wconf 80' lang='lat' dir='ltr'>manifeste</span> <span class='ocrx_word' id='word_1_487' title='bbox 1585 1598 1630 1625; x_wconf 81' lang='lat' dir='ltr'>est</span> <span class='ocrx_word' id='word_1_488' title='bbox 1645 1599 1754 1626; x_wconf 78' lang='lat' dir='ltr'>contra</span> <span class='ocrx_word' id='word_1_489' title='bbox 1769 1604 1844 1626; x_wconf 85' lang='lat' dir='ltr'>auc-</span> 
     </span>
     <span class='ocr_line' id='line_1_77' title="bbox 1074 1648 1845 1685; baseline 0.001 -7"><span class='ocrx_word' id='word_1_490' title='bbox 1074 1650 1213 1678; x_wconf 76' lang='lat' dir='ltr'>toritates</span> <span class='ocrx_word' id='word_1_491' title='bbox 1224 1651 1416 1685; x_wconf 77' lang='lat' dir='ltr'>sanctorum,</span> <span class='ocrx_word' id='word_1_492' title='bbox 1432 1648 1502 1678; x_wconf 87' lang='lat' dir='ltr'>ideo</span> <span class='ocrx_word' id='word_1_493' title='bbox 1515 1649 1726 1679; x_wconf 86' lang='lat' dir='ltr'>communiter</span> <span class='ocrx_word' id='word_1_494' title='bbox 1737 1651 1845 1679; x_wconf 86' lang='lat' dir='ltr'>tenent</span> 
     </span>
     <span class='ocr_line' id='line_1_78' title="bbox 1073 1701 1842 1740; baseline 0 -8"><span class='ocrx_word' id='word_1_495' title='bbox 1073 1702 1092 1732; x_wconf 88' lang='lat' dir='ltr'>d</span> <span class='ocrx_word' id='word_1_496' title='bbox 1105 1705 1214 1732; x_wconf 62' lang='lat' dir='ltr'>mtores</span> <span class='ocrx_word' id='word_1_497' title='bbox 1229 1701 1336 1731; x_wconf 78' lang='lat' dir='ltr'>fideles</span> <span class='ocrx_word' id='word_1_498' title='bbox 1349 1704 1501 1740; x_wconf 83' lang='lat' dir='ltr'>tauquam</span> <span class='ocrx_word' id='word_1_499' title='bbox 1516 1701 1775 1732; x_wconf 87' lang='lat' dir='ltr'>certitudinaliter</span> <span class='ocrx_word' id='word_1_500' title='bbox 1790 1710 1842 1732; x_wconf 86' lang='lat' dir='ltr'>ve-</span> 
     </span>
     <span class='ocr_line' id='line_1_79' title="bbox 1074 1754 1845 1794; baseline 0.001 -10"><span class='ocrx_word' id='word_1_501' title='bbox 1074 1764 1168 1792; x_wconf 89' lang='lat' dir='ltr'>rum,</span> <span class='ocrx_word' id='word_1_502' title='bbox 1195 1755 1279 1793; x_wconf 80' lang='lat' dir='ltr'>quod</span> <span class='ocrx_word' id='word_1_503' title='bbox 1307 1755 1338 1784; x_wconf 90' lang='lat' dir='ltr'>in</span> <span class='ocrx_word' id='word_1_504' title='bbox 1361 1763 1396 1784; x_wconf 90' lang='lat' dir='ltr'>re</span> <span class='ocrx_word' id='word_1_505' title='bbox 1417 1754 1537 1791; x_wconf 87' lang='lat' dir='ltr'>media,</span> <span class='ocrx_word' id='word_1_506' title='bbox 1564 1763 1635 1794; x_wconf 85' lang='lat' dir='ltr'>quae</span> <span class='ocrx_word' id='word_1_507' title='bbox 1661 1757 1708 1785; x_wconf 75' lang='lat' dir='ltr'>est</span> <span class='ocrx_word' id='word_1_508' title='bbox 1731 1763 1845 1794; x_wconf 90' lang='lat' dir='ltr'>corpus</span> 
     </span>
    </p>
   </div>
   <div class='ocr_carea' id='block_1_17' title="bbox 1075 1807 1965 1847">
    <p class='ocr_par' dir='ltr' id='par_1_27' title="bbox 1075 1807 1965 1847">
     <span class='ocr_line' id='line_1_80' title="bbox 1075 1807 1965 1847; baseline 0.001 -9"><span class='ocrx_word' id='word_1_509' title='bbox 1075 1808 1188 1838; x_wconf 80' lang='lat' dir='ltr'>Christi</span> <span class='ocrx_word' id='word_1_510' title='bbox 1204 1816 1317 1838; x_wconf 83' lang='lat' dir='ltr'>verum</span> <span class='ocrx_word' id='word_1_511' title='bbox 1329 1831 1338 1844; x_wconf 88' lang='lat'><em>,</em></span> <span class='ocrx_word' id='word_1_512' title='bbox 1357 1816 1419 1838; x_wconf 89' lang='lat' dir='ltr'>non</span> <span class='ocrx_word' id='word_1_513' title='bbox 1436 1810 1481 1837; x_wconf 81' lang='lat' dir='ltr'>cst</span> <span class='ocrx_word' id='word_1_514' title='bbox 1495 1807 1670 1838; x_wconf 81' lang='lat' dir='ltr'>differentia</span> <span class='ocrx_word' id='word_1_515' title='bbox 1683 1807 1765 1838; x_wconf 90' lang='lat' dir='ltr'>inter</span> <span class='ocrx_word' id='word_1_516' title='bbox 1775 1808 1844 1847; x_wconf 63' lang='lat' dir='ltr'>jus·&gt;</span> <span class='ocrx_word' id='word_1_517' title='bbox 1861 1818 1965 1839; x_wconf 62' lang='lat' dir='ltr'>necet-mi-</span> 
     </span>
    </p>
   </div>
   <div class='ocr_carea' id='block_1_18' title="bbox 1075 1861 1850 2423">
    <p class='ocr_par' dir='ltr' id='par_1_28' title="bbox 1075 1861 1850 2423">
     <span class='ocr_line' id='line_1_81' title="bbox 1076 1861 1846 1900; baseline 0 -9"><span class='ocrx_word' id='word_1_518' title='bbox 1076 1863 1143 1892; x_wconf 86' lang='lat' dir='ltr'>tum</span> <span class='ocrx_word' id='word_1_519' title='bbox 1159 1864 1189 1891; x_wconf 84' lang='lat' dir='ltr'>et</span> <span class='ocrx_word' id='word_1_520' title='bbox 1206 1861 1359 1900; x_wconf 81' lang='lat' dir='ltr'>impium,</span> <span class='ocrx_word' id='word_1_521' title='bbox 1383 1861 1459 1900; x_wconf 83' lang='lat' dir='ltr'>quia</span> <span class='ocrx_word' id='word_1_522' title='bbox 1473 1861 1537 1900; x_wconf 81' lang='lat' dir='ltr'>ipse</span> <span class='ocrx_word' id='word_1_523' title='bbox 1552 1861 1705 1891; x_wconf 89' lang='lat' dir='ltr'>Dominus</span> <span class='ocrx_word' id='word_1_524' title='bbox 1719 1861 1846 1900; x_wconf 88' lang='lat' dir='ltr'>utrique</span> 
     </span>
     <span class='ocr_line' id='line_1_82' title="bbox 1076 1914 1848 1954; baseline -0.001 -9"><span class='ocrx_word' id='word_1_525' title='bbox 1076 1924 1107 1945; x_wconf 82' lang='lat' dir='ltr'>se</span> <span class='ocrx_word' id='word_1_526' title='bbox 1131 1915 1223 1945; x_wconf 82' lang='lat' dir='ltr'>otl&#39;ert</span> <span class='ocrx_word' id='word_1_527' title='bbox 1245 1923 1329 1944; x_wconf 88' lang='lat' dir='ltr'>nunc</span> <span class='ocrx_word' id='word_1_528' title='bbox 1343 1938 1350 1952; x_wconf 89' lang='lat'>‚</span> <span class='ocrx_word' id='word_1_529' title='bbox 1375 1915 1455 1944; x_wconf 84' lang='lat' dir='ltr'>sicut</span> <span class='ocrx_word' id='word_1_530' title='bbox 1475 1923 1531 1954; x_wconf 87' lang='lat' dir='ltr'>pro</span> <span class='ocrx_word' id='word_1_531' title='bbox 1553 1914 1702 1945; x_wconf 87' lang='lat' dir='ltr'>omnihus</span> <span class='ocrx_word' id='word_1_532' title='bbox 1721 1923 1753 1945; x_wconf 89' lang='lat' dir='ltr'>se</span> <span class='ocrx_word' id='word_1_533' title='bbox 1773 1916 1848 1945; x_wconf 86' lang='lat' dir='ltr'>tunc</span> 
     </span>
     <span class='ocr_line' id='line_1_83' title="bbox 1075 1967 1846 2007; baseline 0 -10"><span class='ocrx_word' id='word_1_534' title='bbox 1075 1968 1190 1998; x_wconf 84' lang='lat' dir='ltr'>obtulit</span> <span class='ocrx_word' id='word_1_535' title='bbox 1204 1968 1236 1997; x_wconf 90' lang='lat' dir='ltr'>iu</span> <span class='ocrx_word' id='word_1_536' title='bbox 1253 1976 1355 1998; x_wconf 87' lang='lat' dir='ltr'>cruce.</span> <span class='ocrx_word' id='word_1_537' title='bbox 1375 1967 1437 1998; x_wconf 79' lang='lat' dir='ltr'>Sed</span> <span class='ocrx_word' id='word_1_538' title='bbox 1452 1970 1607 2007; x_wconf 77' lang='lat' dir='ltr'>quantum</span> <span class='ocrx_word' id='word_1_539' title='bbox 1623 1967 1662 1998; x_wconf 88' lang='lat' dir='ltr'>ad</span> <span class='ocrx_word' id='word_1_540' title='bbox 1677 1967 1846 2005; x_wconf 88' lang='lat' dir='ltr'>ultimum,</span> 
     </span>
     <span class='ocr_line' id='line_1_84' title="bbox 1076 2019 1846 2060; baseline 0 -10"><span class='ocrx_word' id='word_1_541' title='bbox 1076 2020 1193 2051; x_wconf 79' lang='lat' dir='ltr'>scillcet</span> <span class='ocrx_word' id='word_1_542' title='bbox 1212 2021 1364 2050; x_wconf 87' lang='lat' dir='ltr'>unionem</span> <span class='ocrx_word' id='word_1_543' title='bbox 1385 2021 1420 2050; x_wconf 87' lang='lat' dir='ltr'>in</span> <span class='ocrx_word' id='word_1_544' title='bbox 1439 2029 1569 2059; x_wconf 88' lang='lat' dir='ltr'>corpore</span> <span class='ocrx_word' id='word_1_545' title='bbox 1589 2020 1742 2060; x_wconf 76' lang='lat' dir='ltr'>mystico,</span> <span class='ocrx_word' id='word_1_546' title='bbox 1763 2019 1846 2050; x_wconf 91' lang='lat' dir='ltr'>mul-</span> 
     </span>
     <span class='ocr_line' id='line_1_85' title="bbox 1078 2073 1846 2113; baseline -0.001 -9"><span class='ocrx_word' id='word_1_547' title='bbox 1078 2076 1148 2104; x_wconf 88' lang='lat' dir='ltr'>tum</span> <span class='ocrx_word' id='word_1_548' title='bbox 1168 2074 1278 2111; x_wconf 72' lang='lat' dir='ltr'>refert,</span> <span class='ocrx_word' id='word_1_549' title='bbox 1295 2074 1371 2113; x_wconf 75' lang='lat' dir='ltr'>quia</span> <span class='ocrx_word' id='word_1_550' title='bbox 1393 2074 1466 2103; x_wconf 91' lang='lat' dir='ltr'>boni</span> <span class='ocrx_word' id='word_1_551' title='bbox 1493 2073 1650 2113; x_wconf 84' lang='lat' dir='ltr'>recipiunt</span> <span class='ocrx_word' id='word_1_552' title='bbox 1671 2073 1743 2103; x_wconf 86' lang='lat' dir='ltr'>inde</span> <span class='ocrx_word' id='word_1_553' title='bbox 1763 2073 1846 2103; x_wconf 84' lang='lat' dir='ltr'>sruc-</span> 
     </span>
     <span class='ocr_line' id='line_1_86' title="bbox 1078 2125 1848 2166; baseline 0 -10"><span class='ocrx_word' id='word_1_554' title='bbox 1078 2129 1148 2156; x_wconf 84' lang='lat' dir='ltr'>tum</span> <span class='ocrx_word' id='word_1_555' title='bbox 1160 2150 1167 2163; x_wconf 93' lang='lat'>,</span> <span class='ocrx_word' id='word_1_556' title='bbox 1188 2126 1260 2156; x_wconf 88' lang='lat' dir='ltr'>mali</span> <span class='ocrx_word' id='word_1_557' title='bbox 1275 2136 1340 2156; x_wconf 87' lang='lat' dir='ltr'>non</span> <span class='ocrx_word' id='word_1_558' title='bbox 1352 2150 1361 2164; x_wconf 89' lang='lat'><em>,</em></span> <span class='ocrx_word' id='word_1_559' title='bbox 1378 2127 1442 2157; x_wconf 87' lang='lat' dir='ltr'>imo</span> <span class='ocrx_word' id='word_1_560' title='bbox 1456 2126 1560 2166; x_wconf 87' lang='lat' dir='ltr'>potius</span> <span class='ocrx_word' id='word_1_561' title='bbox 1575 2126 1739 2157; x_wconf 84' lang='lat' dir='ltr'>damnum.</span> <span class='ocrx_word' id='word_1_562' title='bbox 1760 2125 1848 2156; x_wconf 85' lang='lat' dir='ltr'>Unde</span> 
     </span>
     <span class='ocr_line' id='line_1_87' title="bbox 1079 2180 1847 2219; baseline 0 -10"><span class='ocrx_word' id='word_1_563' title='bbox 1079 2180 1332 2217; x_wconf 78' lang='lat' dir='ltr'>concedendum,</span> <span class='ocrx_word' id='word_1_564' title='bbox 1360 2180 1444 2219; x_wconf 88' lang='lat' dir='ltr'>quod</span> <span class='ocrx_word' id='word_1_565' title='bbox 1468 2180 1624 2218; x_wconf 81' lang='lat' dir='ltr'>recipiunt</span> <span class='ocrx_word' id='word_1_566' title='bbox 1650 2188 1718 2209; x_wconf 88' lang='lat' dir='ltr'>rem</span> <span class='ocrx_word' id='word_1_567' title='bbox 1745 2187 1847 2209; x_wconf 72' lang='lat' dir='ltr'>saera·</span> 
     </span>
     <span class='ocr_line' id='line_1_88' title="bbox 1080 2231 1850 2272; baseline 0 -10"><span class='ocrx_word' id='word_1_568' title='bbox 1080 2232 1195 2270; x_wconf 83' lang='lat' dir='ltr'>menti,</span> <span class='ocrx_word' id='word_1_569' title='bbox 1213 2241 1285 2272; x_wconf 82' lang='lat' dir='ltr'>quae</span> <span class='ocrx_word' id='word_1_570' title='bbox 1301 2234 1346 2262; x_wconf 88' lang='lat' dir='ltr'>est</span> <span class='ocrx_word' id='word_1_571' title='bbox 1361 2241 1475 2272; x_wconf 87' lang='lat' dir='ltr'>corpus</span> <span class='ocrx_word' id='word_1_572' title='bbox 1491 2232 1604 2263; x_wconf 81' lang='lat' dir='ltr'>Christi</span> <span class='ocrx_word' id='word_1_573' title='bbox 1619 2241 1750 2270; x_wconf 88' lang='lat' dir='ltr'>verum,</span> <span class='ocrx_word' id='word_1_574' title='bbox 1766 2231 1850 2272; x_wconf 86' lang='lat' dir='ltr'>quod</span> 
     </span>
     <span class='ocr_line' id='line_1_89' title="bbox 1080 2284 1849 2325; baseline -0.003 -9"><span class='ocrx_word' id='word_1_575' title='bbox 1080 2289 1191 2316; x_wconf 82' lang='lat' dir='ltr'>natum</span> <span class='ocrx_word' id='word_1_576' title='bbox 1216 2288 1264 2316; x_wconf 82' lang='lat' dir='ltr'>est</span> <span class='ocrx_word' id='word_1_577' title='bbox 1289 2285 1327 2316; x_wconf 88' lang='lat' dir='ltr'>de</span> <span class='ocrx_word' id='word_1_578' title='bbox 1351 2285 1504 2324; x_wconf 81' lang='lat' dir='ltr'>Virgine,</span> <span class='ocrx_word' id='word_1_579' title='bbox 1533 2285 1618 2324; x_wconf 82' lang='lat' dir='ltr'>quod</span> <span class='ocrx_word' id='word_1_580' title='bbox 1645 2284 1792 2325; x_wconf 84' lang='lat' dir='ltr'>pependit</span> <span class='ocrx_word' id='word_1_581' title='bbox 1815 2284 1849 2314; x_wconf 89' lang='lat' dir='ltr'>in</span> 
     </span>
     <span class='ocr_line' id='line_1_90' title="bbox 1081 2336 1847 2378; baseline -0.005 -9"><span class='ocrx_word' id='word_1_582' title='bbox 1081 2348 1173 2369; x_wconf 81' lang='lat' dir='ltr'>cruce</span> <span class='ocrx_word' id='word_1_583' title='bbox 1186 2362 1193 2375; x_wconf 77' lang='lat'>‚</span> <span class='ocrx_word' id='word_1_584' title='bbox 1217 2338 1301 2378; x_wconf 86' lang='lat' dir='ltr'>quod</span> <span class='ocrx_word' id='word_1_585' title='bbox 1315 2348 1333 2368; x_wconf 87' lang='lat' dir='ltr'>a</span> <span class='ocrx_word' id='word_1_586' title='bbox 1347 2339 1479 2368; x_wconf 83' lang='lat' dir='ltr'>mortuis</span> <span class='ocrx_word' id='word_1_587' title='bbox 1500 2339 1695 2375; x_wconf 73' lang='lat' dir='ltr'>resurrexit,</span> <span class='ocrx_word' id='word_1_588' title='bbox 1711 2340 1742 2368; x_wconf 86' lang='lat' dir='ltr'>et</span> <span class='ocrx_word' id='word_1_589' title='bbox 1756 2338 1802 2368; x_wconf 86' lang='lat' dir='ltr'>est</span> <span class='ocrx_word' id='word_1_590' title='bbox 1815 2336 1847 2366; x_wconf 93' lang='lat' dir='ltr'>in</span> 
     </span>
     <span class='ocr_line' id='line_1_91' title="bbox 1083 2392 1179 2423; baseline -0.01 -1"><span class='ocrx_word' id='word_1_591' title='bbox 1083 2392 1179 2423; x_wconf 83' lang='lat' dir='ltr'>coelis.</span> 
     </span>
    </p>
   </div>
   <div class='ocr_carea' id='block_1_19' title="bbox 1083 2483 1848 2515">
    <p class='ocr_par' dir='ltr' id='par_1_29' title="bbox 1083 2483 1848 2515">
     <span class='ocr_line' id='line_1_92' title="bbox 1083 2483 1848 2515; baseline -0.003 -6"><span class='ocrx_word' id='word_1_592' title='bbox 1083 2486 1138 2509; x_wconf 79' lang='lat' dir='ltr'>dist.</span> <span class='ocrx_word' id='word_1_593' title='bbox 1162 2492 1196 2512; x_wconf 68' lang='lat' dir='ltr'>ix,</span> <span class='ocrx_word' id='word_1_594' title='bbox 1215 2493 1238 2515; x_wconf 77' lang='lat' dir='ltr'>q.</span> <span class='ocrx_word' id='word_1_595' title='bbox 1256 2492 1279 2514; x_wconf 74' lang='lat' dir='ltr'>v,</span> <span class='ocrx_word' id='word_1_596' title='bbox 1302 2486 1390 2508; x_wconf 73' lang='lat' dir='ltr'>Petrus</span> <span class='ocrx_word' id='word_1_597' title='bbox 1405 2484 1435 2508; x_wconf 82' lang='lat' dir='ltr'>de</span> <span class='ocrx_word' id='word_1_598' title='bbox 1456 2485 1567 2513; x_wconf 66' lang='lat' dir='ltr'>&#39;rai-ant„</span> <span class='ocrx_word' id='word_1_599' title='bbox 1587 2485 1616 2508; x_wconf 70' lang='grc' dir='ltr'>ΙΥ</span> <span class='ocrx_word' id='word_1_600' title='bbox 1637 2484 1716 2512; x_wconf 63' lang='lat' dir='ltr'>Seni„</span> <span class='ocrx_word' id='word_1_601' title='bbox 1733 2483 1792 2508; x_wconf 81' lang='lat' dir='ltr'>dist.</span> <span class='ocrx_word' id='word_1_602' title='bbox 1815 2490 1848 2512; x_wconf 75' lang='lat' dir='ltr'>ix,</span> 
     </span>
    </p>
   </div>
   <div class='ocr_carea' id='block_1_20' title="bbox 1083 2519 1850 2585">
    <p class='ocr_par' dir='ltr' id='par_1_30' title="bbox 1083 2519 1850 2585">
     <span class='ocr_line' id='line_1_93' title="bbox 1083 2519 1850 2552; baseline 0 -9"><span class='ocrx_word' id='word_1_603' title='bbox 1083 2528 1106 2552; x_wconf 74' lang='lat' dir='ltr'>q,</span> <span class='ocrx_word' id='word_1_604' title='bbox 1123 2521 1253 2551; x_wconf 63' lang='lat' dir='ltr'>x‘13tjab1·.</span> <span class='ocrx_word' id='word_1_605' title='bbox 1272 2520 1343 2549; x_wconf 56' lang='lat' dir='ltr'>niel„</span> <span class='ocrx_word' id='word_1_606' title='bbox 1362 2520 1391 2543; x_wconf 80' lang='lat' dir='ltr'>{V</span> <span class='ocrx_word' id='word_1_607' title='bbox 1409 2520 1488 2547; x_wconf 59' lang='lat' dir='ltr'>Sem„</span> <span class='ocrx_word' id='word_1_608' title='bbox 1506 2520 1562 2544; x_wconf 76' lang='lat' dir='ltr'>dist.</span> <span class='ocrx_word' id='word_1_609' title='bbox 1581 2525 1616 2549; x_wconf 75' lang='lat' dir='ltr'>ix,</span> <span class='ocrx_word' id='word_1_610' title='bbox 1633 2526 1657 2550; x_wconf 86' lang='lat' dir='ltr'>q.</span> <span class='ocrx_word' id='word_1_611' title='bbox 1675 2525 1701 2543; x_wconf 87' lang='lat'>11.</span> <span class='ocrx_word' id='word_1_612' title='bbox 1718 2519 1766 2536; x_wconf 85' lang='lat'>—²</span> <span class='ocrx_word' id='word_1_613' title='bbox 1781 2520 1850 2550; x_wconf 60' lang='lat' dir='ltr'>Sap„</span> 
     </span>
     <span class='ocr_line' id='line_1_94' title="bbox 1083 2555 1612 2585; baseline -0.004 -5"><span class='ocrx_word' id='word_1_614' title='bbox 1083 2564 1099 2583; x_wconf 73' lang='grc' dir='ltr'>ι,</span> <span class='ocrx_word' id='word_1_615' title='bbox 1117 2559 1137 2580; x_wconf 78' lang='lat'>5.</span> <span class='ocrx_word' id='word_1_616' title='bbox 1153 2569 1181 2574; x_wconf 85' lang='lat'>--</span> <span class='ocrx_word' id='word_1_617' title='bbox 1193 2556 1203 2572; x_wconf 78' lang='lat'><strong>³</strong></span> <span class='ocrx_word' id='word_1_618' title='bbox 1215 2556 1287 2585; x_wconf 61' lang='lat' dir='ltr'>ibid„</span> <span class='ocrx_word' id='word_1_619' title='bbox 1304 2559 1324 2580; x_wconf 64' lang='lat' dir='ltr'>si.</span> <span class='ocrx_word' id='word_1_620' title='bbox 1338 2569 1366 2573; x_wconf 92' lang='lat'>—-</span> <span class='ocrx_word' id='word_1_621' title='bbox 1382 2556 1390 2571; x_wconf 64' lang='lat'>&#39;¹</span> <span class='ocrx_word' id='word_1_622' title='bbox 1401 2555 1490 2585; x_wconf 62' lang='lat' dir='ltr'>Eroti„</span> <span class='ocrx_word' id='word_1_623' title='bbox 1507 2561 1561 2585; x_wconf 79' lang='lat' dir='ltr'>xvi,</span> <span class='ocrx_word' id='word_1_624' title='bbox 1577 2556 1612 2578; x_wconf 75' lang='lat'>²20.</span> 
     </span>
    </p>
   </div>
   <div class='ocr_carea' id='block_1_21' title="bbox 1115 2613 1438 2644">
    <p class='ocr_par' dir='ltr' id='par_1_31' title="bbox 1115 2613 1438 2644">
     <span class='ocr_line' id='line_1_95' title="bbox 1115 2613 1438 2644; baseline 0.003 -8"><span class='ocrx_word' id='word_1_625' title='bbox 1115 2616 1144 2643; x_wconf 51' lang='lat' dir='ltr'>(a)</span> <span class='ocrx_word' id='word_1_626' title='bbox 1157 2614 1219 2638; x_wconf 75' lang='lat' dir='ltr'>Coet.</span> <span class='ocrx_word' id='word_1_627' title='bbox 1236 2613 1295 2637; x_wconf 74' lang='lat' dir='ltr'>edit.</span> <span class='ocrx_word' id='word_1_628' title='bbox 1308 2613 1438 2644; x_wconf 70' lang='lat' dir='ltr'>putrescit.</span> 
     </span>
    </p>
   </div>
   <div class='ocr_carea' id='block_1_22' title="bbox 1860 1849 1926 1870">
    <p class='ocr_par' dir='ltr' id='par_1_32' title="bbox 1860 1849 1926 1870">
     <span class='ocr_line' id='line_1_96' title="bbox 1860 1849 1926 1870; baseline -0.015 0"><span class='ocrx_word' id='word_1_629' title='bbox 1860 1849 1926 1870; x_wconf 75' lang='lat' dir='ltr'>natio.</span> 
     </span>
    </p>
   </div>
  </div>
 </body>
</html>
