2017 2948
168 185 262 213 Quaest.
277 184 300 207 3.
322 183 361 207 An
383 181 523 212 baptismus
543 181 569 204 in
593 181 711 204 omnibus
734 181 858 212 oequalem

198 218 292 242 habeat
309 217 458 242 efficaciam.

168 255 229 278 Aur.
251 259 280 277 11.
303 253 397 281 Quaest.
418 251 439 276 1.
463 251 553 274 Utrum
577 250 666 280 aliquis
684 250 786 281 invitus,
807 251 859 275 sive

199 290 311 318 coactus,
326 287 431 318 recipiat
444 286 631 309 sacramentum
643 285 771 316 baptismi.

169 325 262 352 Quaest.
275 325 298 347 2.
313 323 403 346 Utrum
417 321 491 345 fictus
505 318 611 350 recipiat
625 323 822 351 sacramentum,
837 324 861 345 ct

198 366 253 382 non
266 364 329 382 rem.

169 393 264 422 Quaest.
296 394 319 416 3.
344 393 434 416 Utrum
462 390 535 414 fictus
561 390 666 421 recipiat
689 391 862 416 characterem

199 430 257 458 post
270 429 456 451 sacramentum
465 444 473 456 ‚
488 425 625 449 recedente
642 426 751 450 fictione.

169 464 239 488 Pus
256 469 286 487 11.

168 498 301 529 Expositio
318 499 414 521 textus.

168 535 231 558 Aur.
247 539 266 557 1.

169 569 264 597 Quaest.
285 569 306 591 1.
326 568 415 591 Utrum
433 566 574 596 baptismus
596 566 704 590 flaminis
724 566 777 590 sine
799 567 862 597 hap-

201 603 275 627 tismo
291 602 402 626 ssuminis
414 602 523 626 sufficiat
536 602 568 625 ad
583 601 698 625 salutem.

169 639 264 667 Quaest.
286 638 310 660 2.
332 638 422 661 Utrum
443 637 584 667 baptismus
605 643 677 667 aquae
697 636 729 660 sit
749 636 863 667 dignior,

200 680 275 704 quam
291 672 438 703 sanguinis,
454 679 487 695 an
502 679 515 695 e
530 673 628 695 contra.

170 709 264 737 Quaest.
276 710 299 732 3.
313 708 377 731 Cum
387 707 528 737 baptismus
538 713 610 737 aquae
624 706 655 730 sit
665 707 864 735 sacramentum,

200 743 321 775 quaeritur
341 744 426 767 utrum
440 742 580 773 baptismus
596 742 725 773 sanguinis
740 741 771 765 sit
790 741 865 765 etiam

201 780 399 802 sacramentum.

170 815 232 838 Aur.
247 819 276 837 11.
288 814 418 841 Quaest-A.
432 813 522 837 Utrum
536 812 635 843 parvuli
645 812 671 835 in
685 811 810 842 baptismo
825 819 865 835 re-

202 849 296 879 cipiant
311 847 545 872 sanctificationem.

173 885 266 913 Quaest.
287 885 310 907 2.
333 884 423 908 Utrum
443 883 543 913 parvuli
563 883 686 913 recipiant
707 883 782 913 plene
797 889 865 911 rem,

201 919 252 943 hoc
266 920 305 943 est
321 918 428 949 gratiam
444 925 501 941 cum
515 917 642 941 habitibus
655 917 784 941 virtutum.

173 955 267 983 Quaest.
283 955 305 978 3.
332 954 419 978 Utrum
440 952 545 983 aequalis
563 952 643 983 gratia
661 952 735 976 detur
749 952 867 976 omnibus

204 989 317 1020 parvulis
331 988 358 1012 in
373 990 544 1012 sacramento.

171 1026 244 1048 Dlsr.
259 1030 284 1048 v.

173 1060 305 1090 Expositio
321 1061 412 1084 textus

121 1092 124 1094 ’
172 1097 236 1119 ART.
251 1101 267 1118 1.

172 1131 266 1158 Quaest.
287 1131 310 1153 1.
328 1130 418 1153 Utrum
441 1128 488 1152 soli
507 1128 670 1156 sacerdotes,
691 1128 744 1151 sive
768 1128 868 1157 clerici,

201 1164 313 1188 habeant
327 1165 480 1194 potestatem
494 1163 648 1193 baptizandi,
663 1169 696 1186 an
711 1162 787 1186 etiam
801 1162 866 1186 laici.

176 1200 271 1228 Quaest.
282 1201 306 1223 2.
319 1199 409 1223 Utrum
419 1199 546 1229 baptizare
561 1198 660 1228 possint
674 1197 796 1221 haeretici.

172 1236 233 1259 Aur.
257 1240 286 1258 11.
311 1234 404 1262 Quaest.
419 1235 441 1257 1.
465 1234 553 1257 Utrum
574 1233 634 1257 mali
649 1232 772 1263 miffistri,
792 1232 869 1256 modo

202 1272 288 1293 tamen
298 1268 431 1297 catholici,
446 1268 506 1291 dent
523 1269 712 1291 sacramentum
727 1269 751 1290 et
765 1274 828 1291 rem.

174 1306 267 1333 Quaest.
284 1305 308 1327 2.
323 1304 414 1327 Utrum
424 1303 536 1326 haeretici
551 1303 612 1326 dent
623 1309 678 1325 rem
691 1302 853 1326 sacramenti.

172 1341 234 1364 ΑΜ.
248 1344 288 1363 11¹.
303 1339 396 1367 Quaest.
410 1340 432 1362 1.
448 1339 539 1362 Utrum
552 1339 663 1368 potestas
679 1337 737 1361 data
749 1337 870 1361 ministris

203 1382 218 1398 a
228 1374 327 1398 Christo
338 1373 414 1397 fuerit
424 1373 592 1403 auctoritatis,
603 1379 635 1396 an
646 1372 748 1396 alterius
759 1372 869 1403 generis.

173 1411 258 1438 Quaest
279 1411 301 1433 2.
328 1410 417 1433 Utrum
438 1408 538 1432 Christo
562 1408 619 1432 data
637 1407 667 1431 sit
691 1409 804 1437 potestas
832 1407 869 1430 di-

203 1445 321 1468 mittendi
330 1446 443 1475 peccata.

173 1481 247 1504 Disr.
262 1486 298 1504 VI.
316 1480 384 1504 PARs
399 1485 416 1502 1.

173 1515 306 1546 Expositis>
326 1516 418 1538 textus.

173 1552 235 1574 Aur.
252 1556 271 1574 1.
285 1550 379 1578 Quaest.
394 1552 416 1574 1.
430 1550 519 1573 Utrum
532 1550 663 1573 character
678 1549 709 1572 sit
722 1548 821 1571 habitus
835 1554 872 1571 se-

205 1585 319 1609 cundum
333 1585 480 1609 essentiam.

174 1622 267 1650 Quaest.
288 1622 311 1645 2.
330 1621 420 1644 Utrum
434 1620 566 1644 character
579 1619 647 1643 utilis
667 1618 699 1642 sit
715 1618 747 1642 ad
766 1618 871 1648 signan-

205 1656 266 1680 dum
278 1673 286 1685 ‚
300 1657 325 1679 et
337 1655 369 1678 ad
384 1654 582 1684 disponendum.

174 1692 271 1719 Quaest.
286 1692 309 1714 3.
322 1690 360 1713 An
375 1689 506 1713 character
516 1689 547 1712 sit
558 1688 585 1711 in
599 1688 684 1711 anima
695 1687 759 1710 sicut
772 1687 799 1710 in
811 1687 870 1711 suh-

208 1726 283 1749 'ecto.

175 1733 269 1789 Qulaest.
286 1761 309 1784 4.
330 1760 421 1784 Utrum
441 1759 572 1782 character
586 1757 744 1788 imprimatur
759 1763 805 1787 per
819 1757 870 1780 vir-

206 1797 272 1819 tutes
287 1795 352 1818 sicut
366 1801 412 1825 per
427 1795 596 1817 sacramenta.

175 1832 270 1858 Quaest.
286 1832 309 1853 5.
328 1830 418 1853 Utrum
438 1829 569 1852 character
592 1827 752 1858 imprimatur
776 1826 871 1851 delebi-

206 1865 262 1888 liter
271 1884 277 1894 ,
293 1871 326 1888 an
339 1863 516 1887 indelebiliter.

175 1901 270 1929 Quaest.
282 1902 305 1924 6.
322 1900 409 1923 Utrum
424 1899 564 1929 baptismus
577 1897 668 1922 debeat
684 1897 778 1921 iterari.

175 1935 245 1960 PARS
261 1941 289 1959 11.

176 1970 307 2000 Expositio
321 1971 412 1994 textus.

175 2008 236 2030 Aur.
258 2011 276 2029 1.
293 2006 386 2033 Quaest.
406 2007 428 2029 1.
444 2005 534 2028 Utrum
554 2004 643 2034 aliquis
663 2002 742 2034 possit
758 2003 783 2026 in
798 2004 870 2027 utero

205 2040 344 2070 baptizari,
359 2040 424 2063 sicut
438 2042 463 2063 et
478 2038 638 2063 sanctificari.

176 2078 271 2104 Quaest.
293 2077 316 2100 2.
336 2076 426 2099 Utrum
447 2074 619 2099 sanctificatus
633 2074 658 2097 in
681 2076 753 2098 utero
771 2073 872 2103 debeat,

206 2118 263 2134 cum
279 2113 353 2135 natus
367 2110 450 2139 ruerit,
463 2109 592 2140 baptizari.

175 2148 236 2170 Aur.
255 2152 284 2170 11.

177 2182 270 2208 Quaest.
288 2182 311 2205 1.
327 2182 416 2205 Utrum
429 2180 536 2204 intentio
552 2180 583 2203 sit
600 2180 631 2203 de
646 2179 796 2203 necessitate
811 2179 871 2209 bap-

207 2216 285 2240 tismi.

177 2251 271 2278 Ouoest.
288 2252 310 2274 2.
326 2251 416 2274 Utrum
431 2252 501 2274 recta
513 2249 620 2273 intentio
635 2250 666 2273 sit
683 2249 826 2273 necessaria
840 2249 871 2272 ad

206 2285 371 2315 baptismum.

177 2324 239 2344 ΑΜ.
255 2325 294 2344 111.
311 2321 405 2348 Quaest.
423 2322 444 2345 1.
461 2321 550 2344 Utrum
565 2320 663 2350 parvuli
679 2320 786 2343 debeant
806 2321 871 2343 catc-

209 2355 310 2379 chizari.

177 2391 272 2418 Quwst.
297 2391 320 2413 2.
351 2390 439 2413 Utrum
465 2389 622 2413 exorcismus
646 2389 737 2413 haheat
761 2389 870 2420 aliquam

208 2425 346 2449 efficaciam
358 2426 384 2448 in
394 2425 499 2455 parvulo
509 2443 516 2455 ,
530 2424 570 2448 vel
582 2424 606 2448 iu
621 2425 715 2449 adulto.

177 2462 248 2485 Disr.
268 2467 312 2484 vii.

176 2495 307 2526 Expositio
323 2498 414 2519 textus.

176 2534 238 2556 ΑΜ.
254 2538 270 2556 1.

176 2568 270 2594 Quaest.
288 2569 310 2590 1.
329 2567 417 2589 Utrum
442 2566 466 2589 iu
491 2568 650 2590 sacramento
671 2566 870 2590 confirmationis

901 115 1027 147 INDEX.

892 218 935 240 833

893 286 937 310 334

893 357 937 380 336

894 427 937 450 337

895 462 938 485 338

895 497 939 520 342

896 532 940 555 344

897 601 940 624 345

897 672 941 695 340

898 777 942 800 348

899 847 943 871 350

899 918 940 941 351

900 987 944 1010 353

899 1023 944 1045 354

900 1058 943 1080 357

900 1093 944 1116 358

901 1162 945 1185 359

902 1198 944 1221 361

902 1268 946 1290 363

902 1302 946 1325 364

903 1373 947 1396 365

903 1443 947 1466 368

903 1478 948 1501 369

904 1513 948 1536 370

901 1584 947 1607 372

904 1653 947 1676 374

902 1723 947 1746 376

877 1799 885 1810 ⁸
904 1793 948 1815 378

903 1862 947 1885 380

903 1898 944 1921 381

903 1933 948 1955 382

903 1968 947 1991 385

904 2038 947 2061 388

903 2108 947 2131 390

904 2144 945 2166 391

904 2214 949 2237 392

903 2285 947 2307 394

904 2354 946 2377 395

903 2426 947 2448 396

904 2460 947 2483 398

903 2496 947 2518 399

905 2532 941 2554 401

1022 183 1194 207 necessarium
1224 184 1256 207 sit
1279 183 1374 207 habere
1399 184 1507 208 sormam
1532 184 1679 209 verborum.

992 219 1085 247 Quaest.
1099 220 1122 242 2.
1135 219 1226 243 Utrum
1237 218 1269 242 ad
1281 221 1466 243 sacramentum
1483 219 1681 244 confirmationis

1021 253 1166 277 necessario
1178 253 1321 284 requiratur
1334 254 1448 278 materia.

992 289 1085 316 Quaest.
1113 289 1135 313 3.
1160 289 1248 313 Utrum
1274 291 1460 313 sacramentum
1484 289 1684 314 confirmationis

1022 324 1102 353 possit
1117 324 1222 354 quilibet
1235 323 1262 347 in
1279 324 1429 348 necessitate
1444 325 1601 355 dispensare.

993 360 1096 384 Auru.
1112 360 1208 388 Quaest.
1229 361 1251 383 1.
1274 360 1365 383 Utrum
1379 362 1567 384 sacramentum
1589 361 1684 385 coufir-

1023 395 1141 418 mationis
1151 394 1264 418 conterat
1277 394 1383 425 gratiam
1395 396 1494 425 gratum
1508 395 1652 419 facientem.

994 430 1087 457 Quaest.
1112 432 1135 454 2.
1160 431 1249 454 Utrum
1274 430 1364 453 eadem
1387 429 1467 460 gratia
1489 430 1632 454 conteratur
1659 431 1685 455 in

1024 465 1149 495 baptismo
1159 484 1167 496 ,
1184 467 1208 489 et
1223 465 1424 489 confirmatione.

995 502 1087 528 Quaest.
1104 501 1125 525 3.
1146 501 1235 525 Utrum
1250 499 1378 531 copiosius
1392 506 1484 524 munus
1498 500 1585 531 gratiae
1600 501 1685 525 confe-

1025 536 1094 558 ratur
1107 535 1133 558 i.n
1150 535 1343 559 confirmatione
1356 553 1361 566 ,
1379 541 1455 565 quam
1468 535 1494 558 in
1507 535 1644 565 baptismo.

995 571 1057 594 Aur.
1080 576 1121 594 111.
1139 571 1233 598 Quaest.
1255 571 1279 593 1.
1297 571 1387 593 Utrum
1409 576 1468 593 usus
1489 570 1688 594 confirmationis

1025 606 1056 629 sit
1071 605 1196 636 generalis
1210 605 1242 628 ad
1257 605 1343 629 omnia
1357 605 1491 629 hominum
1506 612 1609 635 genera.

996 642 1089 669 Quaest.
1102 643 1125 665 2.
1147 641 1235 664 Utrum
1249 640 1329 671 gratia
1344 640 1543 664 confirmationis
1557 640 1589 664 sit
1600 640 1630 664 de
1643 647 1688 664 ne-

1027 676 1142 699 cessitate
1156 675 1252 699 salutis.

998 712 1092 739 Quaest.
1108 711 1130 734 3.
1148 711 1186 734 An
1196 712 1382 734 sacramentum
1396 710 1595 734 confirmationis
1608 710 1690 741 possit

1029 745 1083 769 dari
1096 748 1154 770 ante
1169 746 1330 776 baptismum.

999 782 1068 805 Dis'r.
1085 787 1141 804 vm.
1158 782 1226 804 PARS
1242 786 1259 804 1.

999 815 1128 846 Expositio
1143 817 1236 839 textus.

999 851 1060 874 Am.
1076 858 1093 875 1.
1111 851 1205 879 Quaest.
1223 851 1246 874 1.
1270 851 1361 874 Utrum
1382 852 1570 874 sacramentum
1591 849 1689 873 Eucha-

1029 885 1106 909 ristiae
1118 885 1235 909 debuerit
1248 884 1413 915 praefigurari.

999 922 1092 949 Quaest.
1107 922 1128 945 2.
1143 922 1233 945 Utrum
1249 920 1411 944 Eucharistiae
1426 921 1614 944 sacramentum
1625 919 1692 943 suffi-

1030 956 1125 980 cienter
1136 956 1257 987 figuretur
1266 962 1312 986 per
1322 962 1415 986 agnum
1425 955 1582 985 paschalem,
1590 961 1694 983 manna,

1030 991 1182 1014 sacrificium
1213 990 1415 1020 Melchisedech,
1435 992 1459 1013 et
1481 989 1630 1020 sanguinem
1652 989 1696 1019 qui

1031 1025 1150 1055 profluxit
1163 1025 1193 1048 de
1207 1024 1284 1048 latere
1298 1023 1399 1047 Christi.

1001 1062 1094 1089 Quaest.
1117 1061 1140 1083 3.
1163 1061 1252 1084 Utrum
1268 1061 1453 1083 sacramentum
1470 1058 1631 1082 Eucharistiae
1648 1065 1693 1082 ex-

1031 1095 1142 1126 pressius
1153 1094 1329 1125 praefiguretur
1339 1100 1386 1124 per
1395 1093 1500 1124 figuram
1512 1093 1574 1123 legis
1585 1095 1696 1123 naturae,

1031 1137 1063 1154 un
1077 1137 1124 1160 per
1139 1130 1246 1160 figuram
1260 1128 1324 1159 legis
1337 1128 1469 1159 Mosaicae,
1483 1135 1515 1152 an
1529 1135 1574 1159 per
1588 1128 1694 1158 figuram

1032 1165 1095 1195 legis
1107 1164 1203 1195 gratiae.

1002 1201 1062 1224 ΑΒΕ.
1080 1206 1110 1224 11.
1129 1200 1224 1228 Quaest.
1245 1201 1268 1223 1.
1290 1200 1379 1223 Utrum
1396 1200 1583 1222 sacramentum
1599 1198 1695 1222 Eucha-

1032 1235 1109 1259 ristiae
1124 1242 1139 1258 a
1153 1234 1278 1265 principio
1294 1233 1410 1258 debuerit
1422 1233 1527 1257 institui.

1002 1271 1096 1298 Quoest.
1112 1271 1135 1293 2.
1152 1270 1241 1293 Utrum
1256 1270 1444 1292 sacramentum
1459 1268 1621 1292 Eucharistiae
1639 1269 1696 1292 ante

1033 1305 1178 1336 passionem
1194 1304 1310 1328 debuerit
1327 1303 1431 1327 institui.

1003 1341 1097 1369 Quaest.
1111 1341 1133 1364 3.
1147 1341 1236 1363 Utrum
1250 1340 1437 1363 sacramentum
1448 1338 1612 1362 Eucharistiae
1628 1338 1699 1362 Chri-

1034 1378 1086 1400 stus
1100 1375 1170 1406 prius
1183 1374 1335 1404 confecerit,
1347 1380 1423 1404 quam
1435 1373 1542 1398 verbum
1552 1372 1696 1404 protulerit.

1003 1411 1072 1435 PAns
1087 1416 1117 1434 ιι.

1004 1445 1135 1476 Expositio
1153 1446 1245 1469 textus.

1003 1481 1066 1504 Aur.
1082 1486 1099 1504 1.
1122 1481 1216 1508 Quaest.
1239 1481 1262 1503 1.
1280 1480 1370 1503 Utrum
1387 1478 1413 1502 in
1428 1480 1591 1502 sacramento
1606 1477 1701 1502 Eucha-

1034 1515 1110 1539 ristiae
1122 1516 1206 1538 forma
1217 1514 1290 1538 verbi
1307 1521 1384 1545 super
1402 1520 1496 1544 panem
1510 1513 1543 1537 sit
1555 1513 1622 1537 hene
1636 1512 1700 1536 assi-

1034 1551 1119 1581 gnata.

1004 1586 1097 1613 Quaest.
1113 1587 1137 1609 2.
1150 1586 1241 1609 Utrum
1255 1584 1281 1607 in
1296 1585 1456 1607 sacramento
1472 1583 1636 1607 Eucharistiae
1651 1583 1701 1606 for-

1034 1626 1075 1643 ma
1089 1619 1161 1643 verbi
1176 1625 1253 1648 super
1266 1618 1355 1641 vinum
1371 1618 1402 1641 sit
1415 1618 1482 1640 bene
1497 1617 1633 1647 assignata.

1004 1655 1065 1677 ART.
1083 1659 1114 1677 11.
1137 1654 1232 1680 Quaest.
1254 1653 1278 1675 1.
1300 1652 1365 1680 Quid
1382 1652 1407 1674 in
1426 1654 1587 1675 sacramento
1607 1652 1702 1675 Eucha-

1034 1687 1111 1711 ristiae
1127 1689 1312 1710 sacramentum
1329 1688 1425 1710 tantum
1434 1703 1442 1716 ,
1459 1685 1520 1716 quid
1533 1692 1574 1710 res
1588 1687 1699 1716 tantum,

1035 1722 1131 1753 etquid
1146 1728 1186 1745 res
1205 1723 1230 1745 et
1242 1722 1439 1745 sacramentum.

1003 1759 1098 1786 Quaest.
1121 1759 1145 1780 2.
1168 1757 1258 1780 Utrum
1275 1757 1463 1780 sacramentum
1487 1755 1649 1779 Eucharistiae
1667 1755 1700 1778 sit

1034 1799 1113 1817 unum
1125 1812 1131 1823 ‚
1146 1799 1178 1816 an
1191 1792 1272 1823 plura.

1003 1829 1074 1852 D1sr.
1090 1834 1125 1852 rx.

1004 1863 1133 1894 Expositio
1155 1864 1247 1887 textus.

1004 1900 1066 1922 Aur.
1082 1905 1099 1922 1.
1115 1899 1208 1926 Quaest.
1230 1899 1252 1921 1.
1268 1898 1358 1921 Utrum
1378 1896 1428 1920 duo
1442 1895 1492 1919 sint
1504 1895 1575 1919 modi
1589 1895 1695 1919 maudu-

1034 1933 1108 1957 candi
1124 1932 1320 1961 Eucharistiam,
1336 1930 1527 1955 sacramentalis
1542 1929 1653 1958 scilicet,
1673 1931 1697 1953 et

1036 1968 1183 1999 spiritualis.

1005 2005 1099 2033 Quaest.
1115 2006 1138 2028 2.
1154 2004 1244 2028 Utrum
1255 2002 1359 2027 credere
1372 2001 1404 2026 sit
1418 2000 1580 2032 spiritualiter
1592 1999 1698 2023 maudu-

1036 2046 1102 2063 care.

1005 2075 1099 2102 Qurest.
1116 2075 1138 2097 3.
1159 2074 1197 2097 An
1218 2073 1272 2097 sola
1285 2073 1351 2096 actio
1375 2071 1514 2103 corporalis
1535 2070 1642 2094 sufficiat
1665 2070 1697 2093 ad

1036 2108 1258 2133 manducationem
1273 2107 1492 2131 sacramentalem.

1004 2145 1098 2173 Qurest.
1122 2145 1145 2168 4.
1170 2144 1259 2167 Utrum
1283 2143 1396 2167 Christus
1422 2140 1614 2166 manducaverit
1634 2146 1695 2170 quo-

1035 2180 1096 2203 lilict
1109 2178 1312 2209 supradictorum
1324 2178 1468 2202 modorum.

1004 2216 1066 2239 Aur.
1079 2221 1107 2239 11.

1004 2251 1096 2279 Quaest
1114 2251 1135 2273 1.
1149 2250 1238 2273 Utrum
1253 2249 1312 2272 mali
1327 2250 1428 2273 sumant
1440 2253 1532 2277 corpus
1546 2245 1637 2269 Christi
1652 2251 1693 2268 ve-

1033 2285 1132 2308 raciter.

1003 2320 1098 2347 Quaest.
1111 2320 1133 2343 2.
1145 2320 1182 2342 An
1193 2318 1235 2349 qui
1246 2320 1284 2342 est
1298 2318 1323 2342 in
1339 2319 1443 2348 peccato
1458 2324 1489 2340 ex
1501 2317 1571 2340 certa
1581 2315 1691 2344 scientia,

1034 2355 1170 2378 manducet
1184 2360 1276 2384 corpus
1292 2352 1383 2377 Christi
1402 2351 1585 2375 damnabiliter.

1003 2392 1098 2419 Quzest.
1114 2390 1136 2413 3.
1155 2390 1243 2413 Utrum
1255 2389 1373 2418 peccator
1382 2386 1506 2410 sumendo
1521 2392 1612 2416 corpus
1627 2385 1694 2408 Chri·

1034 2425 1065 2448 sti
1077 2431 1177 2455 semper
1190 2423 1330 2447 mortaliter
1341 2423 1438 2453 peccet.

1003 2461 1099 2489 Quoest.
1122 2461 1143 2483 ¹1.
1169 2460 1257 2483 Utrum
1276 2458 1365 2488 peccet
1383 2456 1558 2480 damnabiliter
1579 2455 1618 2478 illc
1630 2473 1637 2485 ,
1652 2455 1693 2485 qui

1034 2502 1126 2525 corpus
1144 2494 1244 2518 Domini
1260 2493 1301 2517 (lat
1316 2493 1339 2517 ei
1350 2510 1357 2522 ‚
1380 2499 1455 2523 quem
1470 2491 1516 2515 scit
1533 2498 1586 2514 csse
1605 2496 1692 2520 pecca-

1034 2532 1123 2554 torem.

1004 2566 1075 2589 Disr.
1089 2572 1112 2588 x.
1129 2566 1195 2588 Pius
1207 2570 1223 2587 ι.

1530 2602 1579 2630 15·

1697 121 1756 150 713

1713 187 1757 210 402

1715 257 1757 280 403

1716 327 1759 350 404

1717 397 1760 420 406

1719 468 1760 490 407

1720 538 1763 560 409

1720 608 1764 630 410

1720 677 1764 699 411

1722 747 1766 769 412

1721 781 1767 803 414

1723 815 1767 838 415

1724 885 1769 907 416

1728 1024 1770 1047 418

1726 1164 1773 1186 419

1728 1234 1771 1256 420

1728 1303 1771 1326 421

1731 1373 1776 1396 422

1730 1408 1774 1431 424

1729 1443 1773 1466 425

1729 1548 1772 1571 426

1735 1618 1777 1640 429

1730 1721 1773 1744 431

1729 1791 1773 1814 433

1728 1825 1774 1849 434

1728 1861 1774 1883 436

1729 1966 1773 1988 438

1728 2036 1771 2058 439

1729 2105 1771 2128 440

1726 2175 1770 2198 412

1725 2210 1769 2234 443

1726 2280 1768 2303 444

1727 2350 1769 2373 445

1724 2420 1767 2445 447

1725 2525 1768 2548 448

1725 2560 1768 2582 450
