2017 2948
124 635 228 657 Fundam.

245 193 263 222 6
798 184 1108 218 SENTENTIARUM
1129 186 1202 217 LIB.
1226 186 1279 217 111.

284 261 313 290 5.
330 258 408 289 Item
422 256 526 288 omnis
540 256 595 297 qui
618 256 715 287 habet
739 254 936 290 charitatem,
952 252 1011 282 ha-

243 314 295 344 het
309 312 467 343 Christum
481 320 539 352 pro
561 310 777 348 fundamento,
806 311 837 339 et
857 307 1012 348 Spiritum

242 368 387 397 sanctum
402 375 459 406 pro
474 365 633 405 adJutorio
650 375 657 395 :
674 363 728 394 sed
744 362 823 393 nihil
839 363 942 402 potest
961 360 1012 390 su·-

241 419 382 450 mitatem
396 418 467 450 talis
477 418 674 449 fundamenti
685 416 870 455 infringere,
882 423 940 445 nec
949 414 1012 444 vii·-

241 474 342 504 tutem
356 471 456 503 divini
470 471 619 511 adJ'utorii
634 478 784 510 superare
801 478 808 499 ε
825 477 903 507 crgo
928 467 1011 498 vidc-

242 528 306 565 tur,
322 525 408 566 quod
422 525 502 556 nihil
517 525 614 565 possit
627 523 811 555 charitatem
826 522 865 552 ab
883 521 1011 552 homine

244 578 414 618 expellere.

283 630 344 663 Sed
371 633 479 663 contra
508 632 569 662 hoc
608 630 782 662 ostenditur
817 628 920 669 primo
956 634 1012 666 per

243 683 389 724 exempla
414 684 530 715 veteris
549 683 739 715 Testamenti
757 693 763 714 ι
781 683 901 714 constat
924 680 1010 712 enim

243 737 328 778 quod
355 737 432 769 Saul
460 737 646 768 charitatem
672 736 795 774 habuit,
821 744 895 766 cum
911 734 949 765 de
973 742 1010 765 eo

242 790 398 821 scribatur
421 792 449 828 ¹,
476 790 561 830 quod
588 798 652 822 non
676 792 741 821 crat
773 790 824 820 vir
853 789 889 820 in
913 788 1012 818 lsrael

244 843 351 875 melior
375 851 420 875 eo.
458 842 609 874 Similiter
639 844 670 874 et
699 842 797 873 David
825 841 1010 873 charitatem

242 896 365 935 habuit,
381 905 455 927 cum
467 896 506 927 de
520 904 557 926 eo
581 895 664 927 dicat
679 895 832 926 Dominus
846 895 857 911 ²
873 905 879 925 :
897 895 1012 926 Inveni

243 950 348 982 virum
356 949 696 982 secundumcormeum
703 949 742 988 (α)
757 951 802 979 :ct
812 950 958 979 constans
965 949 1013 978 cst

242 1003 327 1043 quod
342 1005 476 1043 uterque
490 1002 677 1033 charitatem
686 1001 832 1042 perdidit,
843 1002 919 1041 quia
930 1003 1013 1032 uter-

242 1065 305 1096 que
318 1056 493 1087 mortaliter
502 1056 641 1096 peccavit
653 1065 659 1086 :
671 1055 747 1086 Saul
755 1055 787 1086 in
795 1054 1012 1095 persequendo

244 1109 355 1146 David;
372 1109 470 1141 David
484 1109 517 1140 in
533 1108 758 1140 committendo
775 1107 967 1139 adulterium
982 1109 1012 1138 et

241 1163 451 1194 homicidium
466 1174 473 1194 ε
491 1172 580 1203 ergo,
592 1165 651 1195 etc.

282 1216 361 1247 ltem
379 1216 439 1247 hoc
461 1217 567 1256 ipsum
596 1216 773 1247 ostenditur
787 1224 842 1255 per
866 1215 1013 1255 exempla

242 1270 317 1301 novi
331 1269 536 1308 Testamenti,
552 1270 628 1310 quia
642 1269 786 1309 discipuli
797 1269 922 1300 Domini
941 1269 1013 1299 cha-

241 1323 365 1353 ritatem
383 1323 577 1354 habueruut.
603 1325 668 1353 tam
682 1322 830 1362 apostoli,
847 1330 944 1361 quam
959 1322 1012 1352 alii

241 1375 387 1415 discipuli
400 1375 489 1406 electi
505 1385 512 1406 z
529 1376 583 1406 sed
599 1375 735 1405 multide
751 1374 912 1414 discipulis
933 1374 1014 1406 abic-

244 1432 321 1461 rzmt
331 1432 413 1461 retro
431 1453 439 1467 ,
456 1429 631 1459 secundum
646 1428 730 1468 quod
746 1428 880 1459 dicitur³
895 1439 901 1459 :
922 1428 1012 1458 multi

243 1482 337 1512 etiam
357 1482 394 1512 de
407 1482 565 1521 Apostolis
585 1481 810 1513 dubitaverunt
824 1483 857 1512 in
872 1482 945 1520 fide,
964 1491 1012 1512 sc-

242 1535 384 1566 cundum
405 1535 489 1575 quod
508 1535 642 1566 babetur
656 1535 769 1566 ultimo
785 1535 932 1567 Maccloeaez·
947 1536 967 1573 ⁶,
985 1538 1015 1566 et

243 1587 385 1618 similiter
403 1588 516 1618 ultimo
534 1588 636 1619 Marci
654 1591 675 1625 ⁵,
693 1590 723 1618 et
742 1587 887 1619 similiter
902 1589 1014 1620 ultimo

244 1640 336 1672 Lucoe
349 1644 359 1661 ⁶
376 1650 384 1671 ε
401 1650 480 1680 crgo
501 1640 685 1671 charitatem
700 1641 841 1672 habitam
868 1642 1013 1682 perdide-

243 1696 319 1724 runt
349 1705 356 1724 :
387 1703 465 1734 ergo
490 1694 625 1725 charitas
646 1695 741 1726 semel
777 1696 884 1727 habita
914 1699 1014 1737 potest

243 1747 342 1786 perdi.

284 1799 363 1831 Item
375 1800 435 1832 hoc
448 1801 552 1841 ipsum
568 1802 744 1833 ostenditur
768 1812 823 1843 per
845 1805 1013 1836 auctorita-

245 1856 290 1884 tes
304 1853 314 1870 ⁷
332 1864 339 1885 ε
362 1854 422 1889 Qui
444 1857 509 1887 stat
532 1855 582 1894 (h),
600 1855 710 1888 videat
732 1864 772 1886 nc
798 1857 907 1889 caelat.
928 1857 966 1888 Et
980 1859 1014 1887 ⁵:

245 1907 347 1939 Habeo
362 1907 529 1940 adversum
545 1911 573 1941 le
584 1917 704 1949 pauca,
722 1910 807 1950 quod
830 1911 1015 1943 οΙιιινῑῑατθιη

243 1961 383 2001 primam
403 1961 577 2001 reliquisti.
594 1962 678 2002 Ergo
697 1962 831 1994 charitas
847 1964 944 1995 semel
956 1964 1013 1995 ha—

246 2014 311 2046 bita
321 2017 422 2054 potest
435 2015 521 2055 perdi
537 2018 567 2046 et
581 2016 687 2047 deleri.

288 2067 366 2098 Item
380 2068 440 2099 hoc
460 2068 565 2108 ipsum
581 2070 733 2109 probatur
744 2070 909 2102 manifesto
924 2080 1017 2112 expe-

248 2122 393 2158 rimento,
401 2121 674 2162 quiapa1·vuli‚qui
681 2123 889 2161 baptizantur,
899 2124 1018 2156 habent

250 2174 397 2213 gratiam,
405 2175 482 2205 etita
488 2174 684 2212 charitatem,
694 2179 857 2207 etcaeteras
865 2178 997 2208 virtutes
1008 2189 1015 2209 :

250 2229 281 2258 et
289 2229 396 2258 tamen
407 2228 532 2268 quando
542 2228 673 2259 veniunt
681 2229 719 2259 ad
729 2229 869 2260 adultam
877 2232 1016 2270 aetatem,

250 2280 386 2320 perdunt
410 2281 578 2321 peccando,
601 2282 680 2312 sicut
704 2282 835 2322 planum
849 2285 896 2314 est
915 2295 920 2314 :
939 2292 1017 2324 ergo

250 2333 396 2371 charitas,
410 2336 577 2374 postquam
592 2334 736 2372 habetur,
753 2336 917 2367 amittitur.

292 2386 370 2417 Item
385 2387 444 2418 hoc
458 2388 563 2427 ipsum
576 2388 752 2419 ostenditur
770 2389 950 2420 rationabili
963 2399 1020 2420 ar-

254 2443 419 2479 gumento.
435 2440 569 2471 Facilius
583 2442 629 2472 est
643 2441 786 2480 deficere,
809 2451 906 2481 quam
926 2443 1018 2482 profi-

206 2532 210 2537 ,
253 2501 339 2531 ccre3
356 2496 387 2524 et
406 2494 528 2532 cadere,
552 2503 649 2534 quam
659 2504 812 2534 surgere3
835 2495 959 2527 facibus
973 2499 1019 2527 est

288 2581 295 2596 ¹
313 2580 320 2603 l
335 2580 402 2611 neq„
422 2587 456 2610 ix,
469 2583 521 2605 2.-
534 2581 543 2598 ²
561 2581 634 2613 lln'd„
650 2588 707 2612 xm,
726 2583 790 2606 ¹4.»
808 2583 817 2599 ³
832 2583 910 2613 lon-n„
930 2589 965 2614 vi,
982 2586 1020 2609 67.

286 2626 319 2657 (α)
342 2627 416 2657 vulg.
438 2627 554 2657 Quoesfm'e
574 2627 625 2651 si'n·
651 2629 770 2652 Domz'nux
792 2630 960 2661 virumjuoeta
981 2638 1022 2656 cor·

257 2670 336 2686 suum.
346 2676 376 2680 —
386 2662 419 2693 (b)
434 2664 464 2687 Se
478 2664 606 2688 existimat
621 2666 696 2688 stare.

1066 252 1161 282 etiam
1173 252 1304 292 perdere
1317 253 1513 291 charitatem,
1530 259 1628 292 quam
1638 250 1745 289 fidem,
1760 249 1836 290 quia

1067 305 1189 345 perdita
1201 305 1274 344 fide,
1290 306 1433 346 perditur
1445 304 1592 343 charitas,
1608 303 1663 336 sed
1680 312 1745 335 non
1759 311 1836 334 con-

1068 358 1202 389 vertitur
1218 369 1225 390 z
1242 359 1295 390 sed
1310 358 1456 399 possibile
1464 358 1692 396 esthominem,
1702 355 1759 397 qui
1770 364 1836 387 non

1067 411 1162 442 habet
1175 412 1373 450 charitatem,
1391 421 1462 443 eam
1483 411 1647 452 acquirere
1665 420 1673 441 ε
1691 408 1837 450 possibile

1067 466 1114 495 est
1129 464 1224 495 etiam
1237 465 1414 503 hominem,
1427 464 1598 496 habentem
1618 463 1725 502 fidem,
1741 471 1761 494 a
1774 461 1836 494 fide

1068 517 1212 549 recedere
1230 527 1238 549 ε
1261 527 1341 558 ergo
1357 517 1458 548 multo
1478 518 1591 548 fortius
1616 514 1764 556 possibile
1790 516 1837 546 est

1067 570 1241 609 hominem,
1257 570 1427 602 habentem
1436 570 1632 608 charitatem,
1648 578 1667 600 a
1686 567 1837 599 charitate

1067 623 1188 655 cadere.

1343 697 1557 730 CONCLUSIO.

1085 768 1162 796 Nihil
1172 768 1296 803 prohibet
1311 767 1381 802 quod
1393 767 1471 794 semel
1485 767 1581 794 habita
1595 766 1714 794 charitas
1727 766 1820 794 amitti

1297 813 1389 840 valeat
1405 813 1435 839 in
1448 813 1523 839 statu
1536 812 1608 839 vitae.

1108 892 1198 932 Resp.
1215 892 1254 923 ad
1267 900 1337 931 arg.
1362 892 1533 923 Dicendum
1552 891 1649 932 quod,
1663 891 1744 922 sicut
1761 890 1837 922 dicit

1067 945 1215 985 Magister
1238 947 1272 976 in
1295 946 1408 983 littera,
1438 945 1651 986 quorumdam
1675 944 1783 986 opinio
1805 945 1837 976 et

1067 999 1223 1030 sententia
1246 999 1317 1037 fuit,
1343 998 1428 1039 quod
1451 999 1590 1030 charitas
1611 997 1710 1030 semel
1729 997 1838 1030 habita

1067 1062 1236 1093 nunquam
1272 1053 1436 1084 amittatur
1474 1063 1482 1083 ι
1513 1054 1546 1084 et
1573 1052 1634 1083 hoc
1662 1052 1838 1093 posuerunt

1067 1108 1196 1146 propter
1223 1106 1447 1146 perfectionem
1461 1105 1548 1137 illius
1575 1105 1705 1144 vinculi,
1734 1106 1766 1137 et
1784 1112 1838 1136 ar-

1068 1160 1178 1191 dorem
1193 1160 1259 1191 sive
1272 1161 1430 1191 servorem
1447 1160 1533 1190 illius
1547 1159 1675 1191 amoris.
1692 1158 1838 1191 Credide-

1068 1216 1144 1244 runt
1159 1214 1244 1244 enim
1260 1213 1340 1244 illud
1356 1213 1523 1245 vinculum
1537 1222 1606 1244 esse
1614 1214 1710 1244 tantae
1720 1212 1838 1252 perrec-

1067 1268 1173 1306 tionis,
1189 1268 1276 1308 quod
1288 1267 1377 1298 nullo
1392 1270 1507 1307 agente
1522 1269 1624 1308 posset
1644 1266 1793 1304 dissolvi;
1807 1267 1839 1298 et

1068 1321 1160 1352 illum
1194 1330 1334 1352 amorem
1371 1330 1438 1352 esse
1466 1320 1546 1351 tanti
1569 1320 1701 1351 fervoris
1713 1344 1722 1358 ,
1753 1318 1838 1357 quod

1068 1374 1156 1405 nullo
1185 1374 1280 1405 modo
1307 1376 1410 1414 posset
1436 1373 1606 1414 extingui,
1637 1374 1765 1413 propter
1790 1372 1838 1403 di-

1069 1428 1223 1466 gnitatem
1251 1430 1282 1458 et
1305 1427 1524 1459 excellentiam
1542 1427 1642 1466 ipsius
1666 1425 1837 1457 charitatis.

1070 1480 1106 1510 Et
1134 1481 1194 1511 hoc
1208 1481 1367 1512 affirmare
1389 1481 1456 1511 nixi
1471 1484 1544 1511 sunt
1558 1479 1742 1510 auctoritate
1759 1479 1840 1511 mul-

1070 1534 1184 1574 tiplici,
1208 1534 1289 1565 sicut
1317 1534 1349 1564 in
1372 1534 1441 1574 ipso
1472 1536 1561 1564 textu
1587 1532 1737 1573 Magister
1764 1532 1840 1564 satis

1069 1592 1175 1630 aperte
1211 1589 1301 1620 dicit.
1336 1589 1396 1620 Sed
1434 1589 1505 1620 haec
1538 1589 1651 1629 positio
1694 1597 1761 1619 non
1792 1590 1839 1620 est

1070 1644 1187 1684 opinio,
1216 1653 1275 1675 nec
1301 1643 1461 1674 rationalis
1484 1641 1735 1681 sententia3imo
1749 1651 1840 1674 error

1070 1700 1100 1729 ot
1113 1698 1236 1728 insania
1247 1698 1350 1738 potius
1369 1699 1414 1728 est
1428 1697 1569 1735 dicenda,
1582 1696 1658 1736 quia
1676 1697 1840 1736 repugnat

1070 1760 1168 1782 sacrae
1184 1751 1368 1791 Scripturae,
1377 1752 1536 1790 repugnat
1545 1749 1762 1789 experimento
1769 1758 1840 1781 nos·

1071 1808 1129 1837 trae
1138 1805 1222 1842 fidei,
1234 1805 1397 1845 repugnat
1410 1803 1619 1834 nihilominus
1639 1802 1756 1834 rationi
1775 1811 1840 1834 rec-

1070 1862 1122 1891 tae.
1141 1858 1246 1890 Saerae
1274 1858 1460 1898 Scripturae,
1481 1860 1512 1889 et
1526 1857 1622 1889 etiam
1635 1856 1841 1897 experientiae

1071 1915 1242 1952 repugnat,
1270 1912 1398 1943 sicutin
1413 1911 1600 1952 opponendo
1627 1911 1841 1942 monstratum

1070 1969 1127 1997 est.
1144 1967 1171 1997 A
1184 1966 1305 1997 ratione
1320 1967 1427 1996 autem
1451 1967 1536 1996 recta
1558 1964 1710 2002 dissonat,
1730 1963 1757 1995 si
1769 1963 1842 2004 quis

1071 2019 1220 2057 attendat,
1230 2028 1287 2059 pro
1302 2028 1339 2050 eo
1349 2019 1434 2059 quod
1443 2020 1529 2049 recta
1542 2018 1622 2048 ratio
1635 2017 1740 2055 dictat,
1755 2016 1842 2057 quod

1072 2073 1207 2103 charitas
1222 2072 1282 2102 viae
1296 2080 1361 2102 non
1375 2071 1592 2102 tollitalibero
1602 2070 1734 2102 arbitrio
1748 2069 1843 2102 verti-

1072 2125 1223 2156 bilitatem
1238 2124 1277 2155 ad
1292 2124 1424 2162 malum,
1437 2124 1516 2155 sicut
1528 2132 1586 2154 nec
1595 2123 1750 2163 cupiditas
1763 2122 1844 2154 tollit

1072 2178 1267 2208 habilitatem
1281 2177 1320 2208 ad
1333 2177 1455 2208 bonum
1470 2187 1476 2207 :
1493 2176 1591 2208 simul
1605 2185 1682 2216 ergo
1694 2178 1754 2207 stat
1768 2184 1842 2207 ver-

1073 2229 1202 2260 tibilitas
1215 2231 1245 2260 et
1259 2229 1405 2259 charitas
1425 2227 1486 2259 Sed
1512 2228 1567 2259 ubi
1583 2230 1630 2259 est
1642 2227 1840 2266 vertibilitas,

1074 2283 1117 2314 ibi
1126 2285 1227 2323 potest
1242 2292 1309 2313 csse
1317 2282 1427 2322 culpa3
1438 2284 1468 2312 ct
1477 2282 1532 2312 ubi
1540 2283 1643 2322 potest
1655 2291 1722 2313 esse
1736 2282 1840 2323 culpa,

1073 2337 1116 2367 ibi
1130 2340 1196 2367 tam
1211 2336 1358 2374 charitas,
1376 2344 1473 2375 quam
1487 2336 1592 2374 gratia
1606 2337 1706 2376 potest
1721 2335 1840 2367 abesse.

1075 2390 1180 2421 Restat
1194 2389 1304 2428 igitur,
1316 2388 1401 2428 quod
1415 2388 1591 2419 seeundum
1613 2388 1771 2419 dictamen
1790 2396 1842 2419 ra·

1074 2443 1167 2474 tionis
1193 2444 1287 2473 rectae
1310 2441 1447 2472 charitas
1470 2441 1558 2481 perdi
1578 2443 1679 2482 potest
1702 2441 1736 2472 in
1760 2442 1845 2472 statu

1075 2496 1148 2527 viae.
1165 2495 1252 2527 Unde
1260 2495 1467 2527 concedendae
1479 2497 1554 2526 sunt
1563 2495 1701 2526 rationes
1708 2494 1749 2526 ad
1761 2494 1845 2525 hanc

1076 2552 1199 2591 partem
1214 2549 1362 2581 inductae.

1078 2644 1106 2648 κ
1128 2629 1353 2655 ³Matl71..xxvm‚
1371 2629 1405 2652 17.
1421 2629 1471 2646 -ὅ
1487 2628 1554 2652 Marc
1567 2646 1574 2657 ,
1590 2632 1640 2651 xvi,
1661 2629 1699 2651 11.
1714 2639 1742 2645 -
1755 2627 1844 2657 ⁸Luc.,

1080 2672 1148 2694 xxiv,
1169 2666 1363 2695 ll.-71('0›¹.‚
1381 2670 1392 2687 x
1404 2667 1500 2694 ,1.“.μ
1514 2663 1524 2679 ⁸
1540 2664 1623 2694 Apoc„
1638 2669 1666 2694 11,
1680 2664 1703 2687 6.

1865 903 1944 931 opinio

1857 940 1955 958 erronea.

1853 1612 1949 1640 Improb.
