2017 2948
144 940 161 958 ‘tt
181 949 231 966 υμιι,

275 130 331 157 142

266 193 407 223 cundum
426 192 511 232 quod
526 192 596 223 vult
611 192 813 231 Augustinus
825 196 845 231 ¹,
862 196 892 223 ct
906 192 1040 223 Bernar-

265 245 324 275 dus
340 256 346 275 τ
370 247 416 275 est
434 246 520 275 enim
536 246 704 285 prudentia
718 246 804 275 sortis
816 270 824 283 ⁷
845 248 874 276 et
892 246 1041 276 fortitudo

266 300 420 339 prudens:
435 303 491 331 aut
501 310 578 340 erg.)
590 301 757 340 prudentia
766 303 796 330 et
806 301 955 331 fortitudo
966 303 1041 331 sunt

263 354 419 394 aequales,
441 356 596 384 autnon:
623 354 647 383 si
669 362 732 383 11011
745 377 753 391 ,
774 356 839 383 osto
859 363 938 392 ergo
954 354 1038 393 quod

263 407 429 445 prudentia
444 407 483 436 sit
494 407 606 446 major,
621 416 717 445 quam
731 406 892 444 fortitudo,
903 409 978 436 tunc
989 416 1038 437 ar-

263 459 376 497 guitur
391 460 454 490 sic:
480 459 652 490 Prudentia
666 461 711 489 est
726 461 838 498 maJ'or,
857 469 955 499 quam
970 460 1036 491 for-

261 512 380 542 titudo:
406 521 483 550 0100
505 512 654 542 fortitudo
679 514 724 542 est
748 512 853 550 magis
876 513 1035 551 prudens,

260 574 356 603 quam
381 565 420 595 sit
442 565 529 595 sortis
554 565 584 594 in
606 565 735 602 eodem,
760 565 836 604 quia
859 566 1033 596 secundum

260 618 469 655 quantitatem
491 617 669 657 prudentiae
690 617 723 647 in
745 618 855 648 eodem
877 620 924 649 est
946 620 1034 650 forti-

259 670 334 700 tudo
350 671 487 710 prudens
501 682 506 700 :
525 671 579 701 sed
593 673 711 710 quanto
724 671 826 701 virtus
841 672 1034 703 fortitudinis

257 726 302 753 est
315 724 511 763 prudentior,
530 726 616 754 tanto
630 725 765 755 nobilior
777 727 865 755 estet
879 726 1032 756 excellen-

256 776 335 806 tior:
356 777 381 806 si
396 786 475 816 ergo
491 778 594 816 magis
615 781 661 808 est
679 779 818 818 prudens
830 803 837 815 ‚
853 788 951 818 quam
966 780 1031 810 for>-

256 830 293 859 tis
304 853 313 867 ,
330 839 407 869 ergo
425 833 470 861 est
484 831 620 862 nobilior
640 834 670 862 et
685 832 888 863 excellentior
903 834 1006 873 seipsa
1020 844 1026 864 :

254 882 307 912 sed
324 883 383 913 hoc
398 886 445 914 est
459 884 650 924 impossibile
664 896 669 915 :
689 894 786 924 ergo,
804 888 862 916 etc.

294 936 354 966 Sed
369 939 487 974 contra,
509 941 521 968 1
535 939 544 954 ’
559 947 566 967 :
583 938 674 969 Nunc
690 943 819 970 manem
835 939 926 978 ficIeS,
944 948 1025 979 spes,

253 992 281 1020 el
299 989 457 1027 electrices,
477 992 541 1022 ίνῖα
565 991 650 1025 lucc:
673 992 775 1032 major
797 997 901 1024 autem
915 993 1026 1025 horum

253 1042 455 1074 estcharc'cas.
470 1043 507 1074 Et
517 1044 549 1074 in
561 1045 878 1085 p1·aecedenticapite³
892 1057 897 1076 :
911 1046 1024 1078 Adhuc

251 1095 503 1128 eoecellenciorcm
515 1098 601 1128 vlam
614 1098 701 1129 vobis
717 1098 905 1131 demonstro.
922 1100 1024 1139 51131-

250 1150 303 1177 tur
317 1148 452 1179 charitas
471 1152 517 1180 est
538 1153 640 1190 major
660 1154 690 1181 et
710 1152 913 1183 excellentior
934 1152 1023 1191 aliis,

248 1210 328 1239 ergo
343 1210 407 1232 non
428 1205 473 1233 est
492 1203 655 1242 aequalitas
670 1204 702 1234 iu
718 1204 878 1235 habitibus
896 1206 1023 1244 gratui-

247 1253 295 1284 tis.

285 1309 314 1337 2.
342 1307 417 1338 Item
432 1308 470 1339 de
485 1309 626 1348 quolibet
640 1310 816 1341 consessore
832 1313 996 1342 cantatur*
1011 1324 1017 1344 z

246 1360 315 1391 Non
331 1364 375 1392 est
391 1362 539 1393 inventas
557 1363 676 1394 similis
691 1364 758 1401 illi,
778 1365 837 1403 qzcz'
850 1372 1019 1397 conserva-

245 1417 290 1445 1·οί
306 1414 402 1453 [oyem
423 1415 562 1446 Excelsi.
585 1415 643 1446 Sed
664 1416 690 1445 si
709 1417 817 1447 omnia
838 1418 919 1449 dona
940 1428 1015 1458 gra-

245 1467 324 1496 tuita
339 1470 441 1498 essent
461 1468 612 1507 aequalia,
634 1471 711 1499 tunc
731 1470 786 1509 qui
805 1471 969 1502 excederet
981 1473 1014 1502 in

244 1528 319 1555 uno,
337 1521 500 1551 excederet
515 1521 548 1551 in
561 1522 711 1552 0011111105
726 1533 732 1553 x
751 1532 827 1562 ergo
839 1524 865 1553 si
881 1525 1016 1556 verbum

241 1572 319 1602 illud
342 1573 435 1603 alicui
458 1576 560 1613 posset
582 1583 655 1605 vere
675 1575 824 1614 attribui,
849 1586 1014 1616 nunquam

240 1625 425 1655 conveniret
438 1626 543 1664 alteri,
560 1627 634 1666 quia
648 1628 732 1667 quod
749 1637 804 1667 per
818 1630 1013 1668 superabun-

241 1677 382 1708 dantiam
397 1679 522 1717 dicitur,
538 1680 594 1710 uni
609 1680 666 1710 5011
682 1682 840 1712 convenit.

279 1732 307 1761 3.
332 1731 409 1762 Item
424 1732 537 1772 majori
554 1733 637 1763 hono
656 1735 759 1773 majus
775 1734 895 1765 malum
910 1744 1011 1775 oppo—

240 1785 335 1822 nitur,
353 1788 412 1816 ete
425 1795 590 1824 converso,
605 1787 680 1826 quia
691 1788 883 1827 privationes
893 1798 1013 1828 cogno-

236 1840 370 1868 scuntur
381 1848 435 1878 per
445 1838 572 1870 habitus
584 1849 591 1870 :
606 1849 686 1878 ergo
696 1849 770 1870 cum
779 1841 856 1871 vitia
868 1843 1010 1881 opposita

237 1890 408 1922 virtutibus
429 1901 493 1922 non
513 1892 650 1923 habeant
673 1893 886 1932 aequalitatem
899 1918 907 1932 ‚
933 1896 1009 1934 quia

234 1952 336 1972 unum
354 1944 467 1974 vitium
482 1947 528 1974 est
546 1947 650 1984 maius
664 1946 781 1983 altero,
803 1947 871 1986 pari
884 1947 1007 1979 ratione

235 1995 358 2026 videtur
373 1997 457 2035 quod
472 2006 529 2027 000
544 1998 678 2028 virtutes
694 1999 854 2037 gratuitae.

277 2051 302 2078 t.
320 2048 397 2079 Item
412 2049 539 2080 habitus
552 2053 696 2081 crescunt
711 2054 741 2081 et
755 2055 1006 2090 augmentantur

232 2100 265 2129 in
280 2101 371 2131 nobis
386 2103 561 2133 secundum
583 2104 668 2142 quod
683 2104 753 2143 plus
769 2107 799 2134 et
814 2105 886 2144 plus
899 2106 1005 2145 dispo-

232 2154 337 2184 nimus
353 2164 410 2185 nos
422 2157 588 2195 perbonos
599 2159 704 2188 actus:
722 2158 774 2187 sed
787 2167 844 2188 nos
857 2158 1003 2190 videmus

230 2208 314 2246 quod
339 2208 454 2248 aliquis
475 2209 546 2248 plus
566 2219 598 2240 se
620 2213 744 2240 exercet
758 2211 797 2241 ,111
818 2214 890 2242 actu
909 2212 1002 2243 unius

231 2261 357 2291 virtutis
370 2284 377 2298 ‚
401 2271 498 2301 quam
514 2263 546 2292 in
560 2265 632 2293 actu
646 2264 774 2294 alterius
788 2275 795 2294 ι
817 2273 896 2303 ergo
911 2266 1001 2296 vide-

229 2316 282 2344 tur
302 2315 388 2354 quod
409 2315 514 2354 magis
540 2319 659 2346 crescat
681 2317 782 2347 virtus
806 2318 877 2356 illa,
903 2328 1000 2358 quam

227 2366 317 2397 aliae:
341 2376 420 2406 ergo
440 2377 566 2398 necesse
588 2371 635 2399 est
656 2369 825 2409 aliquando
848 2371 999 2402 virtutem

228 2419 312 2450 illam
329 2430 396 2452 esse
412 2421 602 2461 inaequalem
619 2423 698 2453 aliis.

260 2510 266 2525 ¹
281 2510 336 2540 Aug
349 2528 358 2540 ,
371 2510 401 2533 de
424 2511 522 2540 Trim'l.¹
540 2511 582 2535 lib.
599 2512 642 2541 Vl,
663 2518 687 2536 c.
705 2518 740 2542 lv,
756 2520 781 2536 n.
802 2515 825 2537 6.
840 2526 870 2530 -
882 2515 912 2537 ²1
929 2514 996 2545 Cor„

225 2550 284 2571 xm,
297 2546 333 2568 13.
346 2558 374 2563 ·—
385 2546 394 2561 ³
405 2546 480 2574 ΗΜΛ,
492 2553 538 2576 111,
552 2549 640 2570 3ι.-“
656 2548 747 2578 11)’1011.
761 2549 789 2571 ds:
801 2551 921 2579 confesso:
952 2559 996 2574 ms.

224 2586 255 2603 ex
270 2580 449 2612 Ecclesiastico,
464 2588 534 2611 ,xl-iv,
546 2585 584 2606 20.

829 124 1140 157 SENTENTIARUM
1162 125 1237 158 LlB.
1260 126 1312 157 111.

1141 195 1168 223 5.
1183 192 1259 224 ltem
1269 194 1404 224 charitas
1415 195 1462 225 est
1471 194 1637 225 vinculum
1650 204 1870 235 personarum,

1097 247 1126 273 et
1140 246 1187 274 est
1203 245 1369 275 vinculum
1385 246 1563 282 virtutum3
1580 245 1687 285 plures
1701 246 1785 276 enim
1799 255 1871 286 per-

1096 303 1183 324 sonae
1194 294 1336 333 ligantur
1348 305 1402 334 pei·
1414 295 1577 325 vinculum
1589 296 1752 326 charitatis
1761 297 1794 326 in
1807 305 1872 327 una

1095 347 1229 385 virtute,
1254 352 1283 377 et
1305 348 1411 387 plnres
1433 349 1565 378 virtutes
1585 348 1616 378 in
1638 358 1703 379 uno
1717 348 1866 379 homine:

1093 399 1174 429 sicut
1193 410 1272 439 crgo
1288 410 1320 430 se
1334 401 1428 431 habet
1451 410 1513 430 nna
1533 401 1632 430 virtus
1651 404 1796 441 respectu
1818 401 1869 432 di-

1093 462 1257 484 versarum
1274 463 1499 493 personarum,
1523 454 1568 484 sic
1590 464 1674 485 unus
1690 454 1867 485 1101110105-

1093 508 1182 545 pectu
1207 507 1363 536 virtutum
1387 507 1530 546 plurium
1546 518 1552 537 :
1578 507 1631 537 sed
1650 516 1716 538 una
1735 508 1836 539 virtus
1850 518 1868 539 a

1091 558 1222 589 diversis
1241 560 1382 599 personis
1400 563 1500 599 potest
1519 561 1700 601 participari
1723 562 1867 601 inaequa-

1091 611 1161 642 liter
1176 621 1183 642 :
1201 621 1280 651 ergo
1296 615 1325 643 ct
1341 613 1447 652 plures
1463 613 1596 643 virtutes
1616 614 1655 643 ab
1678 614 1789 645 eodem
1804 614 1866 645 ho-

1090 666 1186 695 minc.

1128 720 1157 747 6.
1184 718 1262 748 Item
1282 718 1409 749 habitus
1429 719 1558 749 virtutis
1574 722 1620 750 est
1640 719 1806 751 habilitare
1825 721 1864 752 ad

1087 774 1193 801 actum
1213 782 1307 802 50001
1321 797 1328 809 ,
1351 782 1406 812 per
1421 782 1453 803 se
1467 772 1645 812 loquendo:
1667 783 1747 813 ergo
1762 776 1864 814 majo-

1086 825 1129 854 ris
1156 825 1284 855 virtutis
1310 828 1356 855 est
1383 826 1486 864 magis
1518 826 1704 866 habilitare,
1730 828 1862 868 aequalis

1085 878 1253 917 aequaliter
1269 878 1436 909 habilitare
1449 890 1455 909 z
1468 879 1493 909 51
1508 888 1587 918 ergo
1603 889 1713 911 omnes
1729 881 1862 912 virtutes

1085 931 1115 960 111
1131 931 1242 960 emh-m
1259 931 1390 961 homine
1410 935 1483 961 sunt
1504 932 1661 971 aequales,
1685 934 1860 965 necessario

1083 984 1167 1014 idem
1184 985 1280 1015 homo
1295 985 1458 1024 aequaliter
1471 986 1529 1015 erit
1542 986 1655 1016 habilis
1667 989 1697 1017 et
1712 987 1808 1018 facilis
1819 988 1859 1018 ad

1081 1040 1171 1067 actus
1182 1039 1326 1067 omnium
1339 1038 1492 1068 virtutum
1509 1050 1514 1068 :
1532 1039 1615 1078 quod
1629 1048 1683 1079 per
1693 1040 1859 1079 experien-

1083 1090 1156 1120 tiam
1171 1091 1416 1130 deprehenditur
1432 1101 1498 1122 esse
1513 1092 1626 1122 falsum
1641 1103 1648 1130 ;
1666 1093 1757 1123 multi
1771 1093 1857 1123 enim

1079 1143 1200 1173 habiles
1219 1147 1293 1174 sunt
1309 1144 1347 1174 ad
1367 1147 1471 1175 actum
1495 1145 1713 1184 abstinentiae,
1732 1146 1786 1185 qui
1809 1149 1855 1176 ta-

1079 1205 1151 1227 men
1165 1206 1239 1227 cum
1254 1197 1437 1228 difficultate
1452 1198 1569 1228 habent
1588 1207 1681 1229 usum
1698 1199 1855 1238 patientiae

1077 1251 1108 1280 et
1123 1250 1320 1281 obedientiae.

1328 1365 1591 1398 CONCLUSIO.

1079 1454 1195 1481 Virtutes
1206 1455 1300 1482 habent
1310 1463 1397 1482 omnes
1413 1457 1442 1482 111
1450 1456 1536 1482 eodem
1548 1456 1731 1490 oequalttatem
1743 1464 1845 1491 respec-

1110 1500 1137 1524 tu
1159 1501 1272 1532 praemisi,
1289 1501 1393 1526 tametsi
1411 1503 1529 1534 respectu
1559 1500 1662 1533 objecti,
1686 1501 1801 1533 fervoris
1823 1503 1848 1528 et

1106 1542 1294 1574 raclio-ationis,
1308 1544 1497 1578 dispar-statem
1511 1544 1625 1571 habeant
1638 1544 1673 1571 ad
1686 1546 1806 1572 invicem.

1109 1623 1201 1663 Resp.
1215 1624 1253 1654 ad
1264 1633 1333 1663 arg.
1348 1624 1519 1655 Dicendum
1532 1625 1616 1664 quod
1629 1625 1667 1656 de
1682 1626 1757 1665 ipsis
1769 1635 1841 1665 gra-

1068 1677 1155 1707 tuitis
1178 1678 1342 1707 habitibus
1366 1678 1523 1716 contingit
1546 1678 1631 1717 loqui
1653 1678 1838 1718 dupliciter:

1066 1733 1121 1760 aut
1133 1734 1289 1770 quantum
1309 1730 1347 1760 ad
1366 1730 1471 1769 ipsum
1486 1730 1632 1760 habitum
1644 1754 1651 1767 ‚
1668 1733 1722 1761 aut
1737 1740 1839 1770 quan-

1065 1785 1133 1813 tum
1163 1784 1202 1814 ad
1229 1783 1428 1814 exercitium.
1456 1784 1487 1813 Si
1513 1783 1682 1822 loquamur
1705 1784 1743 1814 de
1766 1784 1841 1824 ipsis

1065 1839 1221 1876 quantum
1237 1837 1275 1867 ad
1290 1836 1450 1874 habitum,
1467 1837 1527 1866 hoc
1543 1839 1642 1876 potest
1656 1846 1724 1867 esse
1738 1837 1841 1877 dupli-

1063 1890 1160 1920 citer:
1184 1892 1239 1920 aut
1260 1892 1403 1929 respectu
1429 1890 1541 1928 gratiae
1565 1890 1784 1926 informantis,
1809 1893 1840 1922 et

1062 1942 1295 1982 quodammodo
1311 1943 1468 1973 causantis
1482 1954 1488 1979 3
1513 1945 1568 1972 aut
1588 1945 1732 1982 respectu
1747 1943 1837 1974 liberi

1061 1996 1182 2026 arbitrii
1197 1997 1414 2035 suscipientis,
1436 1999 1465 2026 et
1480 1996 1688 2035 cooperantis.
1713 1996 1746 2026 Si
1768 2005 1838 2027 res-

1060 2053 1152 2089 pectu
1168 2051 1280 2089 gratiae
1296 2051 1495 2080 informantis
1505 2075 1512 2088 ,
1535 2051 1579 2080 sic
1594 2059 1705 2081 omnes
1719 2051 1836 2082 habent

1059 2103 1272 2142 aequalitatem
1283 2128 1291 2141 ,
1310 2112 1366 2142 pro
1381 2113 1417 2133 eo
1433 2103 1516 2142 quod
1531 2103 1635 2142 gratia
1648 2106 1779 2142 gratum
1793 2105 1836 2136 t'a-

1058 2156 1161 2193 ciens,
1188 2156 1363 2186 secundum
1384 2156 1592 2195 quantitatem
1615 2166 1706 2187 suam
1727 2159 1757 2188 et
1777 2166 1834 2188 ex-

1058 2209 1253 2246 cellentiam,
1273 2209 1375 2239 reddit
1393 2211 1518 2247 gratam
1537 2209 1599 2240 Deo
1613 2210 1779 2248 animam,
1802 2213 1833 2241 et

1056 2263 1125 2301 ejus
1140 2262 1292 2301 potentias
1307 2264 1335 2291 et
1351 2262 1489 2299 habitus,
1506 2264 1536 2292 et
1550 2263 1749 2302 operationes
1764 2272 1831 2294 me—

1055 2315 1190 2345 ritorias.
1216 2314 1247 2345 Si
1264 2323 1338 2344 vero
1353 2315 1524 2354 loquamur
1539 2315 1577 2345 de
1595 2315 1669 2355 ipsis
1686 2317 1830 2355 respectu

1055 2367 1144 2397 liberi
1159 2368 1281 2397 arbitrii
1296 2368 1536 2405 consentientis,
1556 2370 1586 2398 et
1606 2368 1826 2408 suscipientis,

1053 2421 1097 2450 sic
1109 2421 1160 2459 (a),
1173 2421 1247 2460 quia
1262 2421 1397 2451 liberum
1413 2421 1582 2451 arbitrium
1597 2421 1630 2450 in
1645 2423 1716 2451 actu
1731 2420 1827 2451 unius

1052 2473 1179 2504 virtutis
1206 2475 1359 2513 majorem
1393 2474 1515 2504 invenit
1544 2473 1802 2512 complacentiam
1813 2498 1823 2511 ,

1051 2535 1149 2565 quam
1164 2526 1197 2556 in
1212 2526 1274 2557 aiio
1286 2550 1295 2565 ,
1316 2526 1410 2557 etiam
1426 2527 1580 2566 maiorem
1594 2526 1717 2557 invenit
1731 2535 1824 2567 repu-

1082 2589 1115 2619 (α)
1129 2589 1199 2612 Edit.
1218 2590 1274 2613 Veia.
1291 2590 1319 2612 >i⁴

1880 1642 1966 1663 Primus

1870 1674 1945 1694 modus

1864 1704 1957 1725 dicendi.
