2017 2948
81 527 170 553 Populo-

75 564 120 578 rum
140 558 177 578 tri-

75 588 124 614 plex
139 588 179 609 dis-

83 619 163 640 tinctio.

78 2010 173 2044 ssxpliea-

603 177 700 209 DIST.
723 177 775 209 Vl.
800 178 915 210 PART.
936 177 960 209 1.
983 176 1073 208 ART.
1096 176 1120 207 1.
1144 175 1292 213 QUAEST.
1316 175 1367 208 [V.

191 248 293 279 tivum
313 256 378 278 non
392 247 499 284 unius,
516 245 570 277 sed
586 244 781 282 multorum
802 245 872 275 ideo
891 244 960 276 uni-

191 300 295 332 tivum
312 300 488 331 multorum
502 299 536 329 in
550 307 615 329 uno
629 300 713 328 statu
731 297 826 329 fidei:
846 300 876 328 et
890 296 959 328 ideo

191 356 225 386 in
246 356 296 386 his
314 354 518 386 sacramentis
537 354 639 385 solum
658 353 864 392 imprimitur,
887 362 959 392 quae

191 409 364 448 respiciunt
384 409 501 438 statum
517 406 590 437 fidei
610 406 866 437 determinatum.
884 405 960 436 Tres

192 462 300 492 autem
315 462 388 491 sunt
407 461 506 490 status
524 459 608 497 fidei,
631 459 747 489 scilicet
766 458 895 497 genitae,
913 467 961 489 ro-

193 514 327 551 boratae,
347 515 377 544 et
393 513 461 552 jam
480 512 716 552 multiplicatae:
739 513 769 542 et
783 511 958 542 secundum

193 566 253 597 hoc
271 566 442 597 attenditur
460 565 576 606 triplex
594 565 750 596 distinctio
770 565 802 595 in
825 564 957 604 populo,

193 620 309 650 scilicet
328 619 487 650 bonorum
510 628 529 649 a
548 618 650 656 malis,
666 618 796 648 fortium
814 617 853 648 ab
875 617 961 648 infir-

192 673 264 710 miS,
280 672 467 703 clericorum
483 681 502 702 a
516 671 614 702 laicis.
630 670 668 702 Et
683 670 753 701 haec
767 670 881 710 triplex
896 670 962 701 dis-

191 726 299 756 tinctio
314 725 473 765 praecessit
492 725 525 754 in
543 725 650 763 figura
665 723 697 754 111
710 723 828 763 populo
841 723 937 754 Israel
952 733 958 754 :

191 778 307 817 prima,
323 787 395 808 cum
411 786 521 808 omnes
537 778 612 808 sunt
631 776 768 807 distincti
783 776 822 806 ab
842 776 963 816 AEgyp-

191 831 243 861 tiis
260 831 299 861 ad
319 831 515 862 veniendum
535 831 569 861 in
594 832 711 860 terram
727 829 944 869 promissionis
951 838 961 868 ;

192 883 341 921 secunda,
358 893 431 914 cum
445 884 542 915 fortes
558 883 597 913 ab
612 882 747 913 infirmis
766 882 805 912 ad
820 891 963 921 pugnan-

193 936 272 968 dum
287 936 321 966 in
335 935 433 974 bell0;
450 937 554 974 tertia,
565 944 639 966 cum
650 935 768 966 Levitae
782 935 822 965 ab
834 934 895 965 alio
910 943 963 974 po-

191 989 265 1029 pulo
284 989 321 1020 ad
347 989 592 1020 ministrandum
615 989 648 1018 in
665 987 794 1027 templo.
814 987 963 1018 Similiter

191 1042 305 1082 triplex
321 1042 380 1073 fuit
394 1042 551 1072 distinctio
567 1042 600 1071 in
615 1041 709 1072 domo
726 1040 843 1071 David:
862 1040 964 1079 prima

191 1095 303 1126 domus
326 1096 395 1134 ejus
418 1095 457 1124 ab
489 1093 684 1131 infidelibus3
709 1093 863 1131 secunda,
889 1093 964 1132 qnia

191 1150 280 1179 erant
290 1148 333 1178 ibi
350 1147 526 1187 specialiter
541 1149 752 1187 pugnatores;
769 1147 870 1185 tertia,
888 1147 964 1186 quia

191 1202 318 1239 Levitae,
330 1203 361 1232 et
374 1202 560 1238 sacerdotes,
572 1204 602 1232 et
612 1202 723 1232 scribae
735 1201 774 1232 ab
787 1201 856 1232 aliis
866 1201 962 1232 etiam

190 1254 327 1284 distincti
343 1256 448 1291 erant,
471 1256 502 1285 et
523 1254 619 1285 etiam
640 1254 736 1285 duces
754 1256 785 1284 et
804 1254 962 1293 principes

190 1307 361 1338 habebant.
374 1307 454 1344 Quia
468 1316 544 1346 ergo
559 1308 620 1338 tria
634 1310 759 1338 tantum
775 1309 850 1337 sunt
865 1316 965 1337 sacra-

192 1362 317 1397 menta,
340 1368 412 1399 quae
432 1359 607 1399 respiciunt
627 1362 743 1391 statum
770 1360 841 1390 fidei
864 1360 964 1390 deter-

192 1413 348 1444 minatum
359 1423 366 1444 t
376 1412 568 1452 Baptismus,
585 1413 737 1453 primum,
749 1413 875 1454 quiaibi
888 1414 964 1444 fides

192 1466 350 1505 gignitur,
374 1468 404 1496 et
421 1466 518 1496 homo
540 1467 579 1497 ab
602 1465 760 1506 AEgyptiis
783 1469 962 1506 separatum

195 1518 408 1556 Confirmatio,
427 1519 612 1557 secundum,
630 1520 704 1559 quia
719 1519 762 1549 ibi
778 1520 855 1550 tides
871 1521 965 1550 robo-

194 1574 292 1610 ratur,
310 1574 341 1602 et
360 1574 396 1602 ut
417 1571 506 1611 pugil
528 1571 697 1611 inungitur
714 1572 810 1602 homo
824 1573 864 1603 ad
881 1582 963 1612 prze—

192 1625 351 1663 liandum,
372 1626 402 1655 et
421 1625 462 1655 ab
482 1625 618 1655 infirmis
643 1625 852 1663 discernitur3
870 1626 962 1665 Ordo,

192 1679 331 1716 tertium,
346 1678 422 1718 quia
437 1678 479 1708 ibi
495 1677 597 1709 virtus
612 1677 802 1708 multimoda
813 1678 918 1717 datur,
934 1681 965 1710 et

191 1731 288 1762 homo
313 1733 349 1762 ut
372 1732 498 1761 sanctus
521 1731 560 1761 ad
585 1731 796 1761 ministerium
818 1732 925 1771 templi
947 1741 965 1762 a

191 1783 279 1814 laicis
300 1786 485 1823 separatur:
510 1783 580 1814 ideo
600 1783 659 1813 ista
678 1783 738 1814 tria
760 1786 883 1814 tanturn
903 1785 963 1814 im-

193 1838 335 1877 primunt
349 1837 575 1867 characterem.
593 1835 716 1867 Natura
730 1845 810 1874 ergo
825 1846 967 1868 commu-

193 1890 242 1920 nis
264 1890 388 1929 reperta
412 1889 444 1919 in
467 1889 532 1928 his,
548 1889 586 1927 {et
605 1898 668 1919 non
683 1889 714 1919 in
729 1889 798 1919 aliis
813 1891 874 1927 est,
891 1890 967 1929 quia

194 1944 268 1973 sunt
282 1942 375 1982 signa
388 1941 525 1973 visibilia
535 1941 668 1972 interius
679 1942 853 1981 operantia,
870 1942 965 1982 respi-

194 1996 308 2027 cientia
327 1997 442 2026 statum
464 1995 537 2026 fidei
556 1995 812 2026 determinatum.
837 1995 875 2026 Et
891 1996 967 2036 quia

194 2049 351 2080 distinctio
366 2048 473 2089 populi
488 2057 583 2078 anon
599 2048 716 2088 populo
730 2048 878 2088 praecedit
890 2049 966 2080 alias

194 2102 407 2133 distinctiones
420 2113 428 2140 ;
465 2101 535 2132 ideo
570 2101 766 2141 baptismalis
806 2101 967 2133 character

195 2154 342 2195 praecedit
356 2154 432 2185 alios
449 2154 487 2185 de
508 2154 701 2185 necessitate.
726 2154 786 2185 Sed
806 2154 965 2187 distinctio

195 2207 326 2238 fortium
349 2207 388 2237 ab
407 2207 543 2238 infirmis
562 2207 711 2248 praecedit
729 2208 965 2240 distinctionem

195 2260 290 2291 aliam
304 2259 408 2290 solum
422 2260 460 2290 de
473 2269 630 2300 congruo,
642 2270 704 2291 non
715 2261 752 2292 de
766 2262 963 2293 necessitate.

196 2312 243 2344 Ex
258 2312 318 2343 hoc
336 2321 416 2352 ergo
434 2315 519 2352 patet
539 2313 616 2344 ordo
633 2313 864 2352 characterum;
882 2317 966 2354 patet

197 2367 228 2397 et
245 2374 414 2402 numerus,
437 2365 513 2405 quia
531 2368 595 2396 tres
616 2368 690 2397 sunt
709 2367 884 2398 secundum
905 2370 966 2399 tres

197 2420 312 2456 status,
336 2420 366 2448 et
389 2420 451 2448 tres
474 2418 706 2457 distinctiones,
731 2422 761 2450 et
784 2420 844 2451 tria
859 2429 963 2451 sacra-

198 2473 315 2503 menta.
335 2470 423 2502 Patet
437 2471 531 2502 etiam
546 2472 627 2502 ratio
645 2472 865 2512 imprimendi:
883 2483 966 2514 prze-

196 2524 358 2565 supposita
372 2533 512 2564 namque
527 2524 690 2555 identitate
704 2534 744 2556 ex
759 2528 846 2565 parte
865 2531 964 2558 mate-

198 2578 283 2610 rialis
308 2577 473 2616 elementi,
498 2577 620 2608 ratione
643 2579 735 2617 quus
755 2580 903 2619 competit
927 2581 966 2611 si-

199 2631 325 2672 gnatio,
347 2631 485 2663 sumitur
505 2631 588 2662 ratio
611 2631 793 2672 principalis
813 2641 854 2664 ex
877 2635 965 2674 parte

1724 173 1782 201 379

1015 243 1098 274 finis.
1115 242 1195 280 Quia
1208 243 1316 272 tamen
1331 241 1402 272 finis
1416 242 1523 272 movet
1535 239 1735 275 efficientem,
1751 239 1782 268 et

1015 296 1154 327 efficiens
1178 295 1353 326 secundum
1377 294 1572 333 exigentiam
1590 292 1662 322 finis
1682 291 1783 322 intro-

1016 349 1101 380 ducit
1114 350 1249 379 formam
1263 348 1296 378 in
1306 347 1484 384 materiam,
1499 346 1658 376 concurrit
1668 344 1784 384 triplex

1016 402 1096 432 ratio
1110 410 1118 432 z
1134 404 1164 432 et
1178 402 1282 441 prima
1296 402 1343 431 est
1357 401 1456 430 status
1474 399 1547 429 fidei
1564 397 1784 429 determinatio

1016 465 1055 486 ex
1071 457 1158 495 parte
1172 455 1257 492 finis3
1278 463 1318 484 ex
1335 455 1423 493 parte
1439 451 1602 483 efficientis
1617 450 1783 488 institutio,

1017 517 1090 548 quae
1117 508 1157 539 ad
1176 508 1271 538 talem
1293 507 1390 537 finem
1413 505 1563 536 ordinans
1583 503 1668 534 dedit
1691 502 1785 532 talem

1016 563 1180 601 virtutem,
1196 564 1232 593 ut
1245 562 1279 593 in
1293 562 1343 592 his
1358 560 1595 600 imprimeretur
1609 557 1785 594 character3

1018 625 1058 646 ex
1083 618 1170 655 parte
1194 624 1270 646 vero
1293 616 1404 646 formae
1425 616 1471 644 est
1489 613 1606 643 sanctae
1626 609 1788 641 Trinitatis

1018 669 1173 700 invocatio
1186 678 1194 700 z
1209 671 1240 699 et
1254 669 1297 699 sic
1312 670 1419 709 patent
1434 666 1552 698 omnia.

1059 725 1086 753 1.
1100 721 1189 759 Quod
1201 723 1304 762 primo
1319 721 1466 761 objicitur
1480 720 1518 751 de
1529 717 1709 754 virtutihuS,
1719 717 1787 756 J'am

1018 777 1119 815 patet,
1146 775 1222 815 quia
1242 784 1306 806 11011
1324 776 1370 805 est
1383 772 1595 812 configuratio
1614 769 1788 801 secundum

1018 839 1116 870 quam
1139 830 1318 861 attendatur
1343 829 1474 868 signum
1496 826 1728 861 distinctivum,
1752 833 1790 854 eo

1019 883 1103 924 quod
1116 892 1181 914 non
1194 885 1241 913 est
1255 883 1388 922 signum
1401 880 1548 911 sensibile
1562 880 1663 909 extra.

1059 939 1088 967 2.
1105 936 1153 967 Ad
1172 935 1250 966 illud
1270 944 1349 974 ergo
1368 932 1452 974 quod
1466 931 1614 971 objicitur
1630 930 1669 960 de
1684 938 1789 960 sacra-

1022 990 1137 1020 mentis
1157 988 1274 1019 veteris
1290 987 1381 1026 legis,
1399 985 1542 1016 similiter
1561 984 1646 1023 patet
1657 990 1789 1021 respon-

1019 1044 1081 1082 sio,
1098 1043 1173 1083 quia
1189 1042 1231 1072 ibi
1246 1043 1313 1072 erat
1330 1041 1456 1071 tantum
1471 1036 1684 1076 configuratio
1701 1036 1789 1066 exte-⁴

1018 1097 1087 1127 rius
1101 1097 1135 1126 in
1149 1105 1252 1134 carne,
1270 1094 1344 1135 quia
1358 1094 1449 1124 erant
1468 1091 1664 1122 sacramenta
1678 1087 1789 1129 populi

1019 1149 1164 1180 carnalis

1061 1204 1089 1233 3.
1105 1202 1153 1232 Ad
1169 1201 1247 1232 illud
1264 1200 1349 1240 quod
1363 1198 1527 1238 objicitur*
1542 1206 1549 1227 ε
1566 1207 1580 1225 a
1591 1195 1679 1233 Quod
1692 1196 1792 1235 potest

1020 1256 1052 1286 in
1084 1255 1203 1293 majus,
1231 1255 1334 1293 potest
1367 1252 1401 1282 111
1429 1251 1550 1287 minus,
1575 1260 1590 1278 »
1620 1247 1791 1279 dicendum

1020 1308 1105 1348 quod
1120 1306 1203 1338 istud
1220 1315 1283 1337 non
1298 1307 1345 1336 est
1361 1304 1554 1344 generaliter
1569 1311 1698 1339 verum,
1716 1301 1793 1341 quia

1020 1362 1202 1401 frequenter
1234 1359 1337 1390 virtus
1371 1360 1526 1388 creaturae
1555 1355 1723 1386 ordinatur
1754 1353 1793 1384 ad

1021 1416 1141 1454 majiis,
1165 1422 1229 1443 11011
1252 1412 1292 1442 ad
1315 1411 1439 1448 minus3
1462 1410 1560 1440 1101110
1585 1408 1671 1439 enim
1694 1409 1794 1447 potest

1022 1475 1177 1507 generare
1191 1465 1354 1496 hominem
1364 1488 1372 1502 ,
1390 1472 1454 1494 non
1466 1464 1631 1493 festucam.

1060 1522 1090 1551 4.
1115 1519 1163 1550 Ad
1186 1518 1263 1549 illud
1285 1517 1370 1557 quod
1392 1516 1552 1555 objicitur,
1579 1514 1664 1554 quod
1689 1514 1797 1544 omnia

1020 1574 1220 1604 sacramenta
1230 1571 1401 1611 disponunt
1411 1570 1449 1600 ad
1460 1568 1610 1608 gratiam,
1625 1568 1794 1598 dicendum

1020 1627 1105 1668 quod
1123 1627 1212 1656 actus
1234 1623 1419 1664 disponendi
1440 1623 1479 1653 ad
1502 1621 1641 1661 gratiam
1664 1630 1729 1652 non
1750 1622 1797 1651 est

1020 1680 1167 1720 proprius
1182 1677 1388 1714 characteris,
1406 1676 1460 1707 sed
1480 1676 1585 1714 magis
1605 1674 1659 1714 qui
1674 1673 1796 1714 praede-

1020 1733 1211 1764 terminatus
1227 1733 1286 1762 est.
1307 1729 1394 1767 Quod
1418 1728 1618 1768 postmodum
1641 1726 1797 1766 quaeritur

1021 1787 1097 1816 satis
1112 1787 1208 1825 patet,
1226 1784 1250 1814 si
1263 1783 1393 1814 brevius
1408 1783 1614 1812 resumantur
1631 1779 1792 1820 praedicta.

1022 1839 1104 1870 Ordo
1122 1838 1206 1868 enim
1221 1839 1251 1868 et
1267 1845 1394 1867 summa
1405 1834 1633 1874 praedictorum
1644 1834 1703 1870 est,
1719 1832 1795 1872 quia

1021 1892 1185 1923 character
1197 1892 1244 1921 est
1260 1890 1394 1928 siguum
1411 1887 1561 1925 interiusf,
1578 1885 1795 1916 distinctivum

1022 1945 1139 1985 pariter
1164 1946 1195 1973 et
1222 1942 1382 1973 unitivum
1404 1941 1435 1970 in
1459 1940 1566 1979 aliquo
1592 1938 1664 1969 fidei
1689 1939 1792 1968 statu:

1022 1998 1092 2027 ideo
1102 1996 1300 2036 imprimitur
1310 2003 1329 2025 a
1341 1994 1434 2032 siguo
1445 1991 1562 2023 visibili
1575 1991 1707 2021 interius
1723 1998 1796 2029 ope-

1021 2052 1126 2089 rante,
1156 2049 1341 2088 respiciente
1364 2048 1483 2077 statum
1506 2044 1579 2075 fidei
1601 2043 1795 2074 determina·

1021 2106 1102 2135 tum.
1121 2103 1228 2134 Status
1242 2110 1322 2140 ergo
1338 2100 1411 2131 fidei
1426 2097 1655 2130 determinatus
1668 2098 1716 2127 est
1733 2095 1796 2135 pri-

1022 2167 1075 2187 ma
1096 2157 1176 2187 ratio
1191 2154 1406 2195 imprimendi.
1424 2153 1462 2184 Et
1476 2151 1552 2192 quia
1568 2150 1641 2180 finis
1657 2148 1796 2189 imponit

1021 2211 1241 2241 necessitatem
1263 2209 1311 2239 his
1329 2216 1401 2247 quae
1421 2207 1495 2237 sunt
1516 2205 1556 2236 ad
1578 2205 1690 2241 finem3
1711 2202 1793 2240 ideo,

1021 2263 1097 2303 qnia
1112 2263 1164 2293 ille
1176 2262 1314 2293 instituit
1324 2261 1364 2291 ad
1375 2260 1460 2290 hunc
1472 2260 1569 2289 linem
1580 2257 1790 2291 sacramenta,

1021 2316 1106 2346 dedit
1128 2316 1281 2345 virtutem
1306 2315 1338 2344 et
1362 2313 1498 2344 formam
1522 2310 1693 2341 verborum
1714 2316 1794 2337 con-

1022 2377 1153 2407 gruam.
1168 2367 1222 2398 Est
1237 2367 1334 2398 etiam
1350 2366 1432 2397 ratio
1449 2361 1679 2402 multiplicandi
1693 2370 1700 2391 :
1717 2360 1794 2399 quia

1021 2422 1106 2452 enim
1128 2423 1254 2451 tantum
1275 2423 1338 2452 tres
1360 2421 1460 2450 status
1480 2417 1549 2447 fidei
1567 2417 1658 2452 sunt,
1681 2415 1711 2444 et
1731 2414 1796 2444 tres

1021 2474 1254 2512 dictinctiones,
1269 2474 1340 2505 ideo
1359 2475 1485 2504 tantum
1506 2472 1570 2500 tres
1583 2468 1792 2498 characteres.

1022 2528 1075 2559 Est
1092 2528 1187 2559 etiam
1208 2527 1288 2558 ratio
1304 2524 1470 2557 ordinandi
1488 2534 1494 2554 :
1516 2530 1590 2553 nam
1606 2520 1679 2552 fidei
1695 2528 1795 2559 gene·

1021 2581 1101 2612 ratio
1128 2580 1278 2621 praecedit
1304 2577 1597 2613 confirmationem,
1622 2575 1653 2604 et
1677 2572 1796 2605 confir-

1054 2644 1060 2660 ¹
1077 2643 1162 2673 Arist,
1183 2643 1237 2676 Top.

1812 1737 1915 1765 Epilogus

1809 1769 1906 1789 resoluti-
