2017 2948
800 175 987 207 DISTINCT.
1012 175 1061 206 IV.
1086 175 1186 207 PARS
1211 178 1248 207 ΙΙ.
1773 184 1827 212 341

242 247 316 276 ante
326 243 415 276 intus
436 246 504 275 erat
522 242 646 286 judicio
670 242 741 283 Dei,
764 242 819 275 sed
839 253 927 275 nunc
951 243 1049 275 etiam
1068 242 1192 287 judicio
1220 244 1366 277 Ecclesiae
1390 245 1479 277 intus
1503 250 1561 279 est.
1588 246 1670 279 Cum
1694 258 1772 280 vero
1794 248 1830 280 in

240 300 400 345 baptismo
413 303 577 344 peccatum
592 299 750 340 deleatur,
768 304 799 332 et
817 300 992 333 satisfactio
1016 300 1157 333 exterior
1176 312 1242 333 non
1258 301 1457 345 imputatur,
1475 303 1633 345 quaeritur
1647 315 1706 336 cur
1720 316 1831 349 poena-

240 358 326 399 litas,
342 357 395 390 cui
418 368 475 401 pro
498 360 625 401 peccato
641 356 760 389 addicti
781 369 907 397 sumus,
926 369 990 390 non
1008 358 1152 390 tollatur.
1176 359 1245 391 Hoc
1264 359 1336 391 ideo
1361 360 1494 391 tradunt
1518 361 1589 392 fieri
1611 362 1673 394 viri
1689 363 1790 395 sancti
1805 366 1827 405 ¹,

240 415 318 460 quia
331 415 358 447 si
372 427 391 447 a
405 425 501 459 poena
515 414 663 447 homines
682 426 739 458 per
758 414 955 458 baptismum
971 416 1202 456 liberarentur,
1219 416 1320 459 ipsam
1339 420 1490 460 putarent
1504 417 1657 461 baptismi
1672 420 1826 462 pretium,

240 484 305 505 non
320 476 478 505 aeternum
494 482 645 514 regnum.
664 471 738 503 Ideo
753 471 859 503 soluto
876 476 964 504 reatu
982 473 1118 516 peccati,
1137 473 1324 517 temporalis
1340 486 1434 518 pcena
1449 479 1558 507 tamen
1574 479 1703 517 manet,
1722 481 1756 508 nt
1773 477 1829 509 illa

239 531 307 563 vita
322 529 497 562 studiosius
516 532 696 573 quaeratur,
719 539 792 573 qnae
814 529 875 561 erit
898 540 917 561 a
939 530 1042 573 poenis
1064 531 1218 563 omnibus
1240 531 1358 563 aliena.
1386 532 1460 564 Ideo
1484 532 1581 564 etiam
1601 537 1721 575 manet,
1738 537 1775 566 ut
1789 534 1830 566 sit

239 586 328 620 fideli
343 591 373 619 et
388 586 533 619 certandi
548 586 693 627 materia,
711 590 743 618 et
764 586 916 619 vincendi
940 587 1075 628 occasio,
1092 588 1150 631 qui
1176 599 1242 621 non
1268 588 1413 621 vinceret
1434 589 1461 621 si
1482 600 1548 622 non
1571 594 1754 633 pugnaret,
1771 602 1830 624 nec

238 647 399 689 pugnaret
412 644 439 676 si
454 643 488 676 in
502 643 663 688 baptismo
678 643 770 676 fieret
784 643 990 677 immortalis.

282 701 317 734 Si
332 701 493 746 quaeritur
507 701 600 745 cujus
619 701 666 733 rei
687 701 869 745 baptismus
888 701 944 734 ille
963 702 1004 734 sit
1021 706 1261 735 sacramentnm
1275 729 1283 744 ,
1299 703 1358 747 qui
1373 703 1549 748 daturjam
1568 704 1674 747 just0;
1692 705 1830 739 dicimus
1846 721 1951 747 Cujusrei

237 763 476 792 sacramentum
495 770 562 791 esse
583 762 614 790 et
638 758 684 790 rei
705 770 777 802 quae
801 759 983 802 praecessit,
1009 760 1041 791 id
1066 764 1129 801 est,
1157 760 1358 793 remissionis
1378 765 1453 793 ante
1474 772 1532 805 per
1557 761 1656 795 fidem
1679 763 1760 796 datae
1774 790 1781 804 ,
1800 768 1831 796 et
1845 751 1951 808 „iissssshssfi

1866 813 1929 832 datur

236 816 435 848 remissionis
448 816 634 860 temporalis
649 827 751 860 poenae
767 816 834 848 sive
849 817 981 860 peccati,
998 817 1024 849 si
1040 817 1180 850 hahetur
1195 818 1282 862 quod
1301 818 1432 850 interim
1448 820 1675 862 committitur,
1692 824 1723 853 et
1738 820 1830 854 novi-
1842 843 1950 870 jamjusto

236 874 310 906 tatis
331 885 367 906 ac
385 874 491 906 omnis
505 874 616 916 gratiae
634 874 679 906 ibi
696 874 858 918 praestitae.
879 872 993 906 Omnis
1008 875 1128 907 etenim
1152 875 1198 907 roi
1218 876 1349 918 signum
1373 879 1440 916 est,
1458 876 1552 919 cujus
1572 888 1668 910 causa
1682 882 1741 911 est.
1765 878 1830 911 Nec
1845 876 1951 925 {JJessfffissj

236 931 364 964 mireris
392 942 460 964 rem
489 932 665 976 aliquando
696 930 877 975 praecedere
904 936 1142 964 sacramentum
1159 958 1167 973 ,
1196 943 1271 964 cnm
1300 932 1478 976 aliquando
1507 933 1605 965 ctiam
1633 934 1730 977 longe
1759 940 1830 979 post

235 992 402 1033 sequatur,
420 992 458 1021 ut
480 988 515 1021 in
536 989 602 1021 illis
626 989 683 1033 qui
707 989 780 1021 ficte
797 988 965 1030 accedunt,
990 989 1124 1033 quibus,
1142 1000 1216 1022 cum
1234 993 1344 1034 postea
1359 990 1587 1034 poenituerint,
1604 991 1737 1035 incipiet
1751 992 1831 1036 bap-

235 1046 351 1079 tismus
365 1046 536 1090 prodesse;
553 1047 587 1079 in
611 1046 731 1090 quibus
754 1046 817 1079 fuit
840 1046 1022 1090 baptismus
1045 1051 1284 1080 sacramentum
1309 1047 1409 1092 hujus
1435 1048 1713 1091 sanctificationis,
1730 1061 1829 1094 quarn

235 1103 422 1147 poenitendo
437 1104 569 1136 habent.
596 1103 659 1137 Sed
682 1104 708 1136 si
732 1115 903 1148 nunquam
927 1104 1136 1148 poeniterent,
1158 1116 1217 1137 nec
1239 1117 1257 1138 a
1279 1104 1436 1148 figmento
1452 1106 1649 1149 recederent,
1667 1107 1761 1151 cujus
1782 1108 1829 1140 rei

235 1164 472 1194 sacramentum
488 1166 569 1194 esset
592 1161 774 1206 baptismus
788 1162 913 1195 abillis
928 1165 1122 1207 susceptus?
1138 1163 1247 1196 Potest
1270 1163 1333 1196 dici
1348 1165 1395 1196 rei
1418 1175 1492 1208 quae
1515 1164 1561 1196 ibi
1582 1164 1690 1206 fieret,
1713 1164 1739 1197 si
1763 1176 1828 1198 non

235 1228 349 1251 eorum
363 1219 538 1251 enormitas
553 1219 738 1263 impediret.

280 1275 368 1308 Solet
383 1276 480 1308 etiam
495 1277 599 1320 quaeri
613 1288 655 1309 an
671 1277 818 1320 parvulis
835 1278 870 1309 in
893 1277 1055 1321 baptismo
1070 1277 1166 1310 detur
1187 1278 1303 1321 gratia,
1327 1290 1393 1322 qua
1415 1290 1493 1311 cnm
1508 1283 1637 1324 tempus
1652 1281 1829 1315 habuerint
1844 1294 1952 1320 Siparvu-

235 1334 349 1367 utendi
360 1334 461 1367 libero
473 1334 620 1377 arbitrio,
637 1335 761 1378 possint
776 1335 859 1368 bene
870 1336 954 1368 velle
969 1340 1000 1367 et
1013 1346 1155 1368 currere.
1170 1336 1215 1368 De
1230 1336 1350 1369 adultis
1365 1337 1466 1378 enim,
1480 1337 1538 1381 qui
1553 1337 1651 1380 digne
1666 1339 1828 1383 reciPiunt
1844 1324 1950 1381 {5332ss

234 1395 485 1433 sacramentum,
512 1403 578 1425 non
598 1392 790 1436 ambigitur,
815 1393 896 1437 quin
921 1393 1060 1435 gratiam
1083 1398 1272 1437 operantem
1295 1402 1326 1426 et
1349 1401 1576 1438 cooperantem
1603 1397 1825 1440 perceperint:
1843 1392 1876 1436 {¹12⁰
1880 1432 1884 1441 1
1902 1392 1949 1442 {1ssss

234 1460 307 1493 quae
322 1449 357 1482 2'72
383 1460 523 1482 vacuum
537 1451 548 1467 ²
564 1449 610 1482 eis
628 1450 730 1491 cedit,
753 1451 779 1483 si
802 1462 859 1494 per
880 1451 1020 1483 liberum
1040 1452 1212 1484 arbitrium
1234 1456 1304 1496 post
1326 1453 1507 1485 mortaliter
1530 1453 1753 1497 deliquerint,
1770 1455 1828 1499 qui
1843 1448 1949 1505 hss'ffissffg„

235 1507 350 1540 merito
377 1507 498 1551 peccati
528 1509 665 1551 gratiam
698 1509 878 1553 oppositam
910 1509 1063 1553 perdunt.
1092 1509 1186 1542 Unde
1214 1509 1369 1542 dicuntur
1390 1513 1399 1527 ³
1423 1512 1659 1544 contumeliam
1686 1512 1830 1556 Spiritui
1844 1510 1948 1566 '‘Jmffcffr‘g

234 1569 343 1598 sancto
363 1565 482 1606 facere,
500 1569 531 1598 et
549 1565 657 1610 ipsum
683 1577 702 1599 a
720 1577 753 1598 se
777 1566 902 1609 fugare.
927 1566 973 1599 De
996 1567 1143 1611 parvulis
1162 1578 1257 1609 vero,
1273 1567 1332 1611 qui
1355 1567 1503 1601 nondum
1524 1569 1648 1601 ratione
1664 1572 1826 1611 utuntur,
1854 1580 1952 1608 neam.

235 1623 371 1666 quaestio
386 1626 434 1655 est
447 1634 488 1656 an
507 1622 542 1655 in
557 1623 717 1667 baptismo
733 1624 912 1668 receperint
927 1625 1084 1667 gratiam,
1102 1636 1169 1669 qua
1182 1624 1224 1657 ad
1239 1625 1394 1669 majorem
1417 1626 1584 1659 venientes
1608 1630 1737 1659 aetatem
1757 1638 1830 1671 pos-

233 1679 298 1712 sint
313 1680 396 1713 velle
411 1683 442 1713 et
455 1681 582 1725 operari
598 1681 733 1714 bonum.
751 1681 890 1714 Videtur
904 1682 991 1726 quod
1016 1693 1082 1715 non
1104 1682 1299 1727 receperint,
1319 1683 1397 1727 quia
1419 1684 1527 1726 gratia
1541 1684 1598 1717 illa
1612 1684 1752 1717 charitas
1767 1688 1826 1727 est,

233 1741 264 1770 et
278 1737 359 1771 fides
376 1749 450 1782 quae
470 1738 674 1772 voluntatem
696 1743 859 1785 praeparat
878 1743 909 1772 ct
932 1740 1078 1783 adjuvat.
1101 1740 1165 1773 Sed
1187 1741 1263 1784 quis
1287 1741 1405 1773 dixerit
1423 1752 1476 1774 eos
1501 1742 1658 1785 accepisse
1682 1742 1782 1774 fidem
1797 1745 1828 1775 et

232 1794 445 1829 charitatem?
469 1795 504 1828 Si
527 1807 604 1829 vero
628 1798 765 1839 gratiam
794 1808 861 1830 non
886 1798 1086 1841 receperint,
1112 1809 1178 1842 qua
1200 1798 1284 1831 bene
1306 1799 1434 1843 operari
1460 1799 1584 1843 possint
1605 1810 1679 1832 cum
1705 1799 1828 1832 fuerint

232 1853 353 1895 adulti,
371 1864 436 1886 non
451 1865 528 1897 ergo
543 1854 664 1887 sufficit
678 1855 722 1888 eis
738 1855 771 1887 in
794 1855 854 1887 hoc
875 1859 961 1888 statu
976 1855 1080 1898 gratia
1095 1855 1129 1887 in
1148 1855 1309 1899 baptismo
1324 1856 1399 1888 data
1412 1882 1420 1898 ‚
1437 1868 1494 1888 nec
1513 1868 1570 1901 per
1584 1857 1676 1889 illam
1691 1861 1827 1901 possunt

233 1910 328 1943 modo
352 1910 430 1943 honi
451 1922 530 1953 esse,
555 1911 618 1944 nisi
640 1911 705 1945 alia
725 1912 884 1954 addatur3
910 1924 985 1957 quae
1003 1913 1030 1945 si
1053 1924 1120 1945 non
1138 1913 1282 1955 additur,
1309 1924 1376 1946 non
1400 1917 1447 1946 est
1473 1924 1588 1947 eorum
1613 1915 1721 1959 culpa,
1747 1915 1826 1959 quia

227 1968 398 2012 justificati
415 1973 493 2001 sunt
515 1980 534 2001 a
553 1972 692 2013 peccato.
719 1970 860 2009 Quidam
882 1974 999 2015 putant
1022 1971 1160 2013 gratiam
1185 1976 1374 2015 operantem
1399 1975 1430 2004 et
1450 1975 1678 2016 cooperantem
1701 1973 1825 2007 cunctis
1841 1983 1906 2010 nesp.
1924 1983 1949 2007 2³

232 2026 377 2069 parvulis
390 2026 425 2059 in
441 2026 600 2071 baptismo
614 2027 686 2060 dari
700 2027 735 2061 in
752 2039 899 2070 munere,
919 2040 986 2061 non
1001 2029 1035 2061 in
1053 2040 1128 2068 usu,
1147 2033 1183 2061 ut
1198 2038 1273 2061 cum
1288 2029 1328 2061 ad
1345 2029 1502 2074 majorem
1516 2030 1668 2063 venerint
1682 2034 1822 2074 aetatem,

231 2094 271 2116 ex
289 2095 424 2116 munere
438 2085 616 2117 sortiantur
629 2097 739 2126 usum,
756 2086 820 2118 nisi
835 2097 891 2130 per
905 2086 1049 2119 liberum
1070 2086 1244 2119 arbitrium
1261 2098 1359 2119 usum
1378 2087 1525 2120 muneris
1545 2088 1740 2131 extinguant
1753 2101 1825 2134 pee-

231 2140 333 2173 cando
351 2153 357 2173 :
375 2145 406 2174 et
420 2141 465 2174 ita
478 2153 518 2175 ex
536 2143 634 2187 culpa
651 2154 764 2176 eorum
787 2147 856 2186 est,
875 2155 942 2177 non
962 2155 1003 2177 ex
1021 2144 1147 2177 defectu
1163 2144 1294 2187 gratiae,
1313 2145 1401 2189 quod
1423 2146 1501 2178 mali
1520 2146 1620 2187 fiunt,
1637 2147 1695 2190 qui
1711 2158 1749 2179 ex
1765 2147 1824 2180 Dei

234 2208 368 2231 munere
382 2199 525 2232 valentes
544 2200 663 2233 habere
677 2213 775 2234 usum
790 2201 914 2235 bonum
925 2228 934 2244 ‚
952 2213 1010 2246 per
1024 2202 1167 2235 liberum
1182 2201 1356 2236 arbitrium
1376 2207 1571 2246 renuerunt,
1591 2207 1623 2237 et
1638 2216 1734 2237 usum
1750 2216 1822 2249 pra-

232 2265 311 2288 vum
327 2255 508 2299 elegerunt.

266 2349 358 2408 ¹213ug„
374 2349 403 2373 cie
418 2350 470 2374 Ciu.
489 2351 544 2382 Dei,
560 2351 602 2376 lib.
623 2353 688 2383 thl,
708 2360 729 2377 c.
750 2359 792 2382 1v;
818 2353 891 2382 isid„
912 2354 941 2378 de
955 2355 1023 2379 Sum.
1040 2355 1110 2385 Bon„
1133 2355 1178 2379 tib.
1205 2356 1223 2386 1,
1249 2363 1271 2379 c.
1291 2361 1362 2380 ΠΝ.
1379 2368 1409 2375 -
1430 2356 1438 2370 ²
1455 2357 1475 2380 11
1491 2356 1559 2387 Com,
1575 2362 1609 2387 vr,
1625 2359 1646 2381 1.
1663 2368 1692 2373 -
1711 2356 1720 2372 ⁸
1736 2356 1822 2387 Helm,

233 2390 258 2414 x,
307 2402 312 2409 .
