2017 2948
195 147 254 178 248

196 214 252 250 est,
269 211 413 243 mundati
423 211 556 249 ostendi,
568 219 642 242 cum
654 209 709 240 iila
718 209 810 248 signa
821 209 889 248 jam
900 216 964 238 ces-

195 266 318 298 sabant.

499 368 565 389 nun.
589 367 634 388 vn
650 357 670 387 ¹.

219 444 322 476 Triplici
338 446 422 468 autem
435 443 466 467 (le
480 449 555 466 causa
571 441 683 465 instituta
698 442 756 464 sunt
771 442 938 464 sacramenta.

235 530 365 562 Videtur
378 529 460 560 male
470 528 584 566 dicere,
596 527 671 567 quia
680 526 777 557 unius
790 526 836 556 rei
851 526 965 556 unicus

195 585 242 615 est
261 583 335 614 finis
354 591 361 612 ε
383 591 460 621 crgo
481 581 607 611 videtur
631 580 717 620 quod
742 588 810 610 una
833 580 899 610 sola
926 579 965 609 sit

196 643 290 664 causa
304 632 496 673 principalis.

236 684 327 723 Resp.
342 683 515 713 Dicendum
537 680 621 721 quod
638 689 704 711 una
722 682 767 711 est
786 680 852 711 sola
871 689 966 710 causa

197 736 388 777 principalis,
404 735 519 765 scilicet
533 734 648 765 animae
668 736 809 770 ornatus,
827 734 892 763 sive
913 742 964 763 re-

197 790 332 829 paratio;
348 789 402 819 sed
417 788 492 828 quia
506 788 613 818 anima
630 787 735 826 plures
750 787 844 817 habet
858 788 965 825 poten-

199 843 266 881 tias,
280 845 411 882 possunt
424 843 502 872 fines
515 841 690 881 plurificari
700 850 796 880 penes
806 840 884 876 illas,
900 849 964 869 uno

197 899 304 927 tamen
320 895 486 935 principali
500 895 563 924 fine
579 894 743 924 existente.
762 893 814 923 Est
828 893 914 923 enim
931 893 965 923 in

197 949 287 979 nobis
300 949 349 980 vis
371 948 518 987 regitiva,
541 949 571 977 et
591 949 747 987 quantum
760 947 799 977 ad
818 947 899 976 hanc
920 949 965 977 est

197 1002 349 1039 eruditio;
368 1003 414 1032 est
434 1001 482 1031 vis
496 1000 675 1037 irascibilis,
700 1002 731 1030 et
751 1002 909 1039 quantum
927 998 965 1029 ad

196 1055 280 1086 hanc
292 1057 336 1085 est
352 1054 530 1085 humiliatio
539 1063 548 1093 ;
567 1055 612 1084 est
626 1053 676 1084 vis
695 1052 946 1091 concupiscibilis
956 1076 964 1089 ,

197 1109 228 1139 et
242 1109 401 1147 quantum
414 1107 452 1137 ad
464 1107 558 1145 hane,
573 1116 612 1137 ne
627 1106 774 1144 fastidiat,
788 1108 834 1136 est
847 1105 966 1135 exerci-

198 1163 343 1194 tati0.Vel
358 1163 449 1193 aliter
467 1173 474 1193 z
492 1162 646 1200 Eruditio,
664 1163 821 1201 quantum
841 1161 880 1191 ad
894 1170 967 1199 cog-

196 1218 342 1256 nitivam;
352 1217 542 1254 humiliatio,
555 1219 712 1256 quantum
723 1217 761 1247 ad
772 1216 966 1253 affectivam3

198 1271 250 1302 sed
264 1270 457 1309 exercitatIO,
472 1272 629 1310 quantum
644 1270 682 1300 ad
698 1269 906 1309 operativam.

499 1394 567 1415 DUB.
590 1394 658 1415 VIII.

329 1463 433 1492 Propter
448 1460 651 1484 humiliationem
667 1460 783 1490 quidem,
797 1462 845 1483 etc.

240 1537 369 1569 Videtur
384 1537 415 1566 in
430 1537 490 1567 hoc
506 1536 642 1575 perverti
660 1535 752 1573 ordo;
775 1535 850 1575 quia
863 1535 971 1565 anima

199 1593 245 1622 est
259 1599 355 1630 supra
366 1589 550 1628 hujusmodi
560 1591 738 1618 creaturas:
755 1597 833 1627 ergo
843 1588 868 1617 si
884 1588 928 1617 eis
939 1596 972 1617 se

200 1643 338 1683 subjicit,
354 1642 545 1682 pervertitur
561 1641 593 1671 in
608 1641 667 1671 hoe
683 1641 759 1671 ordo
777 1642 940 1672 naturalis.

240 1695 332 1735 Resp.
359 1695 548 1730 Dicendum,
574 1694 658 1733 quoii
680 1694 835 1732 subjicere
866 1705 897 1725 se
922 1696 972 1726 his

201 1749 297 1780 rebus
317 1751 416 1788 potest
436 1748 533 1778 homo
554 1749 693 1786 quatuor
713 1747 972 1779 considerationi-

200 1802 260 1832 bus
269 1811 276 1831 :
286 1804 341 1832 aut
349 1804 474 1840 propter
485 1800 601 1839 peccati
611 1800 759 1829 meritum
769 1810 775 1836 ς
784 1803 839 1830 aut
848 1804 973 1841 propter

201 1854 254 1885 Dei
278 1856 489 1894 praeceptum;
517 1855 573 1883 aut
594 1853 668 1892 quia
691 1855 765 1883 sunt
791 1855 904 1892 gratiae
928 1856 972 1885 si—

201 1917 323 1946 gnum3
340 1909 395 1937 aut
410 1906 484 1946 quia
501 1906 533 1936 in
547 1906 591 1936 eis
610 1906 720 1935 statuit
733 1916 899 1937 summum
912 1908 971 1938 bo-

201 1969 296 1997 num,
319 1962 349 1989 et
370 1960 467 1989 finem
487 1959 649 1989 ultimum.
675 1958 787 1989 Primis
811 1961 914 1991 tribus
935 1963 973 1992 (le

202 2013 305 2043 causis
318 2014 364 2043 est
378 2012 588 2049 meritorium,
605 2014 636 2041 et
650 2012 738 2042 nulla
752 2012 947 2045 inordinatio
965 2027 970 2045 :

202 2074 277 2096 nam
292 2074 366 2095 cum
381 2067 508 2104 propter
519 2065 635 2104 peccati
650 2064 840 2095 demeritum
851 2091 859 2104 ,
874 2069 904 2097 et
918 2068 973 2098 Dei

201 2120 416 2158 praeceptum,
441 2118 538 2148 homo
559 2119 762 2148 sacramentis
777 2128 808 2149 se
828 2120 971 2159 subjicit,

203 2171 280 2212 quia
294 2173 369 2202 sunt
381 2171 493 2210 gratiae
512 2170 643 2209 signum
657 2195 664 2207 ,
679 2171 783 2210 magis
798 2176 971 2212 prae-cepto,

203 2232 301 2263 quam
320 2223 367 2254 rei
381 2223 555 2253 insensibili
570 2232 602 2253 se
624 2223 750 2262 subjicit
768 2233 775 2254 :
792 2226 822 2254 et
836 2225 905 2255 ideo
928 2229 974 2257 est

203 2275 370 2307 ordinatio.
403 2275 441 2307 Et
467 2276 522 2316 qui
549 2278 677 2316 propter
705 2277 973 2315 significationem

205 2329 331 2369 subjicit
345 2338 394 2365 se,
410 2329 514 2368 magis
526 2329 653 2368 subjicit
667 2338 699 2359 se
712 2329 838 2367 signato
851 2354 858 2367 ⁷
875 2340 973 2370 quam

204 2382 308 2421 signo.
336 2382 396 2414 Sed
420 2382 454 2413 in
481 2384 593 2421 quarta
621 2382 870 2414 consideratione
896 2385 973 2415 ordo

204 2436 413 2475 pervertitur,
442 2438 473 2467 et
495 2439 540 2467 est
565 2438 731 2476 peceatum
757 2448 763 2467 ε
790 2439 821 2467 et
844 2438 887 2468 sic
909 2448 973 2469 non

205 2489 323 2528 spectat
337 2489 376 2520 ad
390 2489 599 2530 propositum.

239 2568 245 2584 ¹
265 2568 346 2597 Alex,
362 2576 387 2599 p.
408 2575 443 2597 iv,
460 2576 485 2599 q.
502 2575 557 2596 iiii,
573 2569 666 2593 memb.
683 2571 707 2599 2,
725 2572 772 2593 art.
788 2572 810 2594 Ἀ.
828 2584 855 2587 -
871 2572 879 2587 ¹
898 2572 972 2602 Hug„

207 2602 248 2627 lib.
265 2603 284 2632 1,
296 2611 320 2634 p.
334 2610 368 2630 ix.
383 2612 406 2627 e.
420 2610 485 2628 vi.—-
496 2605 529 2634 (a)
543 2604 674 2628 EdiLt'en.
692 2605 817 2635 indignus.

763 139 1071 172 SENTENTIARUM
1093 139 1165 171 LIB.
1194 140 1243 170 lv.

1343 267 1410 288 DUB.
1434 266 1478 288 IX.

1023 343 1105 366 Homo
1118 342 1186 366 enim
1201 344 1258 367 ante
1273 346 1404 374 peccatum
1421 344 1475 367 sine
1491 343 1575 368 medio
1588 345 1669 368 Deum
1681 343 1791 368 videbat.

1060 416 1190 448 Videtur
1214 418 1316 449 dicere
1348 419 1481 456 salsum,
1511 419 1588 458 quia
1620 419 1676 458 qui
1705 418 1792 450 videt

1022 470 1121 501 Deum
1142 481 1197 511 per
1217 472 1399 508 essentiam,
1427 472 1512 502 videt
1535 472 1630 502 etiam
1653 472 1730 502 facie
1752 472 1790 502 ad

1021 524 1132 554 faciem
1147 536 1152 554 :
1166 526 1218 556 sed
1227 526 1331 556 omnis
1344 526 1412 556 talis
1421 529 1465 556 est
1476 526 1586 556 beatus
1600 537 1606 556 ι
1620 534 1697 564 ergo
1708 549 1716 563 ,
1728 526 1787 555 etc.

1062 576 1153 616 Resp.
1182 578 1354 608 Dicendum
1377 578 1460 617 quod
1490 578 1597 608 videre
1624 578 1692 608 sine
1719 587 1791 609 me-

1021 629 1072 659 dio
1092 632 1138 660 est
1158 630 1324 670 dupliciter
1341 640 1348 660 :
1365 633 1420 661 aut
1441 631 1508 660 sine
1523 631 1627 661 medio
1650 631 1789 661 admini-

1021 682 1163 720 culante,
1188 686 1245 714 aut
1262 684 1330 714 sine
1349 684 1452 714 medio
1473 684 1693 715 obumbrante.
1719 683 1791 715 Pri—

1022 745 1111 766 mum
1150 737 1290 767 medium
1324 739 1369 767 est
1395 737 1579 777 speculare3
1611 737 1786 768 secundum

1021 789 1273 828 aenigmaticum.
1299 790 1372 820 Sine
1391 790 1493 830 primo
1508 799 1570 821 non
1592 791 1787 829 erath0n103

1022 843 1074 873 sed
1091 846 1157 873 erat
1180 844 1248 875 sine
1270 845 1426 882 secundo,
1450 845 1482 875 in
1500 845 1583 884 quod
1603 846 1711 876 incidit
1735 855 1791 885 per

1022 899 1186 936 peccatum
1203 909 1210 927 :
1227 900 1257 928 et
1274 898 1357 935 ideo,
1377 898 1452 937 quia
1472 907 1575 928 caecus
1594 901 1681 936 erat,
1707 898 1791 929 indi-

1022 959 1083 988 gus
1099 951 1137 986 (α)
1155 952 1221 980 erat
1236 951 1357 981 crudiri
1372 953 1403 981 et
1418 951 1610 988 manuduci·,
1627 960 1692 982 non
1705 951 1792 982 sicin

1022 1006 1103 1033 statu
1119 1003 1234 1042 primo.

1340 1110 1408 1132 DUB.
1432 1110 1464 1132 X.

1075 1185 1181 1215 Propter
1196 1185 1403 1209 exercitationem
1419 1186 1532 1209 similiter
1546 1186 1659 1210 instituta
1672 1188 1738 1211 sunt.

1066 1268 1178 1298 Contra
1196 1279 1202 1298 t
1221 1269 1294 1308 quia
1309 1270 1334 1298 si
1348 1269 1408 1299 hoc
1422 1278 1536 1299 verum
1553 1271 1598 1299 est
1612 1293 1620 1306 ,
1640 1278 1715 1299 cum
1728 1278 1794 1301 cor-

1026 1321 1142 1360 poralis
1156 1321 1337 1351 exercitatio
1352 1322 1390 1352 ad
1404 1321 1566 1352 modicum
1579 1322 1619 1352 sit
1641 1321 1740 1359 utilis,
1765 1324 1796 1353 et

1026 1383 1099 1404 cum
1112 1376 1308 1404 sacramenta
1320 1374 1382 1404 sint
1396 1375 1573 1414 corporales
1585 1384 1650 1413 res;
1665 1384 1744 1414 ergo
1756 1376 1795 1407 ad

1026 1427 1186 1458 modicum
1221 1429 1297 1457 sunt
1320 1427 1409 1458 utilia
1439 1430 1567 1468 propter
1595 1429 1796 1459 exercitatio-

1027 1490 1112 1511 nem.

1068 1534 1159 1573 Resp.
1186 1534 1359 1564 Dicendum
1381 1535 1466 1574 quod
1489 1535 1655 1565 exercitari
1680 1536 1713 1566 in
1736 1536 1796 1567 ob-

1026 1587 1182 1617 servantia
1191 1587 1332 1626 ipsorum
1341 1591 1611 1617 sacramentorum
1622 1590 1723 1626 potest
1729 1597 1796 1620 esse

1027 1640 1193 1679 dupliciter
1210 1650 1216 1669 z
1235 1642 1289 1670 aut
1310 1641 1342 1670 in
1358 1640 1423 1670 solo
1438 1640 1586 1670 exteriori
1602 1640 1665 1670 ritu
1679 1664 1686 1677 ‚
1708 1643 1738 1671 et
1753 1641 1796 1671 sic

1027 1693 1065 1722 ad
1095 1693 1255 1723 modicum
1280 1693 1381 1730 valet3
1409 1696 1463 1723 aut
1487 1694 1598 1732 juncta
1627 1693 1795 1724 devotione

1029 1747 1143 1777 mentis
1154 1771 1161 1783 ,
1179 1749 1209 1777 et
1224 1748 1268 1776 sic
1282 1756 1346 1777 non
1363 1749 1409 1777 est
1423 1747 1594 1786 corporalis
1605 1771 1613 1784 ,
1631 1746 1684 1776 sed
1699 1747 1795 1778 etiam

1028 1801 1167 1840 quodam
1184 1800 1277 1831 modo
1296 1800 1484 1840 spirituum,
1502 1809 1538 1830 ae
1555 1809 1610 1839 per
1631 1799 1693 1830 hoc
1710 1800 1797 1831 mul-

1027 1856 1097 1883 tum
1113 1853 1211 1883 utilis.

1348 1935 1416 1956 DUB.
1439 1935 1483 1956 XI.

1030 2007 1085 2030 Duo
1102 2007 1188 2030 nutem
1203 2006 1277 2034 sunt,
1295 2005 1321 2028 in
1336 2005 1427 2035 quibus
1450 2007 1637 2029 sacramentum
1661 2005 1795 2034 consistit,

1266 2040 1361 2064 scilieet
1375 2041 1453 2064 verba
1470 2043 1494 2064 et
1508 2048 1558 2064 res.

1070 2116 1198 2146 Videtur
1227 2115 1312 2155 quod
1336 2115 1417 2145 male
1445 2115 1581 2151 dividat,
1604 2116 1680 2154 quia
1702 2124 1797 2146 omne

1028 2170 1164 2200 verbum
1184 2171 1230 2199 est
1244 2177 1304 2199 reS.
1328 2168 1406 2198 Item
1423 2168 1550 2199 videtur
1570 2169 1656 2208 quod
1677 2169 1798 2200 dividat

1029 2223 1254 2254 insufficienter
1267 2246 1275 2259 ,
1294 2222 1368 2261 quia
1387 2221 1483 2260 Ilugo
1503 2222 1576 2251 dicit
1588 2222 1599 2238 ²
1612 2222 1698 2262 quod
1722 2231 1800 2252 con-

1029 2276 1144 2306 sistunt
1158 2275 1191 2305 in
1207 2275 1302 2305 rebus
1313 2298 1320 2311 ,
1341 2274 1431 2304 dictis
1446 2277 1475 2305 et
1489 2275 1588 2305 sactis.

1069 2328 1159 2367 Resp.
1178 2327 1350 2358 Dicendum
1366 2327 1452 2366 quod
1469 2336 1519 2357 res
1533 2329 1672 2358 arctatur
1692 2327 1744 2357 hic
1758 2328 1796 2358 ad

1029 2381 1181 2418 visibilia;
1198 2383 1227 2411 et
1243 2380 1391 2419 Magister
1406 2381 1544 2411 strictius
1559 2381 1671 2421 accipit
1693 2389 1798 2410 sacra-

1029 2436 1154 2472 menta,
1180 2442 1277 2473 quam
1302 2433 1414 2472 Ilugo,
1443 2434 1519 2473 quia
1546 2434 1598 2464 ille
1625 2432 1796 2472 accipiebat

1029 2496 1264 2528 quanicumque
1293 2486 1524 2517 institutionem
1557 2485 1730 2516 honestatis
1762 2484 1795 2515 in

1029 2542 1082 2573 Dei
1111 2539 1245 2571 Ecclesia
1269 2541 1506 2569 sacramentum
1528 2547 1613 2576 esse,
1645 2537 1793 2577 Magister

1029 2605 1105 2629 vero
1119 2594 1258 2626 strictius
1270 2593 1396 2634 accipit.

1813 604 1905 624 Hedium

1816 635 1832 653 zi
1843 635 1901 654 {cudi

1826 668 1848 687 lli
1858 673 1892 686 um

1814 698 1900 723 duplex.
