2017 2948
286 186 325 215 80
864 184 1174 218 SENTENTIARUM
1197 187 1270 219 LIB.
1294 188 1346 220 111.

277 251 356 292 :tatis
384 260 390 280 :
407 250 432 280 si
457 250 562 290 primo
587 250 681 282 modo
691 275 699 289 ‚
722 260 801 290 ergo
823 261 897 282 cum
923 254 1054 292 majoris

284 304 482 342 perfectionis
495 305 535 335 sit
550 305 698 336 fortitudo
713 315 808 345 quani
825 306 1004 344 consilium,
1025 310 1055 337 ct

283 356 381 394 pietas
396 366 493 397 quam
509 358 649 396 scientia,
667 358 816 389 deberent
838 359 866 390 ei
892 361 1052 400 praeponi,

283 412 313 440 ct
328 420 392 441 non
406 413 549 452 postponi
562 422 571 451 ;
587 413 612 442 si
627 413 800 443 secundun}
813 414 957 444 ordinem
973 414 1055 453 prio-

283 463 382 494 ritatis
397 468 426 495 et
442 467 695 505 posterioritatis,
716 467 758 497 sic
779 476 852 497 cum
876 467 952 498 illud
969 467 1054 507 quod

283 520 328 547 est
343 527 383 548 ex
399 522 487 558 parte
503 520 686 558 cognitivae,
704 521 860 560 praecedat
876 520 954 551 illud
970 520 1054 560 quod

282 573 379 601 estex
404 575 489 612 parte
509 573 681 611 affectivae,
706 574 832 604 videtur
855 574 939 612 quod
961 574 1055 604 intel-

282 623 380 654 lectus
397 626 538 665 prseponi
554 626 665 656 debeat
679 627 853 666 sapientiae.
873 626 961 663 Quod
977 627 1002 657 si
1018 630 1054 658 tu

281 679 380 717 dicas,
398 681 481 720 quod
498 682 673 711 intellectus
684 682 881 722 praeponitur
891 683 1053 722 sapientiae

282 732 314 761 in
344 734 538 764 ascendendo
558 758 568 772 ,
599 738 673 765 tunc
703 736 847 767 similiter
878 737 1051 776 quaeritur,

281 795 378 824 quare
407 796 471 817 non
496 789 693 827 praeponitur
715 790 844 820 scientia
868 791 1002 830 pietati,
1024 793 1053 821 et

281 838 448 869 consilium
459 840 632 871 fortitudini
646 841 678 871 in
691 843 898 881 ascendendo,
918 844 971 874 sed
988 852 1054 874 ma-

281 891 332 929 gis
349 900 365 922 e
382 894 551 925 contrario.

321 947 350 974 4.
369 944 457 984 Item,
475 947 622 986 objicitur
637 951 747 979 contra
761 950 1026 981 combinationem
1043 962 1050 981 ι

280 997 354 1036 quia
368 998 496 1030 habitus
506 1000 662 1032 virtutum
679 1002 720 1033 ad
736 1003 873 1033 invicem
889 1012 953 1033 non
971 1013 1054 1034 com-

279 1052 441 1091 binantur,
458 1055 523 1085 imo
539 1055 704 1095 sigillatim
720 1057 964 1097 distinguuntur
982 1070 988 1089 z
1007 1068 1054 1089 er-

280 1115 323 1144 go
336 1107 405 1145 pari
420 1108 542 1139 ratione
557 1119 615 1140 nec
630 1110 758 1141 habitus
775 1112 944 1142 donorum.

319 1161 347 1190 5.
366 1160 454 1199 Item,
470 1162 494 1191 si
510 1162 591 1193 dona
606 1164 830 1195 combinantur
843 1166 881 1195 ad
895 1165 1030 1195 invicem
1043 1189 1052 1203 ,

279 1222 352 1242 eum
367 1214 560 1245 combinatio
573 1225 637 1246 non
648 1217 686 1247 sit
697 1217 755 1247 nisi
773 1218 805 1248 in
821 1228 955 1249 numero
970 1219 1049 1258 pari,

278 1276 357 1305 crgo
368 1267 494 1298 videtur
509 1269 593 1308 quod
609 1269 759 1301 deberent
771 1280 838 1302 csse
852 1271 945 1311 plura
952 1281 1049 1312 quam

279 1322 410 1359 septem.

319 1375 347 1403 6.
365 1373 462 1412 ltem,
489 1384 561 1404 cum
582 1376 745 1415 quodlibet
766 1377 887 1408 bonum
910 1380 1054 1418 spectans

278 1424 317 1454 ad
330 1424 529 1455 affectionem
540 1426 655 1457 habeat
665 1437 761 1458 suum
772 1428 960 1459 directivuni
976 1438 1050 1459 cum

279 1486 342 1516 quo
357 1478 568 1517 combinetur,
586 1480 713 1510 videtur
728 1481 813 1520 quod
828 1483 859 1511 et
875 1482 995 1512 donum
1012 1483 1052 1512 ti—

279 1531 377 1561 moris
394 1532 521 1562 deberet
535 1542 632 1562 suum
644 1533 837 1564 directivum
849 1534 964 1565 habere
979 1544 1053 1565 cum

279 1592 342 1622 quo
359 1584 595 1616 combinaretur
614 1597 620 1616 z
638 1587 722 1626 quod
741 1588 767 1616 si
784 1596 848 1617 non
872 1587 985 1625 habet,
1004 1588 1049 1618 vi-

279 1636 371 1667 detur
385 1638 470 1677 quod
487 1648 545 1669 nec
561 1639 622 1669 alia
638 1640 788 1670 deberent
803 1640 920 1671 habere
938 1652 944 1671 :
961 1650 1053 1680 quae-

280 1689 360 1719 ritur
375 1699 455 1729 ergo
471 1700 543 1730 quae
560 1692 601 1722 sit
617 1693 696 1722 ratio
711 1694 911 1724 combinandi
927 1697 957 1725 et
973 1695 1054 1725 ordi-

279 1742 376 1772 nandi
389 1743 470 1773 dona
481 1767 487 1781 ,
500 1746 529 1774 et
540 1754 639 1784 quare
654 1747 761 1785 magis
772 1747 958 1785 hujusmodi
969 1757 1053 1778 com-

280 1795 397 1826 binatio
413 1799 443 1826 et
458 1798 534 1828 ordo
550 1799 755 1837 assignantur
769 1800 802 1830 in
819 1800 980 1831 habitibus
995 1801 1052 1832 do-

279 1856 394 1878 norum
405 1873 414 1887 ,
436 1859 533 1889 quain
548 1851 580 1881 in
600 1852 787 1883 differentiis
802 1853 939 1884 aliorum
957 1854 1050 1885 habi-

279 1903 373 1932 tuum
388 1903 614 1941 gratuitorum.

546 1993 771 2026 CONCLUSIO.

280 2063 356 2089 Dona
371 2062 490 2097 Spiritus
505 2067 593 2091 sancti
605 2068 673 2092 recte
685 2067 847 2094 ordinantur
860 2070 885 2094 ct
900 2070 1054 2096 combinan-

317 2110 369 2139 tur,
387 2108 531 2135 secundum
545 2109 614 2143 quod
624 2110 762 2136 ordinavit
771 2113 795 2137 et
805 2112 971 2139 combinavit
985 2114 1052 2140 Pro-

312 2152 411 2186 pheta,
438 2155 463 2179 εἰ
487 2154 555 2179 sicut
577 2155 668 2181 innuit
689 2156 817 2182 Dominus
838 2156 911 2190 apud
940 2158 1052 2192 Macth„

317 2204 377 2231 cap.
394 2205 419 2223 v.

320 2275 412 2315 Resp.
429 2276 468 2307 ad
481 2286 552 2316 arg.
567 2277 615 2308 Ad
629 2278 854 2317 praedictorum
871 2281 1053 2320 intelligen-

280 2329 356 2358 tiam
372 2332 418 2359 est
431 2330 608 2361 notandum
622 2354 629 2367 ‚
655 2332 741 2370 quod
756 2332 790 2362 in
804 2333 895 2364 donis
914 2336 961 2363 est
975 2333 1052 2364 ordo

280 2385 453 2413 secundum
467 2384 604 2422 gradum
618 2385 812 2416 excellentiae
823 2388 854 2416 et
864 2386 1029 2425 dignitatis
1043 2398 1050 2417 :

280 2437 310 2465 et
324 2435 384 2466 hoc
398 2439 555 2476 quantuni
571 2437 610 2468 ad
625 2438 768 2477 ipsorum
783 2439 941 2470 donorum
957 2449 1051 2478 usuS,

280 2489 455 2520 secundum
478 2499 558 2530 quos
588 2491 695 2521 anima
724 2492 818 2522 habet
846 2493 991 2524 collocari
1020 2494 1053 2524 in

280 2544 363 2572 statu
386 2544 563 2582 perfectiori
581 2546 611 2575 et
625 2544 766 2584 dIgniori
782 2569 790 2583 ‚
809 2549 917 2585 utpote
934 2556 1052 2577 secun-

280 2594 357 2625 dum
380 2606 476 2626 usum
499 2597 573 2627 doni
594 2597 757 2636 sapientia}
779 2598 874 2629 altius
894 2599 1050 2636 elevatur,

315 2656 321 2671 ¹
334 2656 485 2686 August..‚de
497 2657 613 2680 Sermone
625 2657 726 2681 Domini
742 2665 766 2680 zu
785 2661 872 2687 niente,
888 2659 931 2683 lib.
949 2660 968 2683 l.
983 2667 1004 2683 e.
1019 2664 1051 2685 ιν,

1112 264 1207 294 quam
1238 256 1413 287 secundum
1443 267 1539 289 usum
1568 258 1641 289 doni
1669 260 1805 293 timoris.
1833 262 1881 293 Ad

1113 316 1207 337 usum
1223 310 1307 339 enim
1322 309 1406 340 illius
1421 310 1493 341 doni
1510 321 1528 341 a
1543 312 1671 343 nemine
1684 315 1879 353 pervenitur,

1111 360 1172 390 nisi
1198 362 1285 400 prius
1307 363 1339 392 in
1360 372 1424 394 usu
1445 364 1567 394 timoris
1588 366 1774 397 exercitium
1796 377 1879 408 prae·

1110 414 1266 445 mittatur.
1285 416 1364 446 Cum
1379 417 1479 455 igitur
1494 417 1524 447 in
1540 418 1584 448 eis
1605 419 1646 449 sit
1667 420 1744 450 ordo
1768 430 1881 452 secun-

1110 467 1186 497 dum
1210 468 1328 506 gradus
1349 470 1543 501 excellentiae
1564 473 1595 502 et
1614 472 1796 511 dignitatis;
1816 483 1881 505 non

1110 530 1200 558 casu,
1229 524 1259 552 et
1290 523 1435 561 fortuna,
1459 524 1512 554 sed
1536 524 1626 556 valde
1654 527 1882 558 rationabiliter

1110 574 1256 612 quaedain
1272 575 1354 606 dona
1374 577 1565 616 quibusdam
1587 577 1656 608 aliis
1679 580 1879 618 praemittun-

1110 625 1172 661 tur,
1185 628 1215 655 et
1229 626 1321 656 modo
1332 627 1387 665 sic,
1402 628 1495 658 modo
1505 629 1662 660 contrarie
1672 630 1860 662 ordinantur
1870 655 1879 670 ,

1110 687 1173 708 non
1188 683 1316 719 propter
1335 681 1646 720 praeposterationem
1665 682 1803 721 ordinis,
1827 683 1881 714 sed

1109 734 1237 770 propter
1251 732 1410 763 diversam
1426 733 1581 764 rationem
1598 734 1778 766 ordinandi.
1795 735 1882 768 Sicut

1109 787 1193 817 enim
1210 788 1283 818 dicit
1302 789 1520 827 Augustinus,
1536 789 1574 821 de
1590 790 1735 822 Sermone
1750 791 1882 824 Domini

1109 840 1145 871 in
1159 846 1263 872 monte
1276 842 1296 879 ¹,
1320 842 1494 881 aliquando
1508 843 1708 874 enumeratio
1722 843 1881 876 donorum

1109 893 1217 933 incipit
1231 894 1270 924 ab
1286 894 1413 931 intimo,
1431 897 1540 934 utpote
1555 905 1573 925 a
1588 896 1804 935 timore,sicut
1818 898 1878 929 Do-

1110 946 1215 976 minus
1229 947 1333 978 innuit
1344 948 1377 978 in
1391 948 1540 980 Matthoeo
1550 958 1563 987 ,·
1576 948 1746 988 aliquando
1762 959 1780 980 a
1794 959 1881 981 sum-

1110 1008 1181 1036 mo,
1210 1003 1315 1039 utpote
1336 1010 1354 1030 a
1375 1002 1544 1041 sapientia,
1567 1002 1647 1032 sicut
1672 1002 1821 1034 scribitur
1847 1004 1882 1034 in

1109 1052 1198 1084 Isat'a
1212 1056 1366 1093 :uterque
1382 1056 1489 1085 tamen
1504 1054 1617 1085 modus
1632 1055 1799 1086 ordinandi
1811 1065 1880 1087 rec-

1109 1108 1160 1136 tus
1174 1108 1205 1136 et
1219 1115 1381 1145 congruus
1395 1110 1452 1137 est.
1471 1107 1508 1137 Et
1520 1107 1580 1138 hoc
1595 1108 1712 1148 triplici
1732 1109 1853 1140 ratione
1870 1119 1879 1141 z

1110 1161 1177 1189 tum
1206 1162 1334 1199 propter
1361 1160 1523 1191 diversum
1552 1161 1682 1192 niodum
1706 1162 1881 1202 accipiendi

1109 1212 1198 1251 prius
1221 1215 1251 1243 et
1274 1214 1445 1252 posterius,
1472 1217 1540 1244 tum
1565 1217 1694 1254 propter
1715 1215 1881 1247 diversita-

1109 1271 1173 1298 tem
1195 1269 1280 1299 modi
1296 1270 1495 1306 ascendendi,
1514 1272 1544 1300 et
1559 1270 1767 1302 descendendi
1784 1280 1803 1302 a
1824 1281 1879 1302 su—

1110 1320 1225 1358 periori
1245 1321 1285 1351 ad
1308 1321 1458 1359 inseriu53
1482 1325 1549 1352 tum
1565 1325 1694 1362 propter
1717 1323 1883 1354 diversita-

1109 1375 1173 1403 tem
1199 1374 1429 1413 principiorum
1449 1377 1593 1414 respectu
1617 1375 1717 1415 ipsius
1739 1376 1880 1407 habitus.

1110 1425 1216 1456 Primo
1232 1429 1360 1466 propter
1381 1427 1545 1458 diversum
1564 1428 1696 1459 modum
1711 1429 1883 1469 accipiendi

1109 1480 1197 1518 prius
1212 1483 1242 1510 et
1257 1480 1425 1519 posterius,
1442 1481 1606 1520 quoniam,
1624 1481 1705 1513 sicut
1721 1482 1789 1513 vult
1811 1481 1883 1513 Phi-

1108 1533 1260 1572 losophus
1271 1534 1292 1571 ²,
1310 1534 1429 1574 aliquid
1451 1537 1496 1565 est
1519 1535 1607 1574 prins
1629 1536 1836 1574 generatione
1851 1538 1883 1567 et

1108 1588 1262 1626 tempore,
1285 1586 1404 1626 aliquid
1427 1590 1473 1617 est.
1497 1588 1586 1627 prius
1605 1588 1836 1627 complemento
1851 1591 1882 1619 et

1109 1639 1308 1677 diffinitione,
1320 1640 1386 1670 sive
1401 1640 1568 1679 dignitate.
1588 1641 1696 1672 Primo
1712 1642 1805 1672 modo
1821 1642 1879 1672 do—

1109 1702 1187 1722 num
1206 1692 1328 1723 timoris
1339 1695 1385 1723 est
1392 1693 1534 1733 primum
1549 1697 1705 1733 quantum
1718 1694 1756 1725 ad
1767 1703 1880 1732 usum3

1109 1746 1246 1776 secundo
1271 1755 1349 1776 vero
1370 1746 1475 1783 modo,
1499 1747 1620 1778 donum
1649 1748 1822 1787 sapientiae.
1844 1747 1884 1778 Et

1109 1799 1285 1829 secundum
1304 1800 1386 1830 hanc
1409 1799 1566 1839 duplicem
1580 1801 1794 1840 acceptionem
1812 1802 1882 1841 ers

1109 1853 1193 1892 quod
1208 1855 1254 1882 est
1269 1853 1357 1892 prius
1367 1876 1375 1889 ‚
1389 1853 1466 1883 ordo
1481 1853 1638 1884 donorum
1653 1853 1820 1893 dupliciter
1836 1863 1882 1884 as-

1109 1906 1265 1945 signatur,
1286 1905 1336 1936 vel
1357 1908 1403 1936 est
1422 1906 1541 1945 duplex
1558 1917 1564 1936 :
1583 1909 1614 1937 et
1627 1909 1764 1946 utroque
1787 1907 1882 1938 modo

1110 1958 1339 1990 rationabiliter
1363 1959 1541 1989 inchoatur.
1564 1958 1729 1996 Similiter,
1753 1962 1882 2000 propter

1110 2013 1273 2043 diversum
1302 2012 1434 2043 modum
1464 2012 1652 2043 ascendendi
1686 2015 1718 2043 et
1749 2012 1882 2044 descen-

1109 2065 1213 2102 dendi,
1230 2065 1349 2095 habent
1372 2065 1584 2096 diversimode
1611 2065 1751 2096 ordinari
1776 2076 1783 2096 z
1806 2066 1882 2105 quia

1109 2118 1195 2148 enim
1210 2118 1244 2148 in
1261 2118 1351 2148 donis
1367 2118 1573 2148 attenduntur
1588 2118 1708 2157 gradus
1722 2117 1882 2148 excelien-

1110 2171 1161 2200 tiae
1175 2172 1206 2201 et
1222 2170 1400 2209 dignitatis,
1422 2173 1452 2200 et
1475 2171 1552 2201 ordo
1568 2171 1601 2201 in
1623 2171 1820 2202 ascendendo
1836 2174 1882 2202 est

1109 2224 1148 2253 ab
1172 2223 1314 2254 inferiori
1341 2224 1379 2254 ad
1409 2224 1575 2263 superius,
1606 2224 1639 2254 in
1665 2224 1881 2255 descendendo

1110 2286 1185 2307 vero
1209 2279 1255 2307 est
1277 2287 1295 2307 a
1318 2277 1474 2316 superlori
1495 2277 1534 2308 ad
1558 2277 1710 2316 inferius3
1739 2277 1814 2308 hinc
1834 2280 1882 2309 est

1109 2330 1193 2370 quod
1209 2330 1381 2370 aliquando
1405 2330 1606 2369 praemittitur
1627 2330 1747 2361 donum
1769 2339 1880 2370 supre-

1110 2394 1220 2422 mum,
1244 2383 1413 2423 aliquando
1437 2383 1606 2423 infimum3
1630 2386 1804 2424 utrumque
1831 2386 1880 2414 ta-

1109 2447 1184 2468 men
1199 2438 1235 2467 fit
1248 2437 1422 2467 secundum
1439 2437 1582 2467 ordinem
1606 2439 1728 2468 rectum
1749 2439 1780 2467 et
1803 2445 1877 2468 con-

1109 2500 1242 2530 gruum.
1257 2489 1389 2530 Propter
1411 2490 1623 2521 diversitatem
1639 2492 1747 2520 autem
1761 2490 1880 2529 princi-

1109 2544 1151 2584 pii
1169 2543 1343 2580 efficientis,
1359 2546 1390 2574 et
1411 2543 1544 2582 subJecti
1564 2542 1773 2581 suscipientis,
1795 2542 1880 2573 simi-

1110 2631 1134 2647 n.
1156 2628 1189 2647 ιι.
1205 2637 1232 2640 -
1243 2624 1253 2639 ²
1269 2623 1355 2647 Arist..
1372 2622 1491 2653 Metaplz„
1506 2622 1548 2645 lib.
1566 2622 1596 2646 V,
1609 2624 1678 2646 cont.
1695 2627 1748 2652 ΠΙ,
1764 2628 1796 2645 ex
1806 2621 1879 2645 Poet-

1105 2658 1221 2689 praedic„
1233 2666 1255 2682 c.
1270 2658 1299 2681 dc
1314 2658 1407 2687 Prion-4
1423 2659 1447 2680 et
1461 2656 1579 2687 Metapa„
1590 2657 1634 2680 lib.
1650 2657 1681 2688 V,
1696 2664 1718 2680 c.
1734 2662 1781 2680 xit.
