2017 2948
63 1747 96 1768 Ad
115 1753 165 1775 opp.

569 177 666 208 DIST.
690 176 752 208 XV.
778 175 887 207 PART.
911 175 936 206 lI

166 249 197 278 et
211 246 343 277 veniens
357 254 397 276 ex
408 244 558 276 mandato
568 244 722 284 injuncto,
739 245 769 274 et
783 243 869 274 hunc
881 243 936 273 de-

165 300 278 332 bemus
293 308 348 339 per
362 298 574 329 obedientiam
595 300 624 328 et
645 297 889 336 subJectione1n3
907 298 937 326 ct

166 354 299 384 veniens
315 362 355 384 ex
371 352 543 392 majestatis
563 351 712 391 imperio,
737 352 766 380 et
781 350 867 380 hunc
882 349 934 379 de-

168 407 280 438 bemus
303 415 359 446 per
380 405 480 436 Iatriae
502 404 734 441 adorationem
758 406 788 433 et
808 401 938 433 veniens

168 461 262 491 etiam
287 469 327 491 ex
351 461 476 499 peccato
499 457 683 493 commisso,
708 458 739 486 et
758 456 815 486 iste
835 455 939 485 honor
967 461 969 463 ’

168 513 309 544 redditur
332 512 395 542 Deo
417 521 473 551 per
497 511 647 551 suiipsius
670 509 868 549 punitionem
886 519 892 537 :
910 510 938 537 et

169 567 230 598 hoc
243 568 289 596 est
302 567 334 596 in
347 566 566 596 satisfactione.

210 622 238 650 ⁶2.
257 619 305 650 Ad
324 619 401 650 illud
422 618 507 659 quod
524 617 680 657 objicitur.
701 615 785 656 quod
800 623 864 645 non
884 614 941 645 de-

170 673 302 704 lectatur
317 673 349 703 in
368 673 470 712 poenis
485 672 580 708 Deus;
599 669 768 701 dicendum
786 668 870 708 quod
884 676 938 698 ve-

171 735 244 757 rum
259 728 305 756 est
319 736 356 756 ea
369 726 490 756 ratione
503 734 566 764 qua
579 732 691 764 poenae,
706 722 759 753 sed
772 731 809 752 ea
821 721 943 751 ratione

171 788 236 819 qua
250 781 395 809 curantes
407 779 532 818 culpam
543 779 695 813 nostram,
708 778 737 806 et
751 776 944 805 honorantes

172 831 313 862 divinam
325 832 493 871 jiistitiam‚
511 831 590 861 bene
603 829 775 860 delectatur
790 828 822 858 in
837 828 893 858 eis.

214 887 242 915 3.
265 885 312 915 Ad
334 885 419 915 aliud
440 884 607 915 dicendum
628 882 727 923 quod,
752 881 809 912 etsi
825 881 858 911 in
873 880 945 920 qui—

173 937 306 969 busdam
330 938 465 978 peccatis
489 938 655 968 comitetur
682 935 826 972 tristitia,
854 934 946 965 radix

174 993 281 1022 tamen
295 994 341 1022 est
356 1001 396 1022 ex
409 991 612 1022 delectatione
626 989 804 1020 libidinosa.

214 1048 244 1076 4.
270 1046 317 1076 Ad
338 1046 488 1076 ultimum
512 1044 696 1078 dicendum,
721 1041 806 1081 quod
828 1039 947 1079 aliquid

175 1102 221 1130 est
235 1099 360 1138 poenale
374 1101 512 1135 naturae,
531 1097 606 1136 quia
621 1098 736 1126 natura
750 1096 812 1129 est,
836 1095 948 1133 utputa

172 1151 287 1191 jejunii
303 1151 502 1187 abstinentia,
523 1152 553 1180 et
570 1148 712 1188 erogatio
728 1149 897 1184 bonorum,
915 1146 947 1176 in

175 1205 293 1244 quibus
308 1206 503 1235 sustentatur
522 1204 664 1234 humana
683 1201 866 1238 infirmitas;
888 1199 947 1230 ali-

176 1258 252 1298 quid
267 1258 386 1288 ratione
401 1257 513 1296 culpae,
531 1259 561 1286 et
576 1254 817 1286 inordinationis
834 1253 948 1284 volun-

178 1311 259 1341 tatiS.
283 1310 390 1341 Prima
411 1310 577 1350 poenalitas
595 1308 762 1348 respicitur
783 1316 840 1347 per
861 1316 894 1337 se
916 1306 949 1335 iu

178 1363 401 1401 satisfactione;
426 1362 563 1394 secunda
585 1371 661 1393 vero
684 1370 747 1391 non
765 1371 771 1391 :
788 1362 818 1390 et
837 1359 875 1390 de
890 1359 950 1389 ista

178 1416 315 1448 secunda
331 1416 470 1456 opponit.

427 1527 630 1565 QUAEsrio
653 1526 710 1558 iv.

180 1613 220 1640 An
235 1612 388 1644 satisfactio
404 1611 494 1638 debeat
506 1612 564 1644 fieri
576 1617 626 1645 per
633 1609 775 1644 jejunium,
791 1609 947 1639 oracionem,

443 1658 466 1681 et
479 1656 663 1688 eleemosynam
678 1654 694 1680 ¹.

220 1737 280 1768 Per
301 1746 373 1777 quae
398 1746 495 1777 opera
517 1737 682 1775 contingat
705 1736 881 1766 satisfacere
898 1746 904 1765 :
925 1737 955 1766 et

181 1790 389 1829 assignantur
409 1791 483 1828 tria,
507 1790 623 1820 scilicet
640 1789 816 1828 JeJunium‚
841 1788 953 1825 oratio,

182 1845 213 1874 et
227 1844 437 1883 eleemosyna.
459 1843 497 1873 Et
511 1843 658 1881 objicitur
679 1842 781 1881 primo
801 1842 885 1881 qnod
905 1842 953 1872 vi-

183 1897 299 1928 dentur
322 1896 506 1936 superflua:
525 1895 645 1935 primo,
674 1895 794 1925 ratione
820 1895 955 1925 eleemo-

184 1960 289 1990 synae,
314 1950 389 1989 quia
408 1949 541 1979 dicitur²
558 1960 564 1978 :
583 1948 646 1979 Hoc
664 1956 760 1988 [lenus
781 1947 956 1980 <aemonio-

183 2013 256 2037 rum
269 2012 334 2036 non
348 2004 477 2043 ejicitur
491 2004 559 2034 nisi
571 2011 627 2042 per
642 2003 816 2034 orationem
830 2006 859 2034 et
869 2002 955 2041 jeju-

184 2058 292 2090 nium:
302 2060 332 2088 et
342 2066 406 2087 non
415 2057 487 2087 facit
497 2056 688 2086 mentionem
698 2055 736 2086 de
745 2055 955 2095 eleemosyna.

227 2114 256 2141 2.
275 2111 351 2141 Item
372 2110 584 2149 Hieronymus
606 2109 712 2147 dicim,
735 2109 817 2148 quod
835 2109 958 2148 Jejunio

187 2166 340 2194 sanantur
354 2166 455 2203 pestes
469 2162 624 2202 corporis,
647 2164 678 2192 et
696 2162 835 2193 oratione
857 2165 958 2203 pestes

188 2217 303 2248 mentis
317 2217 388 2248 :sed
403 2225 497 2247 omne
511 2218 675 2256 peccatum
686 2217 740 2246 aut
756 2217 802 2245 est
816 2216 848 2245 in
862 2225 959 2255 quan-

189 2273 258 2301 tum
273 2271 389 2307 carnis,
407 2272 461 2300 aut
480 2270 609 2309 spiritus
623 2280 629 2299 :
648 2278 725 2309 ergo
741 2279 835 2300 omne
850 2279 957 2310 pecca-

189 2326 260 2355 tum
271 2323 540 2362 sanaturjeJuniQ
554 2325 608 2353 aut
619 2323 760 2353 oratione
773 2334 779 2353 :
792 2325 822 2353 et
832 2323 887 2360 sic,
900 2326 957 2354 etc.

231 2379 260 2407 3.
278 2376 355 2407 Item
370 2376 494 2406 videtur
509 2376 702 2415 superfluere
718 2376 818 2406 oratio
832 2379 862 2407 et
873 2377 958 2415 jeju-

191 2430 296 2467 nium,
314 2429 389 2469 quia
408 2429 541 2459 dicitur⁶
559 2440 564 2458 :
584 2429 660 2460 Date
680 2429 915 2469 eleemosynam,
933 2434 961 2461 ct

192 2492 257 2516 ecce
271 2483 379 2515 omnia
396 2481 517 2513 ¹munda
527 2485 603 2513 sunt
617 2481 704 2514 vobis
714 2491 724 2512 .·
736 2491 815 2521 ergo
829 2482 962 2514 eleemo-

226 2546 234 2562 ¹
262 2546 301 2575 Cf.
329 2545 399 2568 Alex.
423 2544 517 2573 Ateus„
543 2551 567 2574 p.
595 2544 640 2574 IV,
665 2551 690 2574 q.
711 2550 774 2574 xxv,
798 2545 906 2569 membr.
937 2548 961 2575 ¹}

193 2582 219 2606 S.
240 2582 340 2611 Thom„
358 2581 383 2603 iu
401 2580 488 2611 Suppl.
512 2587 536 2610 p.
557 2580 597 2607 ΙΙΙ,
617 2586 642 2610 q.
666 2585 706 2609 xv,
723 2582 769 2603 art.
788 2582 816 2611 ³;
831 2581 961 2611 Itichartl„

193 2616 225 2641 IV
241 2617 319 2646 Sene„
336 2616 394 2640 dist.
410 2621 451 2644 xv„
467 2623 491 2646 q.
508 2620 571 2645 vmj
587 2614 677 2638 Thom.
699 2616 812 2646 Argent„
836 2616 865 2639 iv
883 2616 960 2644 Sent„

194 2650 250 2677 dist.
263 2658 307 2682 xv,
322 2659 346 2683 q.
361 2658 380 2682 1,
390 2653 435 2675 art,
449 2652 478 2679 3;
492 2650 582 2680 steph.
594 2650 697 2680 Brnlef„
711 2651 743 2674 lv
758 2651 837 2679 Sem„
850 2651 907 2675 dist.
919 2657 964 2680 xv,

943 199 948 206 .
972 174 1061 206 ART.
1087 173 1125 205 II.
1146 173 1297 211 QUAEST.
1323 176 1361 207 IV

1700 178 1755 207 611

991 251 1070 281 syna
1091 243 1136 271 est
1157 243 1265 272 contra
1287 251 1381 273 omne
1403 244 1565 282 peccatum
1583 251 1590 274 :
1608 251 1687 282 ergo
1706 252 1760 274 su-

991 295 1152 335 perfluunt
1166 294 1237 324 alia.

1034 351 1062 379 4.
1081 348 1158 379 ltem
1174 347 1298 378 videtur
1313 348 1397 387 quod
1412 348 1583 387 diminuta,
1603 350 1677 389 quia
1692 359 1763 380 con-

994 401 1091 432 traria
1111 401 1275 431 contrariis
1291 403 1442 432 curantur
1461 412 1467 432 :
1484 403 1537 433 sed
1556 403 1656 434 inulto
1673 404 1764 443 plura

994 457 1068 485 sunt
1085 463 1203 493 genera
1221 457 1420 494 peccatorum
1439 466 1445 486 :
1462 464 1540 494 ergo
1559 457 1660 487 multo
1674 457 1766 496 plura

995 508 1146 539 remedia.

1037 563 1065 591 5.
1084 561 1161 591 Item
1174 570 1248 592 cum
1262 571 1341 601 opus
1358 562 1552 593 fortitudinis
1565 564 1595 593 et
1609 562 1766 602 patientiae

996 614 1037 644 sit
1059 614 1190 653 maioris
1209 615 1414 654 poenalitatis,
1440 615 1565 646 videtur
1590 616 1675 655 quod
1700 617 1768 655 eJus

997 676 1077 707 opus
1094 668 1134 697 sit
1148 669 1253 707 magis
1267 669 1518 707 satisfactorium,
1535 679 1631 709 quam
1647 670 1715 701 ista.

1038 723 1067 751 6.
1086 721 1163 751 Item
1178 722 1335 761 quaeritur
1354 723 1438 762 quod
1458 722 1591 753 istorum
1613 723 1710 754 trium
1730 723 1769 753 sit

999 774 1103 812 magis
1115 774 1372 813 satisfactoi'iun13
1384 777 1414 805 et
1425 775 1550 806 videtur
1560 777 1645 816 quod
1656 777 1767 815 oratio,
1799 792 1876 814 Qum.

1000 828 1075 867 quia
1093 827 1260 858 satisfactio
1281 828 1342 859 Deo
1362 829 1542 859 reconciliat
1568 841 1574 860 ε
1599 830 1653 860 sed
1669 831 1769 861 oratio
1786 820 1885 841 ¹‘¹¹⁸¹'³²³⁵'

1000 883 1048 911 est
1069 890 1141 920 quae
1163 881 1302 911 maxime
1324 882 1394 912 unit
1408 881 1470 912 Deo
1487 893 1492 911 :
1511 891 1605 921 ergo,
1629 885 1687 913 etc.
1712 883 1771 914 Sed

1001 933 1125 964 videtur
1139 934 1225 973 quod
1240 934 1419 973 Jejunium‚
1439 935 1514 974 quia
1535 935 1613 965 illud
1633 944 1713 974 opus
1727 938 1774 966 est

1002 989 1106 1027 magis
1125 989 1384 1026 satisfactorium,
1409 990 1491 1028 quod
1515 993 1562 1021 est.
1582 992 1686 1030 magis
1705 1001 1774 1031 poe-

1002 1041 1072 1071 nale
1085 1054 1090 1072 :
1103 1041 1157 1072 sed
1170 1041 1272 1080 magis
1284 1042 1407 1081 poenale
1418 1045 1463 1073 est
1474 1044 1537 1073 afssi
1542 1053 1619 1082 gere
1629 1053 1775 1076 carnem:

1003 1104 1093 1134 ergo,
1107 1097 1166 1125 etc.
1179 1094 1267 1131 Quod
1278 1098 1385 1125 autem
1395 1095 1606 1136 eleemosyna,
1619 1098 1774 1128 videtur⁵z

1003 1148 1123 1179 Ezerce
1149 1149 1284 1187 teipsum
1308 1148 1351 1179 ad
1372 1148 1521 1188 pietatem
1539 1160 1549 1179 :
1564 1151 1670 1189 pietas
1693 1153 1778 1184 enim

1004 1202 1086 1233 valet
1101 1201 1145 1233 acl
1160 1202 1268 1233 omnia
1284 1211 1293 1231 .·
1309 1210 1398 1241 ergo,
1417 1204 1475 1233 etc.

1045 1258 1072 1285 7.
1097 1254 1174 1286 Item
1190 1255 1339 1294 objicitur
1353 1256 1390 1286 de
1406 1257 1733 1297 peregrinationibus,
1749 1261 1779 1289 et

1005 1308 1139 1347 flagellis
1167 1309 1299 1346 divinis;
1330 1318 1402 1344 duae
1435 1319 1537 1349 poenae
1565 1310 1778 1342 satisfactoriae

1006 1364 1091 1399 sunt,
1109 1364 1139 1392 et
1153 1371 1216 1393 non
1232 1362 1382 1394 videntur
1397 1363 1455 1394 sub
1471 1363 1521 1394 his
1535 1364 1700 1396 contineri.

1286 1478 1500 1510 CONCLUSIO.

1008 1558 1169 1591 Satisfactio
1193 1560 1224 1592 fit
1243 1559 1368 1593 jejunio,
1392 1561 1532 1594 oratione,
1555 1562 1578 1587 et
1604 1561 1782 1596 eleemosyna,

1130 1610 1187 1629 cum
1200 1603 1235 1629 iis
1249 1603 1371 1630 omnibus
1385 1604 1586 1631 reconciliemur
1602 1605 1663 1632 Deo.

1051 1681 1142 1721 Resp.
1165 1681 1205 1712 ad
1219 1690 1291 1721 arg.
1313 1682 1487 1713 Dicendum
1510 1684 1595 1723 quod
1616 1684 1732 1722 oratio,
1754 1687 1786 1716 et

1007 1735 1184 1774 jejunium,
1206 1737 1236 1765 et
1250 1735 1466 1775 eleemosyna,
1491 1736 1653 1776 quodlibet
1667 1737 1784 1768 horum

1012 1787 1163 1827 accipitur
1183 1788 1326 1827 proprie,
1349 1789 1570 1827 communiter,
1592 1792 1622 1820 et
1637 1799 1785 1821 commu-

1013 1842 1152 1872 nissime.
1167 1841 1298 1881 Proprie
1309 1842 1408 1873 oratio
1417 1845 1463 1873 est
1477 1852 1624 1874 ascensus
1633 1845 1672 1875 ad
1687 1844 1784 1875 Deum
1814 1862 1886 1883 om„

1013 1895 1051 1925 ad
1068 1894 1187 1934 aliquid
1201 1894 1450 1934 degustandum,
1466 1896 1517 1926 vel
1537 1896 1784 1936 impetrandum,

1014 1948 1064 1979 vel
1079 1948 1308 1985 exolvendum3
1326 1949 1539 1980 communiter
1549 1950 1649 1980 oratio
1660 1951 1785 1988 dicitur,

1014 2001 1190 2032 secundum
1217 2002 1302 2041 quod
1325 2002 1562 2042 comprehendit
1584 2012 1712 2034 omnem
1736 2013 1788 2034 ac-

1015 2059 1083 2086 tum
1098 2055 1339 2095 contemplative
1354 2056 1394 2087 ad
1412 2056 1511 2087 Deum
1528 2057 1683 2095 relatum;
1700 2067 1786 2088 com-

1016 2109 1221 2146 munissime,
1245 2109 1419 2140 secundum
1443 2110 1529 2150 quod
1552 2111 1789 2150 comprehendit

1015 2171 1145 2193 omnem
1160 2162 1282 2193 bonum
1302 2164 1425 2200 actum,
1447 2163 1623 2194 secundum
1638 2164 1723 2204 quod
1738 2164 1789 2195 di-

1016 2216 1117 2247 citur⁸
1136 2227 1142 2246 :
1159 2215 1257 2246 «Non
1280 2219 1379 2246 cessat
1399 2225 1505 2254 orare,
1526 2217 1581 2256 qui
1604 2226 1668 2248 uon
1691 2220 1790 2248 cessat

1016 2270 1216 2306 benefacere,
1229 2279 1242 2297 ι)
1269 2269 1301 2299 in
1321 2269 1440 2300 Glossa.
1459 2268 1609 2300 Similiter
1627 2271 1787 2310 jejunium

1017 2322 1130 2353 dicitur
1159 2322 1285 2361 proprie
1317 2322 1447 2352 afflictio
1478 2323 1581 2352 carnis
1614 2323 1788 2354 secuudum

1019 2377 1167 2414 gustum
1184 2375 1396 2406 communiter
1410 2375 1514 2405 omnis
1529 2376 1631 2406 carius
1644 2376 1784 2415 afflictio,
1802 2395 1910 2422 Jejumun,

1018 2438 1091 2468 quae
1104 2428 1244 2458 consistit
1259 2428 1291 2458 in
1306 2428 1436 2467 vigiliis,
1454 2431 1484 2458 et
1499 2428 1644 2467 flagellis,
1661 2431 1691 2460 et
1701 2431 1786 2469 Jeju-

1020 2482 1081 2511 niis
1104 2481 1230 2521 proprie
1255 2481 1361 2516 dictim
1390 2482 1650 2513 communissime
1675 2483 1790 2514 dicitur

1020 2551 1044 2575 q.
1065 2550 1091 2573 κς
1114 2544 1179 2567 Petr.
1196 2543 1226 2566 de
1248 2544 1362 2572 'sat-aut„
1380 2543 1410 2567 IV
1429 2543 1507 2571 Seni„
1526 2543 1583 2567 dist.
1600 2550 1654 2575 xxi,
1672 2552 1696 2576 q.
1713 2553 1749 2570 xi.
1763 2559 1793 2564 —

1021 2580 1028 2594 ²
1039 2578 1137 2608 ΛΙαι(Ιι.,
1154 2585 1217 2608 xvu,
1233 2580 1271 2602 220.
1283 2591 1310 2595 —
1327 2578 1336 2593 ³
1349 2578 1429 2602 Gloss.
1441 2585 1517 2609 super
1528 2579 1642 2609 praediet.
1656 2587 1710 2611 cap.
1728 2582 1791 2605 llat-

1022 2614 1128 2638 thoei.—
1141 2614 1151 2630 θ
1162 2614 1228 2644 Luc„
1246 2619 1282 2644 xi,
1298 2615 1336 2638 4¹.
1352 2626 1377 2630 —-
1393 2613 1423 2636 ⁸1
1439 2614 1560 2644 T1·m.,1v,
1576 2616 1599 2646 7,
1612 2617 1633 2640 8,
1648 2630 1671 2632 —
1691 2617 1699 2630 ⁰
1711 2616 1792 2641 Closs.

1021 2657 1096 2680 Super
1114 2651 1119 2673 l
1139 2650 1210 2679 Tim„
1225 2659 1248 2673 c.
1265 2656 1288 2672 v.

1827 1893 1887 1918 quid.

1828 2428 1879 2452 quid
