2017 2948
239 135 296 162 510
794 130 1101 161 suariz-smmum
1126 132 1198 163 me.
1222 132 1270 164 iv.

238 198 314 228 dens
323 197 499 228 secundum
511 198 641 237 species,
657 198 723 229 sive
738 197 930 228 differentias
942 206 1008 237 spc-

238 251 342 281 ciales.
360 250 439 281 Nam
455 251 486 281 in
501 253 654 290 quantum
667 252 871 290 comparatur
882 249 921 280 ad
934 250 1008 281 sub-

234 304 366 343 ι1110111111,
382 303 476 334 habet
496 303 555 334 dici
575 304 733 340 accidens;
751 303 784 332 in
799 305 954 342 quantum
969 303 1007 333 ad

238 357 465 396 operationem,
481 357 575 387 babet
590 357 651 387 dici
666 357 736 386 hoc.
755 355 935 386 Notandum
951 356 1009 395 igi-

238 411 290 439 tur
302 410 480 453 (1110th
495 409 688 449 comparatio
701 409 870 439 accidentis
885 409 923 439 ad
938 418 1009 448 ope-

237 464 392 494 rationem
415 466 460 494 est
480 463 662 503 dupliciter,
688 462 805 493 scilicet
833 463 1006 493 secundum

237 519 341 547 actum
352 541 360 553 ,
376 520 406 547 et
422 516 596 546 secundum
611 515 1007 564 {ilititu‹li¹1em;Qetiam

237 570 275 600 ad
297 570 488 608 subJectum.
515 569 713 608 Comparatio
736 577 812 599 vero
840 568 1008 599 accidentis

237 622 276 652 ad
296 622 455 661 propriam
469 621 685 661 operationem
698 621 874 651 secundnm
886 621 1005 661 aptitu—

237 675 343 705 dinem
363 677 409 705 est
427 675 601 706 essentialis
619 677 649 705 et
670 674 897 714 inseparabilis.
919 673 1007 706 Unde

236 737 301 759 non
323 730 424 767 potest
443 737 509 758 esse
530 728 615 767 quod
635 728 674 758 sit
690 728 816 765 albedo,
837 730 868 758 et
886 737 948 758 non
968 727 1008 758 sit

237 781 325 811 visus
342 781 569 821 disgregativa.
588 781 784 821 Comparatio
804 790 879 812 vero
894 790 1008 812 secun-

236 833 312 864 dum
339 836 445 864 actum
474 834 677 874 consequitur
704 835 872 865 essentiam
890 845 896 865 :
923 834 1008 865 unde

236 889 340 926 posset
367 887 510 918 accidens
538 887 675 927 separari
699 888 738 918 ab
758 888 873 918 actuali
894 897 1005 927 opera-

236 940 335 978 tione,
361 941 445 971 unde
466 941 576 971 albedo
599 950 663 971 non
684 950 810 980 semper
829 941 1005 980 disgregat.

236 993 287 1024 Sic
299 994 467 1025 dicendum
479 993 563 1033 quod
578 993 774 1032 comparatio
788 993 958 1023 accidentis
968 994 1005 1024 ad

236 1047 414 1085 subJ’ectum
429 1046 601 1076 secundum
616 1046 826 1087 aptitudinem
838 1049 885 1076 est
899 1056 1006 1077 essen-

235 1099 335 1129 tialis:
363 1102 393 1129 et
417 1100 485 1129 haec
507 1108 674 1138 nunquam
696 1100 840 1139 privatur
863 1100 902 1130 ab
924 1101 1004 1131 acci-

236 1153 338 1191 dente,
352 1162 408 1182 nec
422 1153 461 1182 ab
472 1152 534 1182 illis
548 1152 728 1192 speciebus:
741 1162 852 1183 verum
863 1156 909 1183 est
920 1154 1006 1184 enim

235 1206 354 1243 dicere,
385 1206 469 1245 quod
494 1207 569 1235 sunt
595 1207 677 1235 natae
704 1215 771 1235 esse
797 1206 831 1235 in
851 1206 1004 1245 subjecto.

236 1258 433 1298 Comparatio
452 1267 527 1287 vero
549 1258 698 1296 actualis,
717 1259 864 1297 quamvis
882 1268 1007 1299 semper

235 1312 309 1342 insit
324 1315 393 1342 actu
411 1312 584 1341 secundum
600 1313 764 1349 naturam,
783 1317 888 1342 tamen
904 1314 1008 1352 scqui-

236 1368 289 1395 tur
308 1365 493 1401 essentiam,
516 1366 546 1393 et
566 1364 636 1394 idco
657 1367 758 1403 potest
780 1365 916 1404 separari
939 1366 1006 1396 sine

236 1418 343 1458 aliquo
365 1417 602 1447 inconvenienti
629 1417 766 1456 potentia
790 1426 885 1457 supra
909 1422 1006 1450 natu-

237 1481 316 1502 ram.
333 1471 387 1501 llis
404 1471 489 1507 visis,
506 1472 590 1509 patet
606 1471 768 1509 responsio
783 1471 822 1500 ad
837 1471 969 1510 objecta.

278 1528 290 1554 >1
309 1527 340 1554 et
354 1526 383 1554 2.
401 1524 489 1560 Quod
504 1523 589 1553 enim
602 1523 760 1561 obiicitur,
781 1524 865 1562 quod
888 1524 1003 1554 diffini-

237 1581 304 1608 tum
328 1587 393 1608 non
416 1578 518 1616 potest
533 1577 672 1616 separari
695 1586 712 1606 a
729 1577 930 1615 diffinitione,
957 1578 1002 1608 di-

236 1632 372 1662 cendum
390 1631 473 1670 quod
489 1631 618 1661 nomina
634 1631 665 1660 in
685 1631 871 1661 diffinitione
892 1633 1002 1671 posita,

237 1685 382 1715 similiter
401 1686 431 1714 et
446 1675 543 1714 verba
556 1684 663 1714 dicunt
678 1684 835 1714 interdum
851 1685 1004 1724 aptitudi-

234 1747 323 1775 nem,
348 1747 411 1768 non
428 1746 551 1777 semper
568 1741 690 1775 actum,
707 1740 736 1767 et
754 1737 822 1768 ideo
838 1738 906 1769 dico
920 1739 1004 1778 quod

234 1792 387 1829 accidens,
405 1791 552 1831 quamvis
571 1800 636 1821 non
654 1791 693 1821 sit
714 1791 746 1821 in
763 1791 920 1831 subjecto,
939 1800 1004 1822 non

234 1847 339 1874 tamen
360 1846 525 1884 separatur
543 1853 561 1874 a
585 1853 643 1874 sua
661 1844 862 1882 diffinitione,
887 1845 951 1874 imo
976 1844 1004 1875 ei

233 1898 397 1936 convenit⁷
423 1898 498 1937 quia
518 1899 628 1937 aptum
646 1900 692 1928 est
711 1907 777 1928 esse
795 1898 829 1928 in
849 1898 1001 1938 subjecto.

235 1950 323 1981 Patet
337 1951 433 1980 etiam
452 1950 614 1989 responsio
630 1950 668 1980 ad
688 1959 822 1989 sequens
837 1950 874 1981 de
889 1960 1003 1990 opera-

233 2003 333 2041 tione,
357 2004 433 2042 quia
451 2003 476 2032 si
497 2003 550 2033 illa
572 2003 716 2033 diffinitio
738 2003 936 2042 intelligatur
958 2012 1002 2034 se-

233 2056 373 2086 cundum
387 2058 504 2093 actum,
517 2058 563 2085 est
574 2055 773 2094 separabilis;
788 2056 812 2085 si
829 2056 1002 2087 secundum

233 2109 458 2148 aptitudinem,
475 2110 588 2138 neutra
601 2110 647 2137 est
661 2108 855 2147 separabilis,

273 2164 302 2192 3.
318 2161 366 2192 Ad
382 2161 458 2191 illud
474 2161 558 2200 quod
575 2161 724 2200 objicitur
743 2162 781 2191 de
795 2171 878 2200 esse,
895 2162 1000 2193 dicen-

233 2215 309 2245 dum
323 2214 405 2254 quod
421 2222 485 2244 non
501 2216 545 2243 est
559 2214 673 2250 simile,
689 2214 764 2253 quia
777 2223 846 2244 esse
860 2214 935 2244 dicit
949 2224 1000 2245 ac-

233 2271 301 2298 tum
317 2267 400 2297 entis
413 2266 555 2297 absolute
562 2277 569 2303 ;
591 2267 643 2296 scd
661 2267 778 2304 inesse,
800 2269 905 2298 actum
922 2268 1002 2298 acci-

233 2321 334 2351 dentis
348 2321 382 2350 in
397 2320 631 2359 comparatione
649 2320 688 2350 ad
709 2329 775 2350 rem
796 2320 926 2351 alterius
946 2330 1002 2359 ge·

233 2374 336 2404 neris:
360 2376 390 2404 et
411 2373 485 2412 quia
507 2382 557 2403 res
581 2373 711 2403 alterius
732 2374 859 2411 generis
879 2374 1004 2404 diversa

234 2429 295 2463 est,
316 2428 418 2466 potest
432 2425 645 2456 circumscribi
663 2425 838 2456 intellectus
855 2427 923 2465 ejus
937 2435 955 2456 a
969 2435 1003 2457 re

266 2488 273 2503 ¹
294 2488 334 2518 Cf.
350 2488 418 2512 Alex.
436 2488 531 2517 Ateus„
552 2494 577 2518 p.
599 2487 641 2517 lV,
657 2494 681 2517 qi
696 2493 722 2515 x,
742 2488 848 2511 membr.
869 2490 892 2517 7,
912 2490 959 2512 art.
979 2490 1003 2517 t,

235 2523 454 2553 §3;S.'s110m.,
469 2530 495 2554 p.
513 2524 554 2552 111,
573 2529 597 2554 q.
614 2525 774 2548 Lxxv11,n1·t.
791 2524 821 2549 ἐς
840 2526 862 2546 et
881 2525 910 2547 tv
925 2525 1003 2551 snut,

235 2558 292 2582 dist.
304 2565 354 2589 xli,
365 2566 388 2589 q.
403 2565 418 2589 1,
431 2562 478 2582 art.
491 2561 517 2588 13
533 2562 556 2582 et
568 2558 638 2588 Quol.
659 2565 674 2588 1,
692 2560 740 2581 art.
755 2561 776 2587 1;
788 2561 847 2582 scot
862 2578 867 2588 ,
883 2560 913 2582 tv
925 2561 1002 2583 Sem..

236 2593 293 2616 (1151.
313 2599 365 2624 1111,
385 2601 411 2623 q.
431 2600 456 2622 1;
476 2593 605 2623 Richara„
629 2594 660 2616 lv
681 2594 761 2617 Sene..
780 2594 837 2617 dist.
861 2600 897 2623 .x1‚
917 2601 942 2624 q.
971 2601 1002 2623 11;

1061 197 1130 236 illa,
1157 199 1224 230 sive
1247 200 1386 240 separari
1408 210 1416 231 :
1440 209 1506 232 non
1529 201 1572 232 sic
1594 210 1662 232 esse
1684 197 1723 232 ab
1747 204 1831 234 ente.

1102 251 1132 282 ῐι.
1148 251 1194 282 Ad
1217 252 1295 282 illud
1315 253 1399 292 quod
1417 253 1564 293 objicitur
1583 254 1622 285 de
1642 255 1830 293 substantia,

1062 303 1230 334 dicendum
1261 306 1344 344 quod
1378 306 1549 337 accidentia
1579 306 1633 337 illa
1664 315 1833 347 nunquam

1063 356 1252 396 participant
1272 358 1428 388 rationem
1443 359 1628 390 substantiae
1647 370 1653 390 :
1671 368 1744 390 nam
1759 359 1834 390 suh-

1062 410 1177 440 stantia
1192 410 1306 440 dicitur
1325 420 1375 441 rcs
1395 420 1451 450 per
1466 421 1498 441 se
1516 412 1670 450 existens,
1692 412 1734 443 ita
1748 412 1834 453 quod

1062 466 1134 493 nata
1154 466 1200 493 est
1224 472 1278 502 per
1300 473 1333 494 se
1355 464 1506 502 existere,
1529 467 1559 496 et
1577 465 1665 496 nullo
1687 465 1781 496 modo
1801 465 1835 496 in

1061 516 1142 546 alio:
1165 516 1223 547 hoc
1247 518 1354 548 autem
1378 517 1466 548 nullo
1489 518 1584 549 modo
1607 518 1755 549 convenit
1775 517 1835 549 illis

1062 570 1292 603 accidentibus,
1322 570 1388 601 imo
1416 573 1489 601 nata
1521 574 1595 602 sunt
1633 571 1767 602 existere
1800 571 1833 601 in

1062 623 1134 654 alio.

1103 678 1130 706 5.
1150 676 1195 706 Ad
1213 676 1291 707 illud
1305 677 1390 716 quod
1404 676 1551 715 objicitur
1564 676 1601 707 de
1613 675 1830 716 oppositione,

1062 728 1228 759 dicendum
1257 729 1343 769 quod
1371 729 1557 760 differentiae
1585 729 1700 760 debent
1728 728 1833 760 dicere

1061 781 1286 820 aptitudinem,
1311 783 1390 813 sieut
1410 784 1441 812 et
1458 782 1680 820 diffinitiones;
1706 781 1733 812 si
1754 790 1833 821 ergo

1062 834 1258 873 accipiantur
1281 835 1456 865 secundum
1472 834 1681 874 aptitudinem
1701 836 1832 865 natura-

1061 887 1138 925 lem,
1155 896 1210 918 ens
1226 896 1280 927 per
1295 897 1339 926 se,
1359 887 1389 918 id
1409 890 1464 924 est,
1481 887 1566 927 quod
1581 889 1692 918 natum
1707 889 1754 918 est
1767 895 1834 918 esse

1062 941 1117 980 pei·
1137 950 1188 978 se,
1214 940 1360 970 similiter
1381 949 1437 970 ens
1455 940 1488 970 in
1510 939 1582 978 alio,
1609 940 1638 970 id
1662 942 1724 978 est,
1748 940 1832 980 quod

1062 997 1173 1023 natum
1188 996 1233 1023 est
1249 1002 1316 1024 esse
1340 994 1372 1024 in
1391 994 1470 1031 alio·,
1491 993 1572 1024 sicut
1589 993 1733 1024 accidens
1747 1002 1832 1024 nun·

1061 1056 1158 1086 quam
1175 1047 1339 1086 participat
1356 1056 1474 1077 nomen
1493 1047 1694 1083 substantiae,
1716 1047 1760 1078 ita
1774 1055 1833 1078 nec

1061 1100 1271 1130 distet-entiam
1296 1100 1378 1130 dicto
1401 1100 1505 1130 modo.
1522 1100 1642 1130 Dicitur
1659 1101 1766 1130 autem
1780 1107 1833 1130 ac-

1062 1154 1167 1184 cidens
1183 1162 1240 1183 ens
1254 1162 1310 1192 per
1325 1162 1358 1183 se
1372 1155 1527 1192 quantum
1549 1153 1588 1183 ad
1605 1154 1726 1189 actum·,
1743 1154 1774 1183 et
1789 1152 1833 1182 sic.

1062 1216 1124 1237 non
1140 1206 1212 1235 dicit
1236 1206 1448 1236 differentiam
1464 1205 1673 1243 essentialem,
1692 1205 1746 1235 sed
1761 1213 1833 1235 mo-

1061 1260 1138 1290 dum
1157 1262 1401 1299 consequentem
1417 1259 1585 1289 essentiam
1599 1270 1605 1289 :
1623 1261 1654 1289 et
1668 1258 1701 1288 in
1717 1258 1832 1289 talibus

1062 1313 1245 1343 differentiis
1262 1321 1325 1342 non
1339 1315 1423 1342 tenet
1440 1311 1583 1351 objectio.

1325 1427 1504 1464 QUAESTIO
1527 1427 1564 1458 11.

1097 1509 1141 1535 An
1157 1509 1185 1534 in
1201 1510 1364 1535 sacramento
1378 1508 1556 1534 Eucharz'stiae
1569 1509 1695 1542 conyruat
1709 1508 1808 1542 species

1307 1560 1358 1578 csse
1370 1553 1425 1578 sine
1439 1552 1554 1587 subjecto
1571 1553 1587 1577 ¹.

1102 1630 1214 1661 Utrum
1229 1633 1395 1669 congruat,
1413 1631 1497 1670 quod
1512 1631 1545 1660 in
1560 1630 1620 1661 hoc
1635 1632 1834 1661 sacramento
1847 1642 1952 1664 rundm.

1061 1683 1124 1714 sint
1145 1684 1263 1723 species
1285 1683 1352 1713 sine
1375 1684 1530 1723 subJecto3
1552 1686 1582 1714 et
1605 1683 1690 1722 quod
1708 1692 1774 1714 non
1793 1683 1834 1713 sit

1060 1736 1304 1774 inconveniens,
1326 1736 1392 1766 imo
1407 1737 1617 1774 convenienS,
1635 1738 1738 1776 patet,
1759 1736 1842 1776 quia«

1061 1790 1086 1820 si
1108 1790 1152 1820 ibi
1183 1792 1264 1820 esset
1292 1789 1488 1829 subjectum,
1514 1798 1717 1829 nequaquam
1745 1791 1839 1820 tanta

1060 1845 1140 1874 esset
1159 1843 1368 1882 dependentia
1386 1843 1562 1882 specierum
1577 1842 1617 1872 ad
1631 1832 1841 1878 contentum}

1060 1896 1141 1926 sicut
1158 1897 1220 1934 est,
1243 1898 1273 1926 et
1293 1896 1335 1925 ita
1351 1904 1518 1935 nunquam
1538 1896 1617 1926 esset
1637 1894 1768 1933 signum
1789 1893 1840 1924 itas

1059 1948 1237 1979 ductivum.

1101 2001 1231 2032 Contra:
1249 2005 1278 2032 1.
1295 2001 1400 2031 Minus
1417 2000 1640 2032 inconveniens
1656 2001 1704 2030 est
1717 2008 1831 2039 corpus
1848 2013 1882 2034 Ad
1899 2017 1950 2038 opp.

1059 2064 1124 2085 non
1139 2055 1351 2094 glorificatum
1366 2054 1461 2084 simul
1475 2062 1542 2084 esse
1558 2062 1632 2083 cum
1642 2052 1829 2092 glorificato,

1059 2117 1157 2148 quam
1182 2107 1325 2137 accidens
1349 2116 1416 2137 esse
1443 2108 1556 2145 praeter
1578 2106 1781 2145 subjectum:
1806 2105 1830 2135 si

1059 2170 1137 2201 ergo
1161 2170 1274 2201 corpus
1298 2161 1511 2199 glorificatum
1536 2163 1617 2190 esset
1640 2159 1736 2190 simul
1759 2167 1832 2190 cum

1059 2223 1152 2254 pane,
1165 2214 1265 2244 multo
1279 2214 1384 2243 minus
1393 2216 1473 2243 essct
1482 2213 1720 2250 inconveniens,
1735 2221 1832 2252 quam

1059 2267 1230 2297 accidentia
1246 2276 1311 2296 esse
1334 2268 1448 2305 praetffi·
1466 2266 1664 2305 subiectum,
1681 2267 1712 2295 et
1728 2265 1832 2304 magis

1059 2320 1206 2351 credibile
1220 2330 1226 2350 ;
1242 2329 1322 2357 ergo
1338 2320 1441 2357 magis
1452 2319 1648 2358 congruebat
1662 2317 1832 2349 accidentia

1060 2382 1186 2404 manere
1201 2374 1234 2403 in
1247 2373 1388 2412 subjecto
1397 2397 1404 2409 ,
1422 2381 1519 2412 quam
1532 2371 1683 2411 separari.

1100 2428 1129 2456 2.
1148 2426 1225 2456 ltein
1241 2426 1412 2456 accidentia
1427 2426 1480 2456 illa
1495 2425 1614 2455 ducunt
1631 2424 1668 2464 (a)
1683 2423 1723 2454 ad
1738 2421 1828 2452 intel-

1059 2484 1140 2507 Tlimu
1174 2485 1243 2514 Arg,
1268 2484 1297 2506 IV
1311 2484 1389 2507 Seni..
1405 2483 1462 2506 dist.
1479 2489 1526 2513 R't,
1546 2490 1571 2513 q.
1591 2488 1609 2510 1,
1625 2483 1671 2504 art.
1693 2481 1720 2510 23
1742 2478 1830 2509 Steph.

1062 2518 1164 2547 ltrntes„
1183 2519 1212 2541 IV
1230 2519 1310 2548 Sem„
1325 2519 1381 2542 dist.
1399 2525 1444 2542 xii.
1465 2525 1490 2548 q.
1515 2523 1552 2544 n:
1569 2518 1656 2540 Petrus
1671 2515 1701 2538 de
1718 2515 1831 2543 Tarant„

1062 2555 1091 2577 lv
1109 2554 1187 2581 Smin,
1205 2554 1262 2578 dist.
1280 2560 1327 2580 xri.
1343 2561 1368 2584 q.
1385 2560 1412 2578 11.

1095 2594 1126 2622 (a)
1140 2594 1208 2617 Edit.
1223 2594 1280 2617 Ven.
1295 2594 1389 2618 dicunt.
