2017 2948
611 141 706 172 DIST.
730 139 783 170 ΙΙΙ.
809 138 920 170 PARS.
944 138 980 169 ΙΙ.
1001 139 1091 171 ART.
1115 140 1167 171 111.
1191 141 1339 178 QUAEST.
1364 143 1400 173 Il.

194 208 308 248 legalia
332 212 362 240 et
386 209 607 241 ceremonialia
622 207 788 247 dupliciter
815 206 959 237 convenit

194 271 341 293 servare:
358 263 408 294 vel
424 273 464 294 ex
478 264 635 303 praecepto
646 285 653 299 ,
670 263 822 300 tanquam
850 268 959 290 neces-

193 315 276 346 saria
289 317 328 347 ad
348 317 499 352 salutem3
517 315 568 347 vel
582 324 622 345 ex
636 313 878 353 dispensatione,
896 322 959 343 non

192 367 267 407 quia
278 368 361 399 bona
369 369 441 405 sint,
457 369 510 400 sed
521 367 595 408 quia
604 367 675 398 inde
687 366 811 396 elicitur
826 366 957 395 bonum.

193 419 348 451 concessit
359 430 438 460 ergo
452 421 666 460 Hieronymus
678 418 806 458 legalia,
820 417 959 448 maxime

192 473 463 504 circumcisionem
492 473 612 504 servari
638 472 772 509 debere,
793 479 958 511 quousque

192 526 307 557 veritas
314 526 477 565 Evangelii
486 526 757 565 promulgaretur,
765 526 796 554 et
804 524 958 553 institutio

191 587 282 609 novae
297 579 377 618 legis
392 579 567 619 aperiretur
583 581 631 609 :et
646 579 705 608 hoc
719 577 752 608 in
774 579 838 608 toto
853 576 958 616 primo

190 633 342 672 tempore.
370 632 428 663 Seil
452 633 501 663 bis
518 634 560 672 (a)
582 632 806 672 incipientibus
829 630 955 670 aperiri,

190 685 243 716 illa
253 687 426 725 cessabant,
440 688 520 718 sicut
532 688 591 718 ista
601 686 835 718 innotescebant
849 686 910 716 :ita
923 687 958 715 ut

189 739 266 769 nulli
280 743 349 779 post
363 743 520 780 acceptam
534 740 680 771 notitiam
694 739 836 770 veritatis
851 739 957 769 liceret

188 801 314 823 servare
329 793 385 832 huj
391 794 720 824 usmodisacramenta
729 792 835 832 aliquo
851 792 956 829 modo,

188 845 248 875 nisi
261 845 322 875 illis
332 847 446 885 solum⁷
459 847 497 877 ad
508 855 587 886 quos
604 856 667 876 non
678 848 865 886 pervenerat
880 855 958 884 prae-

187 899 298 930 dicatio
316 899 499 939 Evangelii,
524 901 573 931 vel
595 900 690 931 etiam
714 900 788 940 ipsis
811 899 958 939 apostolis

187 953 372 992 maioribus,
389 963 429 984 ex
446 954 693 993 dispensatione,
712 956 742 984 et
757 953 807 993 pia
820 953 957 992 quadam

186 1007 402 1045 simulatione,
420 1007 524 1038 eaeteri
539 1010 645 1038 autem
667 1010 755 1038 erant
777 1010 955 1046 transgres-

187 1069 282 1098 sores,
302 1061 576 1100 qualitercumque
596 1063 769 1091 servarent.
791 1060 826 1091 Et
844 1061 881 1091 ad
899 1061 956 1090 hoc

186 1113 369 1152 ponendum
380 1113 475 1143 movit
485 1122 558 1143 eum
568 1114 737 1144 auctoritas
746 1123 842 1144 sacrae
852 1113 957 1152 Scrip-

185 1166 277 1203 turae,
289 1168 318 1195 et
328 1166 496 1196 auctoritas
505 1166 666 1197 Ecclesiae:
679 1167 849 1197 auctoritas
858 1176 955 1197 sacra}

185 1217 369 1258 Scripturae,
394 1228 468 1249 nam
493 1228 603 1250 omnes
628 1220 759 1259 apostoli
790 1229 955 1251 consenso-

185 1272 284 1302 runt¹
305 1272 421 1310 legalia
444 1281 508 1303 non
533 1281 601 1303 esse
625 1272 790 1302 servanda.
816 1273 953 1311 Rursus,

184 1325 314 1356 videbat
326 1326 482 1366 apostolos
499 1326 612 1356 alicubi
637 1328 704 1365 post
727 1326 812 1356 iilam
827 1328 953 1357 senten-

183 1377 260 1408 tiam
276 1388 432 1418 seryasse3
443 1381 472 1409 et
484 1379 605 1409 dio-ebat
614 1380 752 1418 primam
769 1381 954 1410 seutentiam

183 1429 288 1461 datam
298 1440 366 1461 esse
380 1431 554 1462 secundum
571 1432 712 1470 rigorem
723 1433 864 1463 veritatis
875 1457 884 1471 ,
901 1435 955 1465 sed

181 1483 436 1515 observationem
450 1485 563 1515 factam
580 1494 647 1515 exse
665 1486 839 1517 secundum
853 1487 951 1517 simu—

180 1535 330 1567 lationem
341 1537 473 1577 pietatis,
491 1538 665 1568 secundum
678 1539 762 1578 quod
774 1539 846 1569 dicit
858 1540 955 1579 Apos-

181 1589 264 1620 tolus
278 1592 288 1609 ²
303 1600 309 1620 :
328 1589 479 1622 Omnibus
494 1591 602 1622 omnia
615 1591 720 1629 factus
735 1599 816 1627 sum,
833 1592 853 1623 J
854 1592 954 1624 udaec's

180 1643 334 1681 tanquam
355 1642 502 1680 Judoezzs,
517 1645 574 1674 etc.
594 1655 600 1674 :
618 1646 647 1674 et
666 1644 726 1675 hoc
748 1645 798 1685 pia
814 1646 952 1685 quadam

178 1695 390 1727 simulatione.
409 1698 588 1728 Auctoritas
604 1698 751 1729 Ecclesiae
767 1700 862 1730 etiam
880 1709 950 1731 mo-

178 1750 235 1789 vit,
252 1752 327 1791 quia
341 1752 441 1782 sancti
459 1755 563 1792 patres
582 1754 794 1784 communiter
819 1755 952 1786 damna-

178 1807 294 1835 verunt
317 1805 466 1835 haeresim
487 1805 615 1837 Ebionis
638 1809 669 1837 et
694 1807 873 1846 Cherinthi,
896 1809 951 1847 qui

179 1856 328 1888 dixerunt
350 1857 464 1896 legalia
486 1868 559 1889 cum
585 1858 761 1898 Evangelio
787 1869 853 1891 csse
884 1870 949 1891 ser-

178 1910 282 1940 vanda
299 1921 305 1940 :
327 1912 357 1940 et
377 1914 504 1950 propter
534 1911 593 1942 hoc
620 1912 763 1942 dicebant
792 1913 842 1952 pia
871 1924 949 1953 qua-

178 1962 253 1994 dam
260 1965 290 1994 et
300 1963 527 2003 dispensatoria
537 1964 737 1996 simulatione
750 1975 816 1996 esse
828 1970 951 1998 servata

177 2019 306 2057 propter
336 2017 553 2048 infirmitatem
576 2017 773 2049 Judaeorum.
797 2018 848 2050 Sic
875 2019 950 2050 dicit

177 2069 406 2111 Hieronymus,
423 2071 507 2111 quod
530 2071 642 2102 Petrus
664 2072 809 2103 servabat
833 2072 950 2112 legalia

177 2123 314 2163 quadam
327 2123 539 2162 simulatione,
555 2125 729 2155 secundum
746 2125 829 2165 quod
844 2126 947 2166 Apos-

176 2175 260 2207 tolus
277 2176 350 2207 dicit
366 2180 388 2214 ³,
411 2180 446 2208 ut
467 2178 565 2209 etiam
591 2177 756 2210 Barnabas
779 2178 948 2211 duceretur

176 2227 215 2259 in
229 2227 310 2260 hanc
325 2229 570 2262 simulationem.
587 2230 624 2262 Et
639 2231 713 2262 dicit
729 2232 824 2262 etiam
837 2256 844 2270 ,
863 2233 946 2272 quod

176 2279 296 2312 Paulus
310 2281 361 2321 pia
373 2282 512 2321 quadam
528 2283 730 2315 simulatione
744 2285 946 2324 reprehendit

176 2332 318 2371 Petrum,
334 2333 390 2374 qui
413 2344 470 2366 nec
486 2336 632 2375 peccabat
650 2347 656 2367 :
675 2339 711 2367 ut
734 2337 814 2368 sicut
834 2337 946 2368 Petrus

175 2386 443 2418 condescendebat
457 2387 473 2419 J
478 2388 574 2419 udaeis
584 2389 616 2419 in
631 2389 784 2429 legalium
800 2390 945 2422 observa-

174 2439 270 2477 tione,
282 2440 325 2471 ita
340 2440 459 2472 Paulus
474 2441 506 2471 in
521 2441 606 2473 illius
616 2442 825 2475 observantiae
841 2453 945 2483 repre-

175 2492 327 2525 hensione
343 2494 504 2534 gentibus.
522 2494 558 2524 Et
574 2495 615 2525 ita
637 2504 693 2525 nec
710 2495 820 2527 Petrus
834 2506 943 2536 pecca-

208 2564 291 2594 ¹Act.,
315 2570 359 2594 xv,
378 2566 417 2589 28.
431 2578 459 2583 -
480 2566 510 2589 ²1
532 2566 599 2595 Cor„
617 2572 654 2596 ix,
671 2568 709 2590 22.
725 2579 754 2584 —-
773 2567 784 2583 ⁸
797 2568 893 2598 Galat„
914 2575 941 2596 ιι,

207 2609 240 2639 (a)
256 2609 317 2632 Coet.
331 2609 390 2633 edil.
406 2610 463 2634 illis.

1726 150 1783 180 323

1016 206 1062 237 vit
1076 206 1109 237 in
1124 207 1206 238 male
1221 208 1429 248 observando,
1448 219 1505 240 nec.
1524 212 1641 244 Paulus
1661 214 1693 245 in
1708 224 1782 255 pro-

1014 260 1127 290 caciter
1163 261 1438 301 reprehendendo,
1469 264 1550 295 sicut
1584 265 1781 308 Porphyrius

1014 313 1180 344 haereticus
1195 313 1331 345 Paulum
1350 315 1523 355 arguebat,
1540 319 1625 357 quod
1645 320 1779 360 Aposto-

1013 366 1119 397 lorum
1142 367 1276 407 principi
1300 369 1471 407 procaciter
1488 370 1678 404 insultasset.
1705 373 1781 405 Ecce

1014 419 1082 450 haec
1098 421 1144 450 est
1158 420 1271 460 positio
1289 421 1486 462 Hieronymi,
1503 425 1534 454 et
1550 425 1630 455 ratio
1653 427 1781 465 positio-

1013 473 1073 503 nis.
1088 473 1290 512 Augustinus
1306 477 1412 506 autem
1427 476 1489 507 alio
1504 478 1599 509 modo
1617 479 1720 510 solvit.
1735 481 1783 511 Ad

1013 528 1105 566 cujus
1120 527 1308 559 solutionem
1330 529 1586 570 intelligendam,
1607 533 1782 564 notandum

1013 581 1069 617 est,
1085 579 1171 619 quod
1187 580 1391 620 Augustinus
1406 583 1416 599 ⁶
1431 583 1544 623 triplex
1558 585 1682 625 tempus
1695 585 1784 618 intel-

1013 631 1099 670 lexit,
1117 633 1234 664 scilicet
1247 637 1371 675 tempus
1386 636 1539 668 condendi
1557 637 1781 679 Evangelium,

1013 686 1237 725 promulgandi
1261 689 1438 727 conditum,
1455 692 1485 720 et
1509 691 1702 723 custodiendi
1714 693 1783 733 jam

1013 739 1266 779 promulgatum.
1292 742 1433 773 Primum
1454 746 1578 784 tempus
1600 745 1660 776 suit
1674 746 1714 778 ab
1727 747 1782 778 ad-

1013 794 1110 823 ventu
1122 792 1232 823 Christi
1249 803 1349 834 usque
1361 796 1399 826 ad
1415 797 1570 835 passionis
1584 807 1783 831 consumma-

1013 845 1150 883 tionem,
1173 849 1202 876 et
1225 847 1278 877 illo
1300 850 1442 888 tempore
1464 853 1537 880 sunt
1560 851 1678 890 legalia
1698 853 1783 884 intir-

1014 901 1108 937 mata,
1118 902 1146 930 et
1162 900 1196 930 in
1207 903 1308 932 morte
1324 902 1436 933 Christi
1453 906 1588 935 mortua.
1601 905 1782 937 Secundum

1013 954 1137 992 tempus
1152 954 1210 984 suit
1229 963 1247 984 a
1269 955 1412 994 passione
1433 956 1546 987 Christi
1566 967 1667 998 usque
1682 960 1721 990 ad
1734 960 1783 991 di-

1013 1005 1231 1045 vulgationem
1261 1007 1427 1047 Evangelii
1453 1009 1488 1040 in
1515 1019 1625 1042 omnes
1650 1015 1780 1053 gentes,

1012 1059 1138 1098 quando
1153 1061 1254 1100 potuit
1269 1061 1328 1091 (lici
1343 1065 1352 1081 ⁵
1370 1074 1375 1093 :
1393 1063 1431 1094 In
1444 1071 1567 1096 omnem
1578 1069 1698 1097 terram
1713 1068 1782 1099 exi-

1012 1114 1070 1149 υϊῑ,
1084 1116 1154 1151 etc.;
1173 1117 1203 1145 et
1220 1115 1279 1146 hoc
1294 1119 1435 1156 tempore
1455 1120 1529 1149 sunt
1546 1118 1663 1158 legalia
1677 1120 1717 1151 ad
1731 1123 1783 1152 tu-

1012 1166 1136 1197 mulum
1148 1167 1292 1199 deducta.
1307 1169 1448 1201 Tertium
1462 1174 1587 1213 tempus
1601 1173 1661 1204 fuit
1673 1173 1713 1205 ab
1728 1174 1782 1206 illo

1012 1221 1151 1259 tempore
1168 1230 1268 1261 usque
1283 1222 1323 1253 ad
1338 1224 1449 1255 mundi
1465 1225 1580 1263 tinem,
1598 1226 1631 1257 in
1653 1236 1717 1267 quo
1735 1228 1779 1259 le-

1011 1272 1096 1310 galia
1109 1276 1184 1303 sunt
1205 1275 1293 1313 quas}
1319 1275 1350 1305 in
1367 1277 1491 1308 tumulo
1509 1278 1625 1310 clausa.
1643 1279 1780 1312 Ulterius

1011 1324 1185 1355 notandum
1197 1326 1281 1365 quod
1298 1327 1409 1366 triplici
1424 1328 1461 1359 de
1476 1338 1570 1360 causa
1584 1334 1714 1370 possunt
1728 1332 1781 1363 ali-

1011 1386 1073 1416 qua
1088 1378 1260 1416 observari,
1278 1380 1393 1411 scilicet
1406 1384 1533 1422 propter
1548 1383 1657 1414 salutis
1672 1394 1777 1417 neces-

1010 1431 1144 1468 sitatem,
1163 1435 1291 1472 propter
1305 1433 1513 1474 honestatem,
1529 1438 1658 1476 propter
1672 1439 1777 1477 proxi-

1011 1484 1053 1513 mi
1078 1484 1304 1516 infirmitatem.
1335 1485 1418 1517 Dixit
1447 1496 1526 1527 ergo
1548 1488 1750 1529 Augustinus
1768 1492 1778 1508 ⁸

1010 1537 1093 1575 quod
1123 1538 1226 1576 primo
1250 1540 1391 1579 tempore
1412 1539 1528 1579 legalia
1552 1542 1672 1573 servari
1688 1545 1775 1583 pote-

1010 1591 1082 1619 rant
1096 1592 1247 1629 tanquam
1263 1592 1338 1622 viva
1349 1595 1476 1633 propter
1490 1593 1600 1625 salutis
1615 1597 1778 1628 necessita-

1009 1643 1089 1679 tem,
1113 1643 1164 1673 vel
1187 1643 1375 1676 utilitatem:
1393 1646 1530 1677 secundo
1550 1650 1691 1688 tempore
1711 1659 1776 1681 ser-

1008 1695 1077 1726 vari
1097 1698 1243 1735 poterant
1266 1698 1360 1728 etiam
1385 1699 1425 1729 ab
1445 1699 1513 1738 his,
1528 1701 1584 1740 qui
1609 1702 1779 1735 audierunt

1008 1748 1233 1788 Evangelium,
1250 1754 1377 1792 propter
1392 1753 1600 1793 honestatem,
1613 1756 1689 1795 quia
1703 1766 1776 1788 cum

1008 1801 1128 1833 honore
1143 1804 1327 1835 adducenda
1342 1808 1409 1836 erat
1429 1815 1596 1847 synagoga
1611 1809 1650 1839 ad
1668 1810 1777 1841 tumu-

1009 1855 1086 1894 lum,
1097 1865 1162 1887 non
1176 1857 1268 1897 quasi
1280 1858 1445 1890 idololatra
1459 1861 1565 1891 statim
1581 1861 1774 1902 abjicienda:

1007 1910 1038 1939 et
1049 1909 1109 1939 hoc
1123 1909 1218 1940 etiam
1231 1912 1372 1950 tempore
1389 1913 1509 1943 servari
1525 1915 1670 1953 poterant
1685 1924 1777 1955 prop-

1007 1963 1054 1993 ter
1068 1963 1207 2002 proximi
1217 1963 1397 2003 utilitatem,
1411 1974 1450 1996 ne
1465 1964 1481 1996 J
1485 1966 1567 1998 udaei
1579 1976 1599 1998 a
1612 1968 1674 1999 fide
1686 1977 1776 2000 revo-

1006 2018 1169 2053 carentur;
1187 2017 1279 2047 tertio
1303 2027 1381 2049 vero
1401 2020 1542 2059 ternpore
1566 2015 1656 2052 nullo
1680 2021 1775 2053 modo

1005 2070 1079 2099 sunt
1091 2070 1255 2109 servanda,
1273 2071 1348 2110 quia
1363 2072 1417 2112 qui
1428 2073 1497 2112 Jam
1512 2075 1631 2113 servat,
1648 2083 1714 2105 non
1728 2077 1775 2106 est

1006 2123 1138 2153 materni
1149 2124 1327 2164 corpusculi
1342 2125 1524 2165 honorator,
1538 2127 1592 2158 sed
1602 2127 1773 2168 sepulturae

1004 2175 1172 2216 impudens
1187 2177 1353 2208 revelator.
1372 2178 1409 2209 Et
1424 2179 1466 2210 ita
1488 2181 1592 2219 posuit
1615 2181 1699 2221 quod
1715 2182 1773 2213 Pe-

1004 2231 1071 2260 trus
1082 2233 1109 2260 et
1126 2229 1245 2261 Paulus
1260 2233 1393 2272 uterque
1408 2236 1617 2265 servaverunt
1632 2243 1695 2266 non
1706 2236 1773 2266 tan·

1003 2285 1071 2314 tum
1087 2286 1215 2324 propter
1231 2285 1396 2316 vitandum
1417 2287 1602 2318 scandalum
1622 2288 1769 2327 proximi,

1002 2337 1055 2367 sed
1067 2337 1163 2368 etiam
1173 2338 1211 2368 ad
1224 2338 1379 2369 honorem
1389 2339 1530 2371 debitum
1544 2341 1637 2372 matri
1650 2341 1772 2381 impen-

1001 2389 1158 2428 dendum;
1173 2393 1204 2421 et
1224 2392 1307 2431 quod
1332 2401 1395 2423 non
1417 2395 1540 2424 tantum
1561 2393 1768 2431 simulatorie,

1001 2443 1053 2474 sed
1091 2444 1186 2475 etiam
1219 2445 1373 2476 veraciter
1406 2446 1677 2486 observaverunt,
1705 2456 1770 2479 non

1001 2498 1128 2536 propter
1147 2497 1256 2529 salutis
1279 2499 1512 2537 necessitatem,
1534 2500 1609 2539 quia
1632 2499 1771 2532 sciebant

1002 2578 1038 2601 ¹3.
1048 2590 1078 2594 —
1092 2577 1102 2593 b
1116 2578 1191 2608 Aug,
1204 2577 1238 2601 ml
1247 2578 1359 2608 Hier-on„
1370 2578 1442 2608 epist.
1457 2584 1510 2607 xix,
1523 2579 1555 2602 al.
1570 2585 1634 2603 an.
1645 2593 1670 2597 -—
1683 2580 1768 2605 Ῥεαί.

1001 2617 1073 2642 xviii,
1088 2614 1108 2636 5.
1127 2625 1157 2630 —-
1172 2613 1180 2626 ⁶
1193 2615 1267 2643 Aug,
1283 2613 1331 2636 loc.
1351 2613 1392 2636 cit.
