2017 2948
39 1677 142 1697 Fundsni.

618 153 714 184 DlST.
737 153 869 184 XXXIX.
894 153 984 184 ART.
1009 153 1048 183 II.
1072 152 1223 190 QUAEST.
1249 153 1285 183 lI.

157 219 256 249 dixit:
282 220 351 251 Non
365 220 479 259 jurare
496 221 624 252 omnino
634 230 647 259 ;
668 219 751 260 quod
772 220 926 259 supersti-

157 271 272 302 tiosum
287 275 352 310 est,
374 274 541 310 resecavit,
563 283 636 304 eum
657 273 844 312 subJunxit:
867 273 924 304 Ne-

156 333 214 363 que
223 333 282 365 per
295 327 406 357 caelum
417 350 425 364 ,
443 329 500 357 ete.
515 338 528 354 »
547 327 632 365 Ergo
645 328 755 365 Jurare
770 335 826 365 per
839 336 925 356 crea-

157 380 262 408 turam
276 382 322 409 est
342 381 595 419 superstitiosum
611 393 616 411 :
639 380 692 410 sed
712 379 790 409 nihil
806 379 866 409 tale
881 381 927 409 est

156 431 276 462 licitum
292 443 298 461 ι
316 442 410 471 ergo,
427 436 484 463 etc.

197 487 224 514 Ξ.
247 484 323 515 ltem
346 485 421 516 Pius
442 486 566 525 Papa':
590 498 603 514 (1
617 486 649 517 Si
671 486 742 525 quis
757 494 812 524 per
827 485 926 523 capil-

156 537 222 567 lum
237 538 300 575 Dei,
318 538 367 568 vel
382 542 475 578 caput
486 540 612 578 jurarit,
630 540 656 569 si
670 540 702 569 in
718 538 927 569 eeclesiastico

156 590 264 621 ordine
281 594 336 628 est,
354 592 547 631 deponatnr;
567 593 592 622 si
608 593 722 629 laicus,
739 592 924 621 anathema-

157 643 279 673 tizetur.
297 655 311 672 1>
338 644 369 674 Si
393 654 470 683 ergo
500 646 646 676 illicitum
672 648 717 676 est
736 647 846 684 jurare
873 653 928 683 per

157 697 298 726 membra
313 697 436 734 Christi,
454 707 527 728 oum
544 699 610 737 ipsa
622 699 684 729 sint
698 698 851 728 sanctiora
863 706 930 727 om-

156 751 250 780 nibus
264 751 333 780 aliis
346 753 498 782 creaturis
509 777 516 789 ‚
541 753 666 782 videtur
681 752 765 791 quod
782 760 837 790 per
853 751 927 781 nul-

156 802 219 833 lam
233 803 326 834 aliam
342 807 519 834 creaturam
534 805 625 834 liceat
634 806 754 843 Jurare.

196 858 224 886 3.
254 857 331 887 Item
352 859 460 897 ,iurare
485 867 540 897 per
565 857 662 887 Deum
677 881 685 895 ,
712 859 759 887 est
780 857 929 887 invocare

156 911 254 941 Deum
270 912 401 941 testem:
424 920 503 949 ergo
520 912 630 949 jurare
651 919 707 950 per
728 911 926 947 ereaturam,

157 968 202 996 est
217 966 364 995 invocare
380 966 556 993 creaturam
572 964 605 993 in
618 963 837 993 testimonium
852 973 858 992 ;
876 963 929 993 sed

157 1017 345 1048 irrationalis
360 1018 504 1046 creatura
520 1025 583 1046 non
599 1018 699 1055 potest
713 1016 819 1054 aliquo
835 1015 929 1046 modo

157 1073 280 1103 veritati
302 1072 517 1102 testimonium
538 1071 724 1111 perhibere:
751 1080 828 1110 ergo
850 1070 928 1101 stul—

158 1131 236 1164 tum,
254 1130 283 1157 et
298 1136 429 1163 vanum,
455 1129 484 1156 et
506 1127 731 1158 inconveniens
745 1128 793 1157 est
811 1135 866 1165 per
881 1126 928 1165 ip-

156 1191 223 1212 sam
237 1183 357 1221 J'urare.

197 1237 225 1265 4.
251 1234 328 1264 Item
351 1233 507 1273 quijtlrat
528 1241 582 1272 per
602 1232 723 1262 idolum
736 1256 743 1269 ‚
763 1233 930 1263 committit

156 1287 365 1319 idololatriam
377 1310 384 1322 ‚
401 1288 430 1316 et
444 1286 504 1315 hoe
519 1294 582 1315 11011
597 1285 636 1315 oh
652 1285 739 1315 aliud
751 1309 759 1323 ‚
778 1286 839 1315 nisi
856 1286 931 1324 quia

156 1341 189 1370 in
210 1340 346 1379 jurando
373 1338 499 1369 exhibet
524 1337 625 1375 idolo⁷
647 1338 730 1377 quod
754 1338 845 1368 debet
868 1338 929 1369 Deo

157 1393 307 1424 exhibere
321 1401 423 1432 :ergo
434 1391 554 1431 Ju1¹atio
568 1393 684 1430 spectat
699 1392 737 1421 ad
752 1392 874 1422 cultum
887 1392 930 1421 la-

157 1449 227 1478 triae
238 1472 247 1486 ‚
264 1448 319 1487 qui
335 1447 465 1477 debetur
479 1446 536 1476 soli
550 1446 703 1485 Majestati
718 1446 837 1477 divinae
852 1458 857 1477 :
875 1447 929 1477 sed

158 1503 278 1531 constat
297 1500 380 1540 quod
396 1509 459 1529 non
475 1501 520 1529 est
534 1499 656 1529 licitum
679 1501 857 1529 ereaturam
872 1499 929 1529 ali-

159 1564 254 1594 quam
265 1553 410 1584 venerari
421 1553 506 1583 cultu
518 1552 618 1582 latriae
631 1563 636 1581 :
649 1561 728 1591 ergo
739 1552 825 1582 nullo
836 1552 930 1583 modo

159 1612 205 1639 est
219 1608 341 1638 licitum
357 1616 412 1646 per
427 1609 602 1637 creaturam
615 1607 734 1645 jurare.

200 1661 260 1691 Sed
275 1663 403 1691 contra:
428 1660 542 1699 Joseph
564 1659 707 1699 ι111111νίῖὲ
726 1667 782 1698 per
797 1659 930 1690 satutem

160 1715 362 1746 Pharaonis:
384 1713 409 1743 si
424 1722 502 1751 ergo
524 1713 606 1752 ipse,
632 1714 783 1751 tanquam
804 1714 931 1742 sanetus

161 1769 253 1799 1101110
267 1792 274 1805 ,
295 1767 415 1797 licitum
433 1767 655 1805 juramentum
678 1765 768 1802 fecit⁷
794 1767 824 1795 et
847 1765 931 1795 salus

162 1821 332 1852 Pharaonis
346 1822 411 1851 erat
428 1819 502 1859 quid
518 1821 675 1856 creatum,
695 1819 831 1855 videtur,
846 1819 931 1858 quod

160 1883 215 1913 per
229 1876 406 1904 creaturam
428 1873 534 1911 jurare
554 1871 594 1901 sit
608 1871 730 1901 licitum
752 1873 782 1901 et
805 1879 929 1901 conces-

160 1936 243 1957 sum.

201 1979 318 2010 ltem³z
345 1977 490 2013 Quotidie
511 1977 630 2008 morior
647 1979 775 2015 propter
794 1979 931 2008 vestram

161 2033 295 2073 qlorz'am
311 2033 449 2070 fratres;
472 2031 524 2060 ubi
536 2054 543 2068 ,
568 2030 742 2060 seeundum
758 2030 841 2069 quod
859 2030 932 2060 dicit

161 2085 360 2125 Augustinus
370 2085 390 2121 ⁶,
408 2083 529 2123 juravit
550 2082 737 2121 Apostolus:
757 2083 810 2113 sed
830 2083 932 2121 gloria

161 2147 272 2168 eorum
286 2139 353 2168 erat
367 2136 443 2176 quid
458 2138 598 2166 creatum
611 2146 617 2165 2
635 2144 714 2174 ergo
726 2159 734 2173 ,
751 2138 808 2165 ete.

203 2191 279 2221 Item
292 2189 588 2229 formajiiramenti,
603 2198 665 2227 qua
678 2189 816 2219 maxime
831 2190 932 2220 utitur

162 2242 384 2274 universalitas
414 2243 452 2279 (α)
477 2241 618 2272 fidelium
633 2265 641 2278 ,
674 2243 719 2271 est
742 2242 853 2280 jurare
876 2251 932 2281 per

163 2298 269 2326 sancta
290 2295 342 2325 Dei
361 2295 535 2334 Evangelia
552 2305 558 2324 :
585 2294 638 2325 sed
651 2295 860 2333 Evangelium
886 2297 933 2325 est

163 2348 238 2388 quid
267 2349 426 2378 creatum:
452 2356 530 2385 ergo
550 2347 669 2377 licitum
688 2348 734 2377 est
750 2348 860 2386 jurare
877 2356 932 2387 per

163 2403 349 2431 creaturam.

204 2454 280 2484 Item
304 2453 444 2493 quotidie
466 2452 571 2483 fideles
582 2454 692 2492 jurant
709 2463 762 2492 per
782 2454 931 2492 Sanctos,

163 2509 271 2547 utpote
286 2516 341 2547 per
355 2507 478 2537 beatam
492 2505 657 2545 Virginem
668 2530 675 2542 ,
693 2509 722 2537 et
736 2516 791 2546 per
805 2507 933 2538 beatum

198 2589 204 2604 ¹
221 2588 295 2618 Cor-p.
312 2588 364 2617 jur.
378 2594 476 2616 canon„
492 2586 549 2609 (list.
565 2592 629 2616 xxu,
646 2594 668 2610 e.
685 2593 703 2610 1.
714 2599 744 2604 —
755 2587 763 2601 ²
778 2587 848 2617 (ἔνη,
864 2594 932 2618 XLII,

171 2627 205 2649 16,
216 2638 245 2642 -
255 2625 264 2641 ³
278 2626 284 2648 1
299 2625 366 2655 Cmn,
378 2630 420 2654 xv,
432 2626 469 2648 251.
483 2637 512 2641 —
526 2624 533 2639 ⁸
546 2625 620 2654 Aug„
631 2623 660 2646 cle
674 2623 737 2647 verb.
749 2624 843 2654 apost,
856 2632 933 2649 serm.

1697 162 1757 191 2¹5

985 220 1134 256 Petrum3
1163 229 1221 250 nec
1247 220 1323 250 illud
1343 222 1561 260 juramentum
1584 226 1754 264 arguitur:

983 281 1062 311 ergo
1072 272 1197 303 videtur
1209 273 1293 312 quod
1304 273 1405 304 forma
1411 276 1588 314 Juramenti
1600 278 1684 309 licita
1694 288 1758 309 non

983 325 1086 354 solum
1102 325 1215 355 habeat
1227 325 1295 355 fieri
1310 335 1366 365 per
1381 327 1558 359 Creatorem
1573 354 1579 367 ‚
1597 331 1650 361 sed
1662 331 1758 362 etiam

984 386 1040 416 per
1055 380 1243 407 creaturam.

1024 431 1119 461 Juxta
1134 431 1193 461 hoc
1207 432 1374 471 quaeritur,
1395 443 1492 473 quare
1514 435 1618 474 magis
1630 437 1759 475 J'uratur

985 492 1040 522 per
1065 483 1256 522 Evangelia,
1283 494 1380 524 quam
1405 495 1460 525 per
1485 490 1644 518 creaturas
1669 488 1756 519 alias.

985 536 1145 572 Quaeritur
1160 537 1254 567 etiam
1278 541 1387 569 utrum
1409 541 1463 579 qui
1476 541 1564 579 jurat
1579 541 1692 572 falsum
1705 551 1761 581 per

985 589 1132 628 lapidem,
1150 591 1189 620 sit
1205 592 1370 630 perJUPuS3
1388 595 1418 623 et
1430 593 1513 632 quod
1529 603 1606 630 11011,
1622 594 1759 633 videtur,

985 642 1060 681 quia
1080 642 1173 681 lapidi
1196 644 1282 673 nulla
1303 647 1349 674 est
1367 647 1545 676 reverentia
1568 647 1757 678 exhibenda.

986 694 1185 726 Contrarium
1205 699 1310 727 autem
1330 698 1427 737 hujus
1447 699 1520 729 dicit
1538 699 1760 738 Augustinus⁵

986 758 1081 788 super
1103 749 1178 780 illud
1201 750 1245 781 (ld
1268 751 1465 783 Romcmos⁶:
1492 753 1594 784 Testis
1613 756 1658 785 est
1678 754 1761 785 mihi

987 802 1089 840 Deus,
1112 805 1142 832 et
1157 803 1291 833 habetur
1311 804 1344 834 iu
1366 805 1479 835 littera.
1508 805 1666 842 Quaeritur
1683 816 1761 846 ergo

986 855 1144 893 quomodo
1160 858 1190 886 et
1211 857 1348 895 qualiter
1367 858 1457 888 liceat
1472 859 1583 897 jurare
1600 869 1655 899 per
1669 869 1760 891 erea-

989 909 1104 938 turam.

1263 975 1491 1007 CONCLUSIO.

985 1051 1082 1078 szare
1095 1060 1142 1086 per
1156 1055 1289 1080 creaturas
1306 1056 1344 1080 est
1359 1055 1478 1089 licitam,
1494 1057 1549 1082 sive
1564 1056 1736 1090 imprecando
1748 1078 1756 1087 ,

1003 1098 1058 1122 sive
1074 1104 1163 1123 earum
1179 1097 1330 1125 Creatorem
1344 1099 1373 1125 in
1388 1101 1568 1126 testzssmom'um
1583 1100 1743 1127 invocando.

1028 1176 1118 1216 Resp.
1140 1177 1179 1207 ad
1199 1186 1267 1216 arg.
1292 1178 1465 1210 Dicendum
1488 1179 1572 1218 quod
1594 1180 1762 1218 juramen-

987 1232 1055 1260 tum
1066 1231 1270 1261 assertorium
1281 1231 1447 1271 dupliciter
1458 1231 1553 1262 habet
1562 1233 1628 1262 fieri
1641 1241 1648 1262 :
1663 1232 1760 1272 qnod-

987 1283 1059 1313 (lam
1084 1293 1138 1322 per
1160 1284 1437 1323 imprecationem3
1460 1285 1618 1324 quoddam
1638 1295 1694 1325 per
1712 1286 1761 1326 ip-

987 1336 1051 1366 sius
1075 1337 1215 1367 veritatis
1236 1338 1408 1368 testimonii
1432 1338 1676 1370 invocationem.
1703 1338 1762 1370 Per

987 1389 1244 1429 imprecationem
1261 1393 1367 1421 autem
1377 1392 1516 1431 juratur,
1538 1401 1612 1422 cum
1627 1392 1690 1423 ita:
1707 1391 1760 1423 Vi-

988 1447 1040 1475 vat
1055 1444 1139 1474 filius
1156 1454 1263 1483 meuS,
1287 1445 1338 1476 vel
1360 1448 1458 1485 pater,
1483 1446 1542 1476 hoc
1564 1448 1611 1476 est
1634 1447 1758 1477 dicere:

987 1497 1053 1528 Nisi
1077 1507 1154 1536 ergo
1178 1498 1352 1537 implevero
1376 1498 1461 1538 quod
1488 1499 1658 1538 promitto,
1686 1500 1759 1531 vel:

958 1563 964 1569 ·
987 1550 1052 1581 Nisi
1068 1551 1240 1590 implevero
1259 1551 1343 1591 quod
1356 1553 1431 1591 juro
1444 1575 1451 1587 ‚
1474 1561 1539 1582 non
1554 1552 1641 1583 vivat
1657 1553 1740 1583 filius
1751 1577 1758 1591 ,

987 1604 1036 1634 vel
1061 1606 1148 1644 pater
1170 1614 1268 1636 meus.
1295 1604 1332 1635 Et
1352 1605 1384 1634 in
1404 1605 1463 1635 hac
1486 1605 1588 1635 forma
1607 1606 1758 1645 jurandi,

988 1660 1132 1688 creatura
1141 1658 1179 1688 ad
1190 1658 1423 1688 testificandum
1436 1667 1500 1688 non
1511 1659 1693 1696 invocatum
1706 1659 1761 1690 sed

987 1711 1091 1750 potius
1105 1711 1164 1750 ipsi
1181 1711 1316 1742 Creatori
1331 1711 1572 1751 oppignoratur‚
1585 1712 1760 1743 secundum

987 1764 1070 1802 quod
1086 1764 1160 1794 dicit
1179 1764 1379 1803 Augustinus
1390 1764 1410 1794 ⁷.
1436 1764 1473 1794 Et
1487 1764 1547 1794 hoe
1568 1764 1697 1804 quidem
1714 1767 1761 1796 est

986 1816 1109 1846 licitum
1121 1841 1128 1854 ⁷
1145 1818 1220 1856 quia
1235 1817 1381 1856 quamvis
1395 1817 1498 1847 omnis
1510 1819 1653 1847 ereatura
1666 1818 1706 1848 sit
1718 1818 1760 1858 ip-

987 1870 1053 1899 sius
1074 1869 1243 1907 Creatoris⁷
1268 1873 1373 1899 tamen
1394 1870 1514 1899 bouum
1537 1869 1587 1900 vel
1610 1869 1759 1902 solatium

987 1922 1071 1961 quod
1086 1932 1125 1952 ex
1139 1925 1283 1953 creatura
1294 1922 1498 1962 percipimuS,
1515 1924 1545 1953 et
1559 1932 1578 1952 a
1592 1922 1654 1953 Deo
1668 1923 1759 1954 nobis

987 1985 1169 2006 concessum
1191 1979 1254 2014 est,
1281 1976 1342 2007 Deo
1366 1979 1518 2016 tanquam
1538 1978 1682 2007 nostrum
1701 1986 1757 2017 op-

988 2027 1157 2066 pignorare
1179 2037 1367 2067 possumus:
1387 2030 1417 2058 et
1436 2028 1506 2058 ideo
1521 2020 1606 2058 licita
1626 2029 1673 2058 est
1691 2028 1760 2059 haee

987 2080 1098 2116 forma,
1113 2081 1184 2111 lieet
1195 2081 1255 2111 hoe
1265 2081 1441 2120 juramenti
1454 2090 1567 2119 genuS,
1583 2081 1759 2112 secundum

987 2134 1071 2173 quod
1089 2134 1161 2164 dicit
1175 2134 1376 2173 Augustinus
1390 2134 1422 2163 111
1436 2134 1540 2164 littera
1552 2158 1559 2172 ‚
1578 2134 1618 2164 sit
1632 2134 1757 2171 gravis-

988 2187 1116 2218 simum.
1134 2187 1214 2217 Illud
1228 2197 1303 2218 vero
1313 2189 1533 2227 J'uramentum
1548 2188 1583 2218 fit
1592 2197 1647 2227 per
1660 2188 1759 2227 ipsius

988 2240 1129 2271 veritatis
1154 2241 1322 2271 testimonii
1348 2241 1579 2272 invocationem
1595 2265 1604 2278 ‚
1631 2241 1758 2281 quando

988 2294 1100 2333 aliquis
1111 2296 1200 2334 jurat
1214 2304 1269 2334 per
1285 2294 1423 2334 aliquem
1439 2294 1477 2325 ad
1492 2294 1705 2326 invocandum
1720 2294 1757 2324 il-

989 2348 1056 2378 lum
1078 2349 1111 2378 in
1131 2349 1253 2378 testem.
1279 2347 1385 2378 Potest
1408 2348 1514 2378 autem
1536 2349 1679 2377 creatura
1699 2346 1758 2377 du-

990 2402 1111 2441 pliciter
1123 2401 1267 2432 advocari
1278 2401 1312 2431 in
1321 2400 1537 2431 testimonium
1552 2410 1558 2430 τ
1575 2401 1631 2430 aut
1643 2408 1757 2430 secun-

990 2455 1067 2484 dnm
1082 2464 1132 2492 se,
1155 2454 1255 2484 autin
1271 2455 1426 2493 quantum
1447 2455 1493 2484 est
1512 2452 1682 2491 vestigium
1703 2459 1758 2483 ve-

991 2508 1090 2537 ritatis
1111 2507 1238 2538 divinae.
1261 2506 1293 2537 Si
1315 2506 1489 2537 secundum
1510 2514 1562 2542 se,
1585 2505 1646 2535 hoc
1666 2504 1760 2535 modo

991 2592 1152 2617 xxv111‚c.v'‚
1168 2586 1200 2610 al.
1211 2592 1305 2616 chx-xx,
1321 2587 1424 2608 11.5.-
1438 2586 1445 2598 Β
1459 2584 1532 2613 thid„
1546 2591 1572 2607 11,
1589 2585 1611 2608 2.
1625 2584 1674 2601 —-⁶
1686 2584 1752 2607 Rom.

991 2630 1008 2654 1,
1025 2623 1096 2647 9.—'1
1109 2624 1183 2653 Aug,
1196 2622 1239 2646 ubi
1253 2628 1371 2652 supra.—
1383 2620 1413 2651 (a)
1425 2619 1494 2643 Edit.
1503 2620 1560 2644 Ven.
1573 2619 1759 2643 universaliter.
