2017 2948
798 192 896 224 DIST.
920 193 944 224 Ι.
971 192 1069 224 PARS
1092 192 1130 223 ΙΙ.

163 267 291 298 habitus
305 267 478 297 substratos
493 275 501 296 z
517 264 602 296 unde
615 261 851 293 sacramentalis
863 269 933 300 gra-

164 320 208 351 tia
222 329 319 360 supra
341 320 476 359 gratiam
497 319 654 348 virtutum
674 318 801 355 propter
821 323 930 354 pecca-

165 376 233 404 tum
253 373 338 404 addit
358 373 494 413 aliquem
509 371 666 402 effectum.
692 368 880 407 Exemplum
901 368 933 398 in

165 435 202 457 οο
212 426 266 466 qui
278 428 389 465 gratus
399 427 444 456 est
454 427 484 455 et
494 424 667 463 baptizatus
680 433 686 452 2
703 422 795 452 datur
807 421 850 450 illi
863 430 935 459 gra-

166 479 218 510 tiae
233 479 380 517 effectus,
403 478 478 518 quia
497 487 561 508 non
578 479 702 506 tautum
724 474 900 505 absolvitur
915 483 935 504 a

166 532 259 571 culpa
267 555 277 570 ,
300 531 352 562 sed
371 531 467 562 etiam
483 540 501 561 a
516 539 609 570 poena
623 538 630 559 :
651 529 695 559 510
711 530 758 558 est
773 528 803 557 et
817 527 850 556 in
865 525 933 556 aliis

167 584 348 621 virtutibus,
362 585 393 615 et
406 583 515 621 donis,
531 585 561 614 et
577 581 824 613 beatitudinibus
838 588 935 619 penes

1706 194 1764 223 265

989 259 1115 291 habitus
1130 260 1317 298 substratos,
1334 260 1388 300 qui
1403 260 1553 290 differunt
1569 262 1697 299 propter
1709 259 1765 289 dif-

988 314 1153 344 ferentiam
1168 314 1202 344 in
1213 314 1344 351 actibus,
1361 313 1400 344 ad
1414 323 1494 352 quos
1504 313 1663 344 ordinant.
1681 313 1762 344 Nam

989 367 1125 398 virtutes
1146 366 1292 397 ordinant
1313 367 1350 396 ad
1371 376 1466 406 opera
1482 366 1584 405 prima
1598 390 1605 403 ,
1630 366 1712 396 dona
1726 366 1765 397 ad

992 420 1104 458 media,
1122 420 1329 450 beatitudines
1341 420 1380 450 ad
1395 421 1540 459 perfecta,
1557 421 1590 449 ut
1606 419 1698 449 alibi¹
1713 428 1765 459 pa-

990 475 1053 511 tet3
1070 474 1265 503 sacramenta
1281 482 1356 503 vero
1375 472 1495 503 addunt
1511 472 1688 502 remedium
1705 481 1765 502 cu-

991 526 1130 557 rationis.
1143 525 1181 556 Et
1191 525 1328 556 rationes
1339 525 1513 565 procedunt
1523 524 1700 555 secuudum
1709 524 1767 554 has

990 579 1069 610 duas
1083 579 1162 610 vias.

874 702 986 739 PARS
1016 702 1058 738 II.

772 796 817 817 DE
848 794 1162 817 CIRCUMCISIONE.

217 875 294 908 Fuit
308 878 417 907 tamen
431 874 516 906 inter
530 873 587 905 illa
603 867 803 905 sacramenta
817 874 1055 903 sacramentum
1072 869 1250 912 quoddam,
1265 869 1383 901 scilicet
1399 869 1663 910 circumcisionis,
1677 869 1763 901 idem

173 933 341 966 conferens
362 931 543 964 remedium
574 935 685 963 contra
708 931 895 973 peccatum,
919 927 1006 971 quod
1031 938 1119 959 111100
1141 926 1321 970 baptismus
1350 930 1487 969 praestat.
1516 925 1610 958 Unde
1635 926 1766 967 Augus·

174 991 262 1024 tinus
277 993 288 1009 ²
306 1003 312 1021 ς
335 1002 351 1020 1(
366 989 414 1022 Ex
432 1000 498 1033 quo
522 987 671 1020 instituta
697 990 743 1018 cst
761 984 963 1017 circumcisio
989 985 1023 1016 in
1049 984 1170 1028 populo
1194 983 1264 1024 Dei,
1282 993 1355 1026 1111εο
1371 987 1439 1014 crat
1457 986 1534 1015 tunc
1559 983 1765 1025 signaculum

170 1047 306 1092 ι1115111133
320 1046 408 1087 fidei,
424 1046 464 1078 ad
480 1045 706 1090 purgationem
722 1043 851 1075 valebat
873 1042 998 1084 magnis
1022 1044 1052 1073 et
1071 1041 1216 1085 parvulis
1240 1040 1409 1083 originalis
1425 1040 1606 1084 veterisque
1632 1041 1764 1084 peccati,

174 1105 256 1137 sicut
269 1104 450 1148 baptismus
464 1114 503 1136 ex
518 1103 575 1135 illo
592 1102 698 1134 valere
709 1100 804 1144 coepit
815 1100 854 1132 ad
869 1099 1114 1132 innovationem
1127 1097 1573 1141 1101111015οΧ11110105111111115
1587 1101 1644 1130 est.
1658 1110 1674 1128 »
1685 1098 1764 1130 item

174 1162 260 1195 Beda
275 1165 285 1181 ³
303 1174 310 1193 :
332 1174 348 1192 «
362 1161 451 1194 Idem
466 1159 641 1192 salutiferec
656 1157 833 1191 curationis
847 1157 1009 1190 auxilium
1027 1156 1228 1188 circumcisio
1244 1155 1278 1187 in
1293 1155 1363 1198 lege
1383 1159 1495 1187 contra
1510 1155 1679 1198 originalis
1693 1166 1765 1198 pec-

173 1219 235 1252 cati
250 1219 373 1252 vulnus
387 1218 513 1261 agebat,
532 1217 620 1262 quod
636 1217 816 1260 baptismus
832 1226 927 1257 agere
949 1207 1100 1247 revelata}
1125 1213 1238 1256 gratize
1265 1218 1406 1256 tempore
1425 1213 1605 1252 cousuevit,
1632 1216 1763 1256 excepto

174 1277 261 1321 quod
278 1276 370 1319 regui
384 1275 521 1308 coelestis
533 1275 668 1319 januam
686 1274 831 1306 nondum
848 1273 970 1305 intrare
986 1276 1133 1316 poterant
1153 1284 1158 1303 :
1177 1276 1284 1303 tamen
1300 1272 1334 1303 111
1351 1271 1422 1302 sinu
1442 1270 1579 1303 Abrahae
1596 1275 1665 1314 post
1681 1282 1767 1303 mor-

176 1339 239 1367 tem
256 1334 369 1378 requie
384 1333 478 1366 beata
492 1332 660 1373 consolati,
677 1342 825 1375 supernae
840 1331 926 1374 pacis
940 1328 1124 1373 ingressum
1140 1341 1193 1373 spe
1210 1329 1295 1361 felici
1312 1328 1533 1372 expectabant.
1554 1341 1568 1357 »
1588 1328 1646 1360 1115
1658 1332 1767 1372 aperte

174 1390 703 1436 traditaqpercircumcisionem,
720 1401 759 1422 ex
775 1400 840 1433 quo
856 1388 1006 1420 instituta
1022 1387 1096 1427 fuit,
1114 1387 1338 1419 remissionem
1354 1388 1473 1429 peccati
1488 1385 1657 1428 originalis
1672 1389 1702 1417 et
1717 1396 1768 1418 ac-

175 1449 273 1482 tualis
287 1448 433 1493 parvulis
447 1452 478 1480 et
493 1447 673 1492 majoribus
688 1459 706 1479 a
720 1447 786 1479 Deo
800 1446 990 1491 praestitam,
1006 1445 1088 1477 510111
1104 1456 1191 1476 011110
1207 1455 1262 1488 per
1277 1443 1478 1487 baptismum
1495 1442 1603 1475 datur.

219 1506 385 1546 Quaeritur
399 1510 509 1538 autem
525 1506 563 1538 de
580 1505 658 1537 viris
673 1504 731 1548 qui
747 1504 881 1537 fuerunt
897 1507 971 1535 111110
986 1503 1280 1542 circumcisionem,
1297 1506 1328 1533 ct
1342 1501 1380 1533 dc
1397 1501 1526 1533 feminis
1546 1512 1620 1544 qua}
1636 1501 1768 1533 fuerunt

175 1562 694 1608 0010010051,(1001110010111001
720 1566 831 1594 contra
856 1565 1022 1605 peccatum
1046 1560 1233 1593 habuerint.
1255 1559 1395 1599 Quidam
1420 1559 1533 1591 dicunt
1557 1558 1713 1591 sacrificia
1737 1563 1768 1591 et

175 1622 354 1655 oblationes
368 1621 413 1654 eis
427 1621 566 1654 valuisse
585 1621 624 1653 ad
641 1620 864 1653 remissionem
881 1619 1010 1663 peccati.
1030 1618 1093 1651 Sed
1110 1617 1227 1650 melius
1242 1621 1289 1649 est
1303 1617 1421 1657 1110010,
1438 1616 1512 1648 illos
1535 1617 1591 1661 qni
1612 1616 1650 1649 de
1665 1616 1769 1649 Abra-

174 1680 250 1712 ham
265 1679 470 1724 prodierunt,
486 1690 544 1723 per
561 1678 840 1711 circumcisionem
861 1677 1074 1721 justificatos3
1101 1676 1255 1708 mulieres
1270 1686 1346 1708 vero
1362 1686 1418 1718 per
1438 1674 1535 1706 fidem
1557 1679 1587 1706 01
1609 1674 1769 1719 operatio-

175 1748 248 1770 nem
269 1737 410 1770 bonam:
427 1737 478 1770 vel
494 1748 600 1778 suam,
617 1737 644 1769 si
659 1736 780 1769 adultae
797 1740 909 1777 erant3
928 1736 979 1768 vel
995 1738 1181 1779 parentum,
1199 1733 1225 1766 si
1247 1733 1403 1777 parvulas.
1431 1732 1493 1764 Eos
1509 1744 1598 1774 vcro,
1620 1732 1677 1776 qui
1700 1733 1769 1765 fue-

174 1798 252 1828 runt
267 1799 340 1827 ante
355 1795 648 1835 circumcisionem,
666 1794 821 1838 parvulos
836 1794 869 1826 in
891 1793 952 1827 fide
967 1796 1154 1837 parentum,
1171 1795 1320 1835 parentes
1335 1802 1410 1824 vero
1426 1801 1483 1834 per
1498 1790 1653 1823 virtutem
1674 1790 1770 1822 sacri-

176 1852 339 1893 ficiorum,
356 1853 476 1885 scilicet
490 1864 590 1896 quam
607 1852 834 1894 intelligebant
857 1850 1072 1895 spiritualiter
1087 1849 1121 1882 in
1142 1848 1317 1889 sacrificiis,
1340 1848 1546 1891 justificatos.
1573 1847 1666 1880 Unde
1690 1847 1770 1880 Gre-

175 1910 288 1953 gorius
301 1912 311 1928 ·
328 1920 335 1940 :
354 1923 371 1941 «
388 1909 482 1948 Quod
501 1909 586 1953 apud
602 1920 661 1942 nos
676 1909 762 1941 valet
777 1920 863 1953 aqua
876 1907 1042 1951 baptismi,
1061 1907 1120 1939 hoc
1136 1906 1201 1949 egit
1216 1906 1302 1950 apud
1325 1909 1449 1938 veteres
1472 1905 1523 1938 vel
1546 1916 1603 1949 pro
1624 1905 1769 1948 parvulis

174 1967 242 2000 sola
258 1966 349 2008 fides,
362 1967 413 1999 vel
429 1978 487 2010 pro
504 1966 681 2011 majoribus
697 1966 801 1999 virtus
815 1965 977 2007 sacrificii,
996 1965 1046 1998 vel
1073 1975 1131 2008 pro
1152 1963 1203 1997 his
1217 1963 1276 2007 qui
1299 1975 1338 1995 ex
1360 1962 1499 1995 Abrahae
1520 1962 1619 2006 stirpe
1642 1962 1769 2006 prodiea

175 2029 265 2066 runt,
283 2025 476 2069 mysterium
490 2024 756 2057 circumcisionis.
776 2037 792 2055 »
1610 2020 1615 2024 “

217 2082 278 2116 Η10
293 2083 467 2115 dicendum
483 2087 529 2115 est
545 2083 577 2115 in
591 2094 657 2127 quo
672 2082 821 2114 instituta
835 2081 934 2114 fucrit
949 2080 1163 2121 circumcisiO,
1182 2083 1214 2112 et
1228 2090 1342 2123 quare,
1358 2082 1389 2110 01
1404 2088 1462 2110 cur
1478 2080 1602 2110 mutata
1619 2088 1675 2121 per
1689 2077 1767 2120 bap-

127 2138 130 2140 *
175 2141 320 2173 tismum.
337 2141 504 2173 Abraham
523 2140 645 2184 primus
661 2139 851 2172 mandatum
867 2138 1121 2171 circumcisionis
1136 2137 1251 2170 habuit
1264 2136 1303 2169 ad
1316 2135 1538 2180 probationem
1555 2135 1764 2176 obedientiae3

176 2209 234 2230 nec
247 2198 277 2230 ei
291 2198 350 2230 soli
366 2202 524 2242 praecepta
540 2197 602 2230 fuit
614 2197 829 2238 circumcisio,
846 2197 900 2230 sed
916 2201 947 2229 et
960 2196 1075 2229 semini
1092 2197 1162 2241 ejus
1177 2195 1198 2237 ⁵,
1215 2195 1247 2228 id
1264 2200 1323 2236 est,
1341 2194 1493 2227 omnibus
1508 2193 1653 2226 Hebraeis
1670 2205 1677 2225 :
1694 2203 1767 2237 qum

178 2255 275 2288 fiebat
288 2255 468 2288 secundum
482 2256 587 2298 legem
603 2259 716 2288 octava
729 2255 781 2287 die
805 2255 932 2299 lapideo
953 2254 1058 2287 cultro
1078 2260 1087 2276 ⁶
1108 2254 1141 2286 in
1157 2264 1252 2286 carne
1277 2252 1443 2297 praeputii.
1470 2251 1551 2283 Data
1574 2254 1683 2283 autem
1705 2249 1768 2282 fuit

177 2312 377 2345 circumcisio
392 2313 541 2357 pluribus
556 2313 594 2345 de
609 2313 725 2353 causis,
742 2312 862 2346 scilicet
886 2316 923 2345 ut
945 2323 1002 2356 per
1026 2311 1245 2345 obedientiam
1271 2309 1417 2342 mandati
1437 2308 1604 2341 Abraham
1628 2308 1768 2352 placeret

176 2370 256 2411 Deo,
273 2370 326 2403 cui
342 2381 398 2414 per
413 2370 709 2414 praevaricationem
725 2370 830 2403 Adam
846 2370 1066 2414 displicuerat.
1085 2369 1166 2402 Data
1181 2368 1279 2401 etiam
1295 2367 1356 2400 suit
1373 2367 1407 2399 in
1430 2366 1560 2408 signum
1584 2375 1709 2407 magnae
1729 2364 1768 2396 fi-

176 2428 228 2461 dei
243 2427 395 2470 Abrahae,
412 2427 469 2471 qui
484 2427 619 2461 credidit
629 2439 661 2460 se
676 2427 868 2461 habiturum
884 2428 992 2460 filium
1010 2428 1043 2460 in
1059 2439 1125 2472 quo
1142 2427 1234 2459 fieret
1256 2424 1438 2459 benedictio
1460 2422 1607 2456 omnium
1621 2435 1627 2463 ;
1651 2421 1768 2454 deinde

176 2490 214 2520 ut
227 2485 288 2519 hoc
302 2486 396 2529 signo
411 2497 429 2518 a
444 2485 567 2518 caeteris
582 2485 769 2518 nationibus
783 2485 1022 2519 discerneretur
1036 2485 1177 2530 populus
1192 2484 1260 2517 ille.
1277 2484 1315 2516 ln
1329 2493 1425 2515 carne
1436 2492 1512 2514 vero
1529 2479 1678 2524 praeputii
1692 2479 1766 2513 ideo

173 2543 264 2588 jussa
277 2548 325 2577 est
337 2543 409 2577 fieri
424 2542 638 2585 circumcisio,
655 2543 732 2587 quia
746 2543 781 2576 in
797 2544 978 2578 remedium
994 2543 1144 2577 instituta
1159 2546 1206 2575 est
1219 2540 1390 2585 originatis
1405 2538 1537 2583 peccati,
1561 2537 1648 2582 quod
1671 2549 1690 2570 a
1711 2549 1768 2582 pa-

209 2638 215 2654 ¹
233 2638 310 2668 Sent„
325 2637 368 2661 lib·
386 2637 428 2665 111,
445 2637 502 2661 dist·
524 2641 554 2660 ΠΙ
576 2636 601 2660 et
623 2635 752 2667 deinceps.
769 2650 795 2654 -
818 2637 826 2652 ²
842 2638 916 2668 Aug,
931 2638 961 2661 cle
978 2638 1043 2667 Νιιρ.
1059 2637 1081 2660 et
1099 2636 1215 2667 Com-up„
1234 2635 1277 2658 lib.
1295 2634 1326 2664 u,
1341 2640 1364 2656 c.
1380 2638 1420 2661 xi,
1440 2638 1465 2656 0.
1481 2632 1519 2656 24.
1538 2642 1567 2649 —-
1584 2630 1593 2646 ³
1609 2631 1680 2662 ned„
1696 2638 1768 2662 super

178 2673 272 2704 Evanq.
283 2674 350 2704 Luc„
366 2679 393 2703 11,
409 2674 448 2697 22.
466 2686 491 2689 -
512 2672 518 2685 ¹
532 2672 618 2701 Greg„
633 2671 732 2701 Mor-al„
750 2672 792 2695 lib.
808 2673 851 2703 lv,
870 2680 892 2696 c.
909 2680 934 2697 11.
946 2685 978 2691 -
991 2673 1000 2690 ⁵
1015 2673 1088 2702 Gen..
1102 2677 1164 2701 xvii,
1186 2672 1223 2696 10.
1239 2683 1269 2689 —
1283 2670 1292 2683 ¹⁵
1304 2670 1364 2698 -l05-,
1381 2673 1404 2697 V.
1419 2668 1442 2692 2·

1791 1516 1818 1536 Dc
1841 1517 1893 1538 viris

1787 1548 1822 1573 qni
1850 1547 1893 1567 fue-

1788 1581 1892 1598 mutante

1805 1611 1894 1630 circuni-

1806 1642 1867 1661 cisio<

1788 1679 1844 1697 neni,
1874 1674 1894 1692 et

1788 1705 1814 1724 110
1835 1703 1893 1723 serni·

1790 1736 1822 1756 nis
1846 1742 1893 1761 quae

1799 1767 1884 1787 suerunt

1789 1800 1837 1818 ante
1873 1800 1894 1818 et

1789 1832 1843 1856 post.

1790 2090 1819 2111 De
1838 2090 1894 2109 insti-

1788 2121 1867 2141 tutione
1874 2123 1895 2140 ct

1787 2159 1848 2173 causa
1855 2152 1895 2171 cir-

1787 2183 1884 2203 cumcui-

1786 2215 1840 2235 0015.
