2017 2948
226 174 265 204 1ιο

226 242 289 271 tem
323 237 548 278 temporalem,
573 238 609 268 ut
641 237 709 267 sinc
741 245 840 267 morae
869 237 995 276 dispon-

226 294 277 324 dio
301 292 464 323 suscitaret
487 299 560 321 eum
587 290 626 321 ad
649 290 747 320 vitam
770 289 992 320 immortalem.

227 346 313 377 Unde
328 344 474 385 quamvis
489 343 630 374 Christus
643 343 741 373 vitam
757 353 848 373 Silam
863 352 919 382 pro
936 351 996 372 no-

226 401 275 431 his
298 400 445 440 posuerit,
466 409 529 430 non
553 402 659 429 tamen
683 398 769 429 illam
789 398 906 435 amisit,
923 397 997 436 quia

227 457 337 488 eadem
353 456 480 494 virtute,
497 465 560 495 qua
575 455 714 485 animam
737 453 839 493 posuit
861 452 997 482 volendo

186 535 190 538 .
226 510 302 549 pati,
318 510 418 549 ipsam
434 508 604 548 resumpsit
620 507 752 538 volendo
765 514 944 544 resurgere.

267 565 297 594 2.
322 563 368 593 Ad
393 562 468 592 illud
492 561 576 601 quod
603 560 761 599 objicitur,
788 559 871 598 quod
897 567 998 596 genus=

227 617 407 648 humanum
427 616 474 645 est
494 613 639 644 bonitatis
658 613 803 649 infinitae,
819 620 891 641 cum
913 611 947 640 sit
968 610 999 639 in

227 669 388 700 infinitum
412 666 659 706 multiplicabilc,
676 664 930 704 respondendum
953 665 999 692 est

227 731 282 762 per
316 720 592 759 interemptionem
630 718 807 757 utriusque.
842 715 996 752 Quamvis

229 774 313 805 enim
331 782 434 811 genus
449 772 627 802 humanum
643 771 681 800 sit
696 771 729 800 in
745 769 905 799 infinitum
918 767 999 798 mul-

228 825 408 866 tiplic-abile,
430 826 585 864 quantum
609 825 655 853 est
675 823 713 854 de
737 832 769 853 se
791 831 847 862 per
866 830 1000 860 gencra-

231 879 324 910 nonis
347 878 588 914 successionem,
605 877 629 906 si
650 879 786 916 tempu5‚
802 878 832 906 et
849 877 954 905 motus
968 874 1000 904 in

217 933 389 963 ‘infinitum
409 931 552 968 duraret;
577 933 680 960 tamen
703 931 1001 969 quantumcumque

230 985 471 1024 multiplicetur,
496 992 620 1023 semper
641 985 687 1013 est
711 984 783 1012 actu
812 981 954 1017 finitum,
972 982 1002 1010 et

229 1038 380 1068 bonitatis
409 1037 518 1067 finitae.
544 1036 691 1066 Humana
719 1044 795 1065 vcro
824 1037 938 1064 natura
968 1033 1001 1063 in

231 1091 363 1127 Christo,
385 1091 504 1120 ratione
529 1089 641 1128 gratiae
664 1088 802 1125 unionis,
826 1096 880 1126 per
904 1095 1001 1125 quam

230 1144 323 1174 datur
348 1144 484 1182 spiritus
506 1151 569 1173 non
593 1142 635 1173 od
656 1149 846 1175 ηιιήειιναηι,
864 1140 1001 1179 (ωοᾱτιιη

230 1197 324 1227 niodo
354 1197 445 1226 hahet
480 1195 701 1225 immensitatis
730 1194 937 1233 dignitati—m,
961 1194 1001 1223 ob

230 1259 325 1289 qnam
340 1252 441 1280 totuin
457 1259 560 1287 genus
575 1249 754 1279 humanum
774 1247 895 1277 excedit
912 1247 1001 1285 qnasi

230 1302 600 1343 improportionabilitcr.
616 1301 653 1331 Et
666 1301 735 1331 ideo
752 1300 789 1330 ad
807 1300 893 1329 illam
910 1299 1002 1328 ratio-

231 1366 304 1387 nem
333 1355 587 1395 respondendum
621 1356 667 1384 est
698 1363 753 1393 per
780 1352 1002 1391 interemptio-

230 1419 317 1440 nem.

272 1466 302 1493 3.
319 1462 366 1492 Ad
380 1461 457 1491 illud
471 1461 554 1500 quod
565 1460 712 1499 objicitur
728 1470 734 1489 t
749 1470 763 1487 α
774 1459 903 1498 Propter
917 1460 1002 1498 quod

232 1515 498 1555 unumquodque,
510 1516 539 1544 et
554 1514 631 1543 illud
645 1513 766 1552 magis;
784 1524 797 1540 n
817 1512 932 1542 solutio
945 1514 1001 1549 est,

233 1569 318 1609 quod
335 1568 410 1598 illud
428 1576 541 1597 verum
557 1569 602 1597 est
618 1566 792 1596 secundum
808 1565 891 1605 quod
906 1573 1002 1604 prop-

235 1626 283 1653 ter
303 1621 377 1652 dicit
395 1620 611 1650 habitudinem
634 1628 738 1649 causae
757 1619 860 1649 finalis
884 1619 1002 1657 princi-

234 1675 324 1714 palis,
346 1682 411 1704 non
427 1675 522 1712 prout
541 1673 615 1703 dicit
633 1672 853 1702 habitudinem
873 1671 1004 1701 rationis

233 1728 422 1759 inducentis.
440 1727 624 1758 Humanum
641 1735 716 1757 vero
731 1735 846 1765 genus,
860 1727 1004 1765 respectu

232 1781 456 1812 incarnationis
477 1783 507 1810 et
526 1779 701 1810 nativitatis
716 1779 841 1815 Christi,
859 1788 924 1809 non
944 1779 1005 1809 fuit

231 1834 311 1865 ratio
325 1833 461 1864 finaliter
478 1842 619 1869 movens,
630 1833 682 1863 sed
698 1832 836 1871 quodam
850 1832 943 1862 modo
957 1832 1003 1861 in-

231 1887 360 1918 ducens.
376 1886 446 1917 Non
468 1886 552 1916 enim
575 1885 717 1915 Christus
733 1885 870 1915 finaliter
885 1884 922 1914 a-Vl
945 1893 1003 1914 nos

233 1940 413 1977 ordinatum
437 1939 495 1972 sot
512 1947 569 1969 nos
594 1938 730 1968 finaliter
752 1937 939 1968 ordinamur
963 1937 1003 1967 ad

232 1993 349 2032 ipsum,
361 1993 435 2031 quia
450 2000 514 2022 non
529 1993 623 2030 caput
637 1993 764 2029 propter
779 1990 932 2026 membra,
951 1989 1005 2019 sed

234 2046 377 2077 membra
400 2048 526 2085 propter
548 2046 652 2083 caput.
671 2044 760 2075 Ratio
781 2046 888 2074 tamen
911 2044 1003 2074 indu-

235 2108 307 2130 cens
327 2099 364 2129 ad
383 2101 507 2129 tantum
523 2099 643 2128 bonum
659 2097 717 2127 fuit
736 2100 851 2127 nostrae
874 2106 1006 2136 repara-

234 2152 331 2183 tionis
353 2152 542 2188 remedium,
566 2150 646 2180 sicut
670 2150 702 2179 iu
726 2150 881 2189 principio
908 2150 1005 2189 liujus

235 2205 319 2236 tertii
337 2205 409 2235 libri
425 2208 433 2224 ¹
451 2204 509 2234 fuit
527 2206 701 2234 ostensum.
722 2203 781 2233 Sed
797 2212 836 2233 ex
859 2204 918 2233 hoc
942 2212 1005 2234 non

235 2258 378 2299 sequitur
401 2257 485 2297 quod
505 2266 608 2296 genus
625 2257 805 2287 humanum
821 2257 860 2286 sit
881 2256 1004 2294 melius,

236 2312 312 2352 quia
334 2311 442 2342 minus
461 2311 581 2341 bonum
604 2311 704 2349 potest
727 2309 876 2340 inducere
898 2309 937 2339 ad
961 2309 1005 2339 fa-

238 2365 386 2396 ciendum
403 2365 507 2403 majUs
521 2364 652 2393 bonum.

277 2421 307 2449 4.
331 2417 380 2448 Ad
404 2416 480 2447 illud
502 2424 577 2446 vero
603 2415 686 2454 quod
708 2415 855 2454 objicitur
881 2414 1004 2452 ultimo,

239 2471 324 2510 quod
335 2470 450 2501 stultus
460 2471 506 2499 est
522 2471 676 2499 mereator
691 2467 746 2507 qui
761 2467 839 2498 emit
852 2476 919 2497 rem
933 2467 1006 2497 cha-

273 2567 354 2590 ’1)ἰεῑΔ
368 2573 392 2597 1,
407 2568 453 2590 nrt.
468 2567 490 2593 2,
503 2572 528 2596 q.
543 2571 570 2590 11.
583 2577 612 2582 —
626 2565 636 2581 ²
653 2564 755 2594 Ia'plies.y
769 2570 796 2592 11,
810 2565 832 2587 4,
844 2577 872 2581 —
884 2564 894 2580 ³
910 2564 948 2587 Ps.
963 2570 1008 2591 xv,

240 2604 262 2627 2.
273 2615 302 2619 —
316 2602 326 2617 δ
338 2602 377 2631 Cf.
390 2601 477 2632 steph.
497 2600 643 2629 Bi·uter.,1tt
658 2600 737 2629 Seni„
748 2599 805 2623 dist.
816 2605 900 2628 xxxii,
917 2606 943 2630 q.
961 2605 1006 2630 v15

241 2636 388 2661 Guilielmus
408 2636 497 2666 Vorit„
524 2636 553 2659 tt}
571 2636 648 2665 Seth,
673 2635 731 2661 dist,
755 2640 837 2664 xxxn,
853 2642 877 2665 q.
894 2641 915 2664 13
933 2635 1007 2658 Cabr.

785 168 1095 201 SENTENTlARUM
1115 167 1190 199 Lm.
1213 168 1265 199 111.

1050 235 1118 265 rius
1136 242 1233 274 quam
1247 235 1360 273 valeat,
1377 235 1545 266 dicendum
1557 234 1643 274 quod
1658 234 1737 266 illud
1754 244 1821 267 non

1052 286 1145 317 habet
1161 287 1324 318 veritatem
1339 288 1398 318 nisi
1412 288 1444 318 in
1458 296 1494 318 eo
1508 289 1681 318 mercatore
1695 288 1752 327 qui
1766 287 1822 319 ha-

1052 340 1103 370 bet
1122 339 1331 379 indigentiam
1352 340 1454 380 pretii,
1472 342 1503 370 et
1517 341 1622 380 potius
1637 340 1772 371 intendit
1789 341 1822 373 in

1054 393 1222 424 mercando
1247 394 1386 433 seipsum
1413 393 1531 431 ditare,
1560 403 1657 433 quam
1686 393 1822 425 alienam

1054 447 1192 486 inopiam
1207 447 1359 478 relevare.
1374 446 1442 478 Non
1457 447 1502 477 sie
1515 450 1624 477 autem
1639 449 1685 478 est
1700 447 1732 477 in
1747 447 1821 485 Deo,

1053 499 1108 539 qui
1133 502 1179 530 est
1194 503 1204 518 ¹
1219 500 1308 531 (lives
1330 501 1366 531 in
1387 499 1623 537 misericordia,
1648 502 1679 530 et
1695 503 1706 519 ⁸
1727 499 1824 532 bono-

1053 560 1124 583 rum
1147 556 1326 584 nostrorum
1345 561 1409 584 non
1425 553 1563 592 incltye&
1582 552 1715 592 quinon
1738 561 1823 583 mer-

1054 606 1144 636 catur
1166 607 1292 644 propter
1313 614 1405 635 suam
1431 606 1600 636 utilitatem
1623 604 1823 644 augendam,

1054 658 1107 689 sed
1127 660 1254 698 propter
1274 661 1415 688 nostram
1434 659 1576 698 inopiam
1599 658 1822 696 relevandam;

1054 712 1109 751 qni
1132 712 1227 742 etiam
1252 721 1316 742 nou
1340 713 1499 742 mercatur
1522 711 1561 741 ad
1586 720 1654 742 suae
1681 711 1825 742 utilitatis

1054 764 1301 803 promotionem,
1333 764 1387 795 sed
1419 764 1524 804 potius
1558 764 1597 794 ad
1628 763 1826 795 liberalitatis

1055 817 1277 848 ostensionem.
1292 817 1329 848 Et
1339 820 1505 857 propterea
1517 817 1632 857 majori
1651 817 1751 857 pretio
1766 826 1824 848 vo-

1054 870 1114 901 luit
1135 879 1198 916 nos
1215 871 1368 901 redimere
1383 879 1481 910 quam
1503 879 1561 900 nos
1576 870 1767 908 valeremus,
1790 872 1827 900 ut

1055 925 1125 963 ejus
1140 924 1360 954 liberalitatem
1371 924 1453 954 circa
1463 933 1519 954 nos
1534 925 1771 963 cognoscentes,
1783 932 1825 954 ex

1055 978 1127 1008 totis
1144 977 1322 1017 praecordiis
1332 977 1434 1007 eidem
1445 977 1694 1012 acihaereremus‚
1704 979 1741 1007 ut
1752 985 1827 1007 eum

1055 1031 1272 1069 diligeremus
1288 1032 1318 1060 et
1333 1030 1428 1060 etiam
1442 1030 1666 1070 pretiositatem
1684 1032 1827 1061 nostram

1056 1094 1096 1116 ex
1120 1085 1197 1115 tanti
1219 1084 1311 1124 pretii
1329 1084 1542 1114 immensitate
1557 1084 1672 1114 melius
1689 1092 1828 1123 cognos-

1056 1147 1210 1169 ceremus
1237 1138 1392 1168 Praeterea
1410 1137 1491 1168 Deus
1510 1147 1575 1167 non
1593 1136 1768 1167 redimebat
1787 1137 1827 1167 ab

1057 1191 1128 1228 alio,
1155 1191 1208 1221 sed
1231 1200 1249 1221 a
1265 1191 1389 1230 seipso:
1406 1199 1521 1220 manus
1540 1190 1626 1220 enim
1650 1190 1827 1220 misericor-

1055 1245 1116 1276 diae
1137 1244 1309 1275 redimebat
1330 1254 1348 1274 a
1363 1244 1621 1283 manujustitiae:
1638 1243 1673 1273 in
1687 1252 1751 1282 qua
1773 1252 1828 1274 re-

1056 1298 1235 1337 demptione
1257 1307 1321 1328 non
1336 1300 1462 1328 tantum
1477 1297 1734 1328 considerabatur
1756 1305 1829 1336 pre-

1057 1351 1175 1381 tiositas
1188 1350 1234 1381 rei
1250 1352 1377 1390 emptae,
1394 1350 1447 1380 sed
1465 1350 1560 1380 etiam
1577 1350 1715 1389 dignitas
1728 1349 1830 1390 ipsius

1054 1406 1197 1445 ,ius-litiae,
1221 1406 1271 1436 cui
1293 1405 1417 1435 illatum
1439 1406 1541 1436 fuerat
1555 1405 1710 1436 damnum
1732 1406 1763 1435 et
1786 1403 1831 1434 of-

1057 1460 1154 1489 fensa.
1183 1458 1220 1489 Et
1242 1458 1318 1498 quia
1335 1458 1469 1489 offensio
1484 1458 1602 1489 divinae
1618 1457 1753 1498 Justitiae
1773 1458 1830 1488 im-

1058 1519 1176 1540 mensa»
1201 1508 1373 1548 quamdam
1401 1508 1535 1539 habebat
1561 1508 1827 1545 immensitatem3

1058 1563 1127 1593 ideo
1157 1562 1304 1602 quamvis
1331 1561 1428 1592 homo
1452 1561 1634 1601 redemptus
1656 1570 1724 1592 non
1748 1563 1831 1592 esset

1058 1616 1174 1646 valoris
1193 1615 1318 1652 infiniti,
1339 1615 1554 1645 necessarium
1572 1616 1679 1645 tamen
1699 1614 1761 1645 fuit
1781 1614 1832 1654 ip-

1059 1678 1130 1699 sum
1143 1669 1255 1699 redimi
1272 1668 1371 1707 pretio
1389 1668 1490 1698 multo
1505 1667 1636 1706 maioris
1649 1669 1680 1697 et
1695 1666 1831 1697 immen-

1059 1723 1150 1752 sioris
1175 1722 1301 1759 valoris,
1324 1730 1422 1761 quam
1440 1721 1480 1751 sit
1502 1720 1592 1752 valor
1613 1720 1742 1759 generis
1763 1719 1830 1750 hu-

1060 1783 1158 1804 mani.

1319 1881 1499 1920 QUAESTIO
1515 1881 1567 1912 VI.

1060 1963 1106 1989 An
1114 1961 1232 1988 Christus
1240 1958 1599 1993 magisclileaeeriffloannem‚
1609 1965 1689 1992 quam
1696 1957 1830 1984 Petrum*-

1101 2040 1213 2070 Utrum
1239 2039 1344 2076 magis
1369 2038 1514 2068 dilexerit
1541 2037 1708 2074 Joannem,
1733 2043 1831 2075 quam

1061 2093 1208 2130 Petrum3
1225 2094 1255 2122 et
1267 2091 1351 2131 quod
1366 2091 1422 2127 sic,
1437 2090 1563 2120 videtur
1574 2089 1679 2129 primo
1694 2097 1752 2128 per
1768 2090 1835 2119 tex-

1060 2149 1130 2177 tum
1154 2144 1319 2182 Evangelii
1340 2144 1350 2160 ⁵
1373 2153 1380 2173 :
1405 2142 1464 2173 Hic
1488 2145 1533 2174 est
1559 2141 1742 2181 discipulus
1767 2141 1833 2177 ille.

1060 2207 1151 2239 quem
1171 2196 1321 2236 diliqebac
1341 2196 1431 2227 Jesus
1446 2206 1457 2226 .·
1475 2195 1528 2225 sed
1551 2195 1611 2225 hoc
1635 2203 1699 2224 non
1721 2193 1836 2225 dicitur

1062 2260 1117 2292 per
1141 2250 1372 2286 discretionem,
1394 2248 1484 2288 quasi
1506 2247 1585 2278 alios
1604 2256 1670 2277 non
1689 2246 1836 2286 diligeret

1061 2305 1151 2337 Jesus
1166 2314 1172 2334 z
1187 2311 1266 2341 ergo
1287 2301 1402 2332 dicitur
1429 2309 1483 2340 per
1505 2299 1734 2337 excellentiam,
1757 2299 1835 2339 quia

1062 2359 1167 2399 ipsum
1183 2365 1247 2396 prae
1263 2355 1384 2386 caeteris
1398 2353 1558 2392 diligebat.

1103 2411 1181 2441 item
1195 2410 1255 2439 hoc
1271 2408 1396 2439 videtur
1412 2416 1468 2446 per
1486 2406 1563 2436 illud
1578 2405 1714 2437 verbum
1727 2404 1836 2436 Eccle-

1063 2465 1117 2494 siae
1141 2462 1227 2503 quod
1249 2461 1385 2492 trahitur
1407 2460 1446 2490 de
1467 2460 1570 2490 verbis
1591 2458 1705 2496 Bedae;
1733 2460 1837 2489 cantat

1064 2518 1149 2549 enim
1168 2514 1306 2547 Ecclesia
1319 2514 1329 2530 ⁰
1346 2524 1352 2544 :
1372 2513 1432 2545 Hic
1442 2516 1487 2545 est
1499 2513 1646 2550 Joannes,
1660 2512 1717 2552 qui
1729 2512 1837 2551 privi-

1066 2596 1137 2626 niet,
1152 2596 1180 2618 tlt
1199 2595 1274 2619 Seni..
1296 2593 1354 2617 dist.
1374 2598 1447 2617 xxxii
1459 2611 1466 2622 ,
1487 2600 1512 2623 q.
1527 2598 1548 2621 1,
1563 2591 1623 2616 dub.
1640 2593 1662 2614 3.
1683 2591 1734 2608 -1
1748 2590 1832 2622 Ioum,

1065 2638 1118 2661 xxi,
1132 2633 1195 2655 7.-
1206 2631 1215 2644 ⁶
1233 2630 1259 2653 ln
1275 2628 1338 2652 testo
1351 2628 1376 2652 S.
1392 2628 1508 2652 ioannis.

1851 2059 1885 2080 Ad
1903 2065 1954 2086 opp.
