2017 2948
276 225 312 253 3⁶2
811 220 1119 252 SENTENTIARUM
1143 222 1215 253 LIB.
1242 222 1292 253 ΙΙΙ.

273 296 347 327 pore
365 299 371 317 :
387 296 462 327 ergo
474 288 602 320 videtur
617 289 702 329 quod
716 290 799 319 Deus
814 297 879 319 non
893 288 1037 319 dilexerit

271 342 447 371 creaturam
463 341 601 382 aliquam
617 341 818 373 aeternaliter.

310 396 338 423 3.
357 393 433 424 Item
451 395 534 425 Deus
549 404 612 425 non
627 395 741 426 dicitur
756 394 893 433 aliquem
907 393 1037 432 diligere

271 448 387 479 affectu
406 460 412 480 :
429 459 505 488 ergo
526 451 551 480 si
566 451 677 489 diligit,
694 451 754 480 hoc
767 451 813 480 est
837 449 913 489 quia
936 448 1038 488 diligit

269 500 381 532 effectu
397 511 405 532 :
420 503 473 532 scd
491 503 621 533 effectus
632 503 750 534 divinae
764 501 913 532 bonitatis
928 504 973 532 est
986 510 1035 532 so-

267 553 335 584 lum
357 563 397 584 ex
418 557 558 595 tempore
575 565 582 586 ε
597 565 672 595 ergo
688 558 771 586 Deus
786 555 947 585 neminem
963 554 1036 585 dili-

268 607 314 645 git
328 608 387 638 nisi
405 608 629 648 temporaliter.

306 663 336 691 4.
354 660 430 691 Item
443 662 566 692 dilectio
579 661 632 692 Dei
648 663 694 691 est
707 669 800 691 causa
820 660 992 699 sufficiens,
1006 663 1037 691 et

265 713 428 752 proxima,
446 716 476 744 et
492 714 674 745 immediata
689 713 762 743 boni
780 713 874 743 creati
891 723 897 744 :
913 713 966 744 sed
981 722 1035 753 po·

265 766 323 796 sita
337 775 431 796 causa
447 767 601 797 efficiente
615 766 773 806 proxima,
788 768 819 796 et
834 766 1032 805 immediata,

265 821 295 848 et
309 819 500 856 sufficiente,
518 819 647 859 ponitur
670 819 800 849 effeetus
816 830 822 849 :
840 828 916 858 ergo
937 819 963 850 si
984 829 1035 850 res

264 874 376 902 creatae
386 872 585 903 solummodo
598 875 674 904 sunt
686 881 725 903 ex
740 875 893 912 tempore,
910 873 1034 903 videtur

264 925 348 964 quod
363 927 446 956 Deus
462 926 663 957 solummodo
678 926 787 964 diligat
801 935 853 956 eas
875 928 1032 966 tempora-

263 978 345 1009 liter.

303 1032 332 1061 5.
350 1031 427 1062 Item
448 1033 473 1062 si
490 1034 572 1064 Deus
592 1032 692 1071 diligit
707 1034 881 1070 creaturas,
898 1034 953 1063 aut
967 1032 1034 1062 dili-

263 1084 307 1122 git
330 1084 457 1123 fruens,
481 1087 537 1116 aut
558 1087 650 1116 utens
674 1096 680 1115 :
704 1085 757 1115 sed
783 1086 924 1122 constat,
948 1085 1033 1124 quod

262 1145 326 1166 non
340 1137 441 1176 diligit
452 1138 570 1176 fruens,
587 1138 738 1178 quoniam
751 1146 815 1168 non
830 1139 875 1167 est
889 1140 1033 1168 creatura

261 1188 430 1219 fruendum
445 1213 454 1226 ,
480 1190 560 1220 sicut
586 1190 618 1220 in
639 1190 743 1229 primo
767 1189 848 1220 libro
870 1191 1032 1220 ostensum

261 1242 333 1279 fuit,
350 1251 423 1272 cum
437 1242 514 1274 illud
535 1252 599 1283 quo
620 1243 792 1274 fruendum
807 1245 870 1280 est,
887 1243 927 1273 sit
942 1251 1032 1273 sum-

260 1304 350 1326 mum
365 1295 485 1327 honum
501 1305 509 1326 :
526 1298 622 1326 restat
642 1305 718 1335 ergo
739 1296 842 1336 quod,
859 1296 885 1325 si
907 1298 1029 1327 creatu-

260 1358 328 1379 ram
343 1349 451 1388 diligat
464 1374 470 1387 ,
485 1350 569 1389 quod
585 1349 694 1388 diligat
707 1352 743 1380 ut
755 1351 848 1379 utens
864 1358 871 1379 :
888 1349 942 1380 sed
957 1358 1029 1379 con-

259 1404 320 1432 stat
334 1402 417 1441 quod
433 1411 498 1433 non
515 1402 662 1433 convenit
677 1402 740 1440 uti,
756 1402 816 1432 nisi
833 1411 870 1432 eo
884 1402 970 1441 quod
985 1405 1031 1432 est

260 1458 348 1486 actu:
364 1465 439 1495 ergo
449 1465 616 1496 nunquam
631 1458 714 1486 Deus
724 1456 825 1495 diligit
838 1458 1026 1494 creaturam,

260 1508 319 1538 nisi
335 1511 407 1539 actu
423 1511 527 1539 entem
551 1520 557 1539 :
580 1518 645 1540 nou
667 1518 742 1547 ergo
766 1509 868 1548 diligit
891 1508 1030 1548 aliquam

259 1564 437 1593 creaturam
452 1562 652 1593 aeternaliter.

536 1673 760 1704 CONCLUSlO.

263 1755 395 1781 Creacurae
414 1761 465 1780 uon
483 1754 566 1780 solum
586 1754 779 1787 temporaliter,
801 1753 846 1780 sed
863 1754 1030 1780 (eternaliter

454 1806 554 1832 quoque
569 1798 723 1831 diliguntur
737 1807 753 1825 α
771 1798 831 1825 Deo.

299 1880 389 1920 Resp.
414 1880 453 1910 ad
479 1889 546 1918 arg.
574 1880 747 1911 Dicendum
770 1881 854 1920 quod
879 1881 1028 1920 quaedam

259 1933 357 1964 verba
380 1933 530 1963 dicuntur
551 1933 590 1963 de
606 1935 668 1964 Deo
688 1937 832 1973 respectu
855 1936 1026 1973 creaturae,

260 1995 332 2026 quae
347 1989 519 2016 connotant
533 1986 680 2016 effectum
703 1987 736 2016 in
750 1989 838 2025 actu,
860 1987 940 2018 sicut
952 1996 1026 2018 ver-

258 2039 336 2069 bum
364 2039 496 2070 creandi
510 2048 523 2078 ,·
552 2040 723 2078 quaedam,
754 2049 826 2079 quae
857 2043 1028 2072 connotant

258 2092 400 2122 effectam
422 2092 453 2121 in
475 2092 610 2130 habitu,
632 2093 712 2122 sicut
734 2093 925 2123 vocabulum
942 2101 1027 2133 121·oe-

261 2144 450 2176 destinanda·
464 2154 476 2184 ,·
515 2145 685 2184 quaedam,
714 2154 786 2184 quae
812 2146 1028 2178 indifferenter

261 2200 394 2237 utroque
409 2198 521 2235 modo,
538 2198 617 2228 sicut
644 2199 834 2229 vocabulum
851 2199 1024 2240 diligendi.

261 2251 380 2281 Dicitur
406 2251 492 2281 enim
522 2252 605 2281 Deus
633 2251 771 2291 aliquem
800 2252 950 2291 diligere,
976 2253 1027 2284 vel

260 2304 336 2343 quia
357 2306 428 2334 actu
451 2303 664 2334 communicat
684 2304 712 2334 ei
728 2304 868 2342 bonum,
885 2305 935 2336 vel
951 2306 1027 2345 quia

260 2358 407 2396 proponit
432 2358 676 2388 communicare.
699 2358 737 2388 Et
761 2359 911 2398 quoniam
937 2369 1024 2391 com-

259 2413 431 2443 municatio
446 2415 492 2443 est
513 2413 642 2443 eti'cctus
655 2413 688 2442 in
708 2416 864 2453 tempore,
881 2416 1023 2455 proposi—

257 2469 326 2496 tum
339 2476 414 2496 vtro
429 2466 681 2496 communicandi
692 2468 738 2496 est
749 2467 788 2496 ab
798 2470 934 2506 aeterno,
951 2469 1026 2499 hinc

257 2522 303 2549 est
321 2519 406 2559 quod
428 2519 559 2559 diligere
581 2518 619 2549 de
641 2520 704 2549 Deo
726 2519 895 2559 aliquando
914 2521 1026 2552 dicitur

259 2573 460 2611 aeternaliter,
478 2572 647 2612 aliquando
668 2572 783 2603 dicitur
799 2574 1023 2613 temporaliter.

258 2624 344 2656 Unde
378 2627 456 2657 bene
484 2626 609 2657 concedi
634 2628 735 2666 potest
759 2627 841 2666 quod
870 2630 1026 2659 creaturae

259 2687 321 2708 non
351 2680 452 2710 solum
476 2679 699 2719 temporaliter,
716 2680 768 2710 sed
783 2683 813 2710 et
833 2681 1024 2711 aeternalitcr

1095 299 1112 319 a
1135 291 1198 320 Deo
1219 289 1408 328 diligantur,
1427 290 1507 321 sicut
1522 291 1658 322 rationes
1671 291 1710 322 ad
1725 292 1863 332 primam

1095 345 1214 381 partem
1257 343 1393 374 inductae
1426 344 1604 374 ostendunt.
1635 343 1862 377 Verumtamen

1094 395 1146 425 illa
1160 396 1250 433 ratio,
1267 405 1363 436 quam
1378 396 1504 427 adducit
1519 397 1608 436 quasi
1624 406 1680 437 per
1695 397 1808 435 simile,
1824 399 1863 430 de

1093 448 1231 487 potentia
1252 451 1283 479 et
1306 449 1457 489 sapientia
1471 474 1478 487 ‚
1501 459 1566 480 non
1590 450 1686 486 valet,
1711 451 1861 490 quoniam

1093 510 1156 530 non
1172 503 1217 531 est
1228 501 1341 532 simile.
1356 502 1446 534 Posse
1463 502 1548 533 enim
1563 504 1592 533 et
1605 503 1862 542 scire,quanlum

1093 556 1139 583 cst
1155 553 1192 584 de
1200 554 1469 591 vivocabuli,non
1488 556 1531 585 ita
1550 558 1698 586 connotat
1712 555 1862 587 effectum

1092 606 1125 636 in
1148 608 1238 645 actu,
1261 607 1436 637 secundum
1465 607 1550 647 quod
1581 607 1714 648 diligere
1743 619 1755 639 :
1784 617 1860 639 nam

1091 658 1226 689 verbum
1255 659 1418 699 diliyendi
1439 660 1623 700 impositum
1653 663 1698 691 est
1727 660 1766 690 ab
1793 661 1861 701 ipsa

1090 712 1276 743 liberalitate
1305 712 1481 743 affectionis
1496 713 1631 752 seipsam
1659 713 1747 744 alteri
1772 723 1860 745 com—

1091 766 1293 796 municantis.

1134 822 1159 849 l.
1179 819 1225 850 Ad
1252 819 1328 850 illud
1350 828 1426 850 vero
1441 819 1526 859 quod
1544 819 1692 859 objicitur
1705 820 1808 860 primo
1828 821 1861 852 in

1090 872 1300 909 contrarium,
1319 872 1403 911 quod
1418 872 1537 903 honum
1553 876 1583 903 et
1598 882 1654 903 ens
1668 875 1860 904 convertun-

1090 927 1153 962 tur,
1170 925 1338 955 dicendum
1361 926 1445 965 quod
1463 934 1576 956 verum
1598 928 1644 956 est
1663 926 1702 957 de
1722 926 1804 957 hono
1827 927 1860 958 iu

1089 980 1177 1015 actu,
1191 980 1222 1008 et
1236 980 1307 1008 ente
1318 978 1350 1008 iu
1367 980 1450 1008 actu.
1471 977 1530 1009 Sed
1546 987 1618 1008 cum
1634 978 1762 1017 dicitur,
1774 980 1860 1019 quod

1089 1031 1211 1061 dilectio
1225 1031 1424 1062 solummodo
1435 1035 1480 1062 est
1496 1032 1569 1062 boni
1576 1055 1586 1070 ,
1596 1032 1765 1063 dicendum
1773 1032 1859 1073 quod

1088 1093 1152 1114 non
1164 1087 1209 1115 est
1224 1093 1336 1115 verum
1352 1085 1552 1115 solummodo
1567 1085 1605 1116 de
1619 1085 1702 1116 bono
1715 1087 1798 1126 quod
1813 1089 1860 1118 est

1088 1137 1121 1167 in
1131 1140 1214 1175 actu,
1227 1138 1280 1169 sed
1291 1138 1385 1168 etiam
1400 1138 1532 1169 debono
1542 1138 1627 1178 quod
1642 1141 1690 1169 est
1705 1139 1740 1170 in
1751 1148 1856 1170 causa.

1088 1190 1176 1222 Sicut
1199 1192 1285 1222 enim
1307 1192 1345 1221 ad
1369 1191 1587 1230 cognitionem
1609 1191 1724 1221 sufficit
1741 1192 1859 1223 veritas

1086 1244 1131 1274 rei
1149 1245 1180 1274 in
1194 1254 1251 1275 sua
1266 1253 1380 1282 causa,
1398 1245 1441 1274 sic
1465 1243 1503 1274 ad
1523 1244 1722 1283 diligendum
1739 1245 1856 1276 suffieit

1087 1298 1225 1335 bonitas,
1242 1297 1416 1328 secundum
1438 1297 1525 1337 quod
1547 1306 1596 1327 res
1617 1297 1712 1328 habet
1735 1307 1802 1328 esse
1825 1299 1858 1328 in

1087 1360 1144 1380 suo
1159 1351 1314 1390 principio
1336 1350 1544 1390 producente,
1565 1351 1662 1380 etiam
1685 1353 1858 1391 antequam

1086 1405 1228 1435 exterius
1248 1404 1451 1444 producatur.
1469 1403 1558 1434 Unde
1581 1404 1694 1434 artifex
1716 1413 1780 1435 non
1803 1413 1855 1435 so—

1086 1457 1249 1488 lummodo
1259 1457 1362 1496 diligit
1374 1457 1495 1488 bonum
1505 1457 1588 1497 quod
1600 1457 1682 1495 fecit,
1694 1457 1747 1488 sed
1759 1458 1856 1488 etiam

1086 1511 1206 1540 honum
1222 1511 1307 1550 quod
1322 1511 1470 1550 proponit
1483 1513 1513 1540 et
1527 1510 1667 1550 disponit
1683 1510 1795 1541 facere.

1126 1567 1154 1594 2.
1171 1564 1218 1594 Ad
1235 1564 1312 1594 illud
1329 1564 1414 1603 quod
1431 1563 1591 1602 objicitur,
1608 1563 1693 1603 quod
1708 1572 1798 1594 amor
1812 1565 1858 1594 est

1085 1616 1196 1656 copula
1219 1617 1355 1646 amantis
1376 1619 1406 1647 et
1427 1616 1523 1647 amati
1541 1640 1550 1653 ,
1581 1615 1752 1646 dicendum
1771 1615 1857 1656 quod

1085 1669 1163 1700 illud
1190 1672 1236 1699 est
1263 1678 1376 1700 verum
1392 1669 1566 1700 secundum
1595 1668 1677 1708 quod
1703 1678 1796 1699 amor
1810 1671 1858 1699 est

1084 1723 1233 1762 qucedam
1249 1723 1381 1760 affectio,
1399 1725 1430 1753 et
1440 1722 1607 1753 vinculum
1621 1722 1783 1760 amicitiae,
1793 1730 1857 1762 quo

1084 1775 1181 1815 aliqui
1218 1776 1257 1806 ad
1282 1776 1419 1806 invicem
1457 1775 1650 1814 colligantur
1683 1786 1689 1805 z
1720 1774 1774 1805 sed
1797 1774 1858 1805 hoc

1084 1829 1177 1859 modo
1192 1838 1257 1859 non
1280 1829 1431 1868 accipitur
1453 1828 1485 1858 in
1501 1828 1678 1867 proposito,
1707 1836 1781 1858 cum
1807 1827 1855 1857 di-

1083 1881 1164 1911 citur
1186 1882 1269 1921 quod
1295 1881 1375 1911 Deus
1391 1881 1497 1919 diligit
1512 1883 1692 1910 creaturam
1709 1891 1716 1910 :
1733 1879 1856 1910 dilectio

1083 1936 1170 1965 enim
1186 1935 1241 1965 Dei
1263 1937 1309 1965 est
1330 1936 1398 1974 ejus
1428 1935 1514 1972 usia,
1533 1944 1597 1965 non
1613 1933 1734 1964 affectio
1750 1933 1857 1972 aliqua

1084 1989 1226 2025 unitiva,
1246 1988 1326 2018 sicut
1342 1988 1417 2018 dicit
1444 1987 1594 2026 Magister
1607 1987 1639 2017 in
1667 1987 1773 2017 littera
1790 1997 1797 2017 :
1825 1988 1856 2017 et

1082 2041 1152 2071 ideo
1168 2050 1231 2071 non
1247 2041 1332 2079 cogit
1348 2040 1400 2070 illa
1415 2040 1506 2071 ratio.

1125 2097 1154 2125 3.
1171 2095 1218 2124 Ad
1234 2094 1311 2124 illud
1326 2093 1485 2132 objicitur,
1499 2092 1585 2132 quod
1600 2094 1683 2123 Deus
1697 2101 1763 2122 non
1776 2092 1852 2123 dici-

1081 2150 1135 2178 tur
1149 2147 1280 2185 diligere
1299 2146 1413 2176 affectu
1426 2170 1434 2183 ,
1453 2146 1507 2175 sed
1527 2145 1641 2175 effectu
1653 2169 1661 2182 ‚
1684 2144 1852 2175 dicendum

1082 2200 1165 2240 quod
1189 2200 1321 2238 diligere
1342 2199 1456 2229 effectu
1478 2200 1660 2238 potestesse
1674 2197 1851 2237 dupliciter,

1083 2254 1257 2284 secundum
1266 2253 1350 2293 quod
1361 2252 1490 2283 effectus
1499 2253 1600 2291 potest
1609 2251 1774 2290 dupliciter
1782 2258 1854 2280 con-

1081 2307 1182 2337 notari
1196 2331 1205 2345 ,
1221 2309 1292 2336 actu
1306 2330 1313 2342 ,
1329 2306 1379 2336 vel
1400 2305 1531 2335 habitu:
1551 2306 1581 2334 et
1601 2304 1678 2344 quia
1698 2312 1748 2334 res
1761 2303 1853 2333 estin

1081 2360 1191 2390 habitu
1205 2361 1235 2389 et
1250 2359 1282 2389 in
1299 2358 1452 2398 potentia,
1470 2360 1640 2396 antequam
1660 2356 1701 2386 sit
1715 2356 1747 2386 iu
1760 2357 1850 2394 aetu;

1081 2413 1155 2443 hinc
1170 2415 1217 2442 est
1231 2411 1315 2451 quod
1331 2411 1455 2441 dilectio
1470 2410 1542 2448 Dei,
1559 2418 1630 2449 quae
1644 2410 1793 2440 connotat
1804 2408 1849 2439 ef-

1081 2467 1196 2496 fectum
1219 2466 1251 2495 in
1273 2464 1401 2500 habitu,
1424 2466 1608 2503 potestesse
1627 2464 1699 2493 ante
1721 2460 1852 2501 produc-

1082 2521 1199 2551 tionem
1215 2520 1355 2559 ipsarum
1375 2528 1483 2549 rerum
1494 2530 1500 2549 :
1511 2520 1542 2548 et
1556 2519 1722 2557 propterea
1737 2525 1777 2547 ex
1792 2516 1851 2546 hoc

1081 2583 1146 2604 non
1159 2573 1305 2610 habetur,
1320 2573 1346 2602 si
1358 2573 1440 2603 Deus
1452 2571 1566 2602 dicitur
1579 2570 1712 2609 diligere
1723 2569 1848 2606 effectu,

1081 2626 1166 2666 quod
1182 2628 1258 2656 tunc
1278 2626 1382 2655 solum
1405 2624 1533 2664 incipiat
1552 2623 1706 2662 diligere,
1722 2620 1850 2661 quando

1081 2680 1211 2710 ell'ectus
1226 2679 1258 2709 in
1272 2688 1339 2709 esse
1356 2677 1548 2718 producitur.
