2017 2948
770 147 961 179 DISTINCT.
985 146 1063 178 XIV.
1088 147 1188 178 PARS
1212 148 1248 178 ll.
1745 152 1801 180 :567

216 227 286 249 mas
309 216 528 249 indesinenter
546 215 710 256 fundunt,
728 220 758 248 et
781 226 911 259 peccare
936 226 1001 248 non
1022 214 1185 248 desinunt.
1214 214 1380 253 Quosdam
1405 215 1546 259 accipere
1572 216 1733 259 lacrymas
1761 219 1802 250 ad
1846 227 1893 241 *Ἣ

1818 258 1845 276 pa
1854 254 1921 272 nuten-

217 274 441 318 poenitentiam
456 284 552 305 cerno
566 298 573 313 ,
592 276 622 304 et
638 272 788 304 effectum
804 272 1005 315 poenitentiae
1020 284 1085 304 non
1102 271 1239 311 habere3
1257 272 1335 315 quia
1350 272 1565 306 inconstantia
1581 275 1697 306 mentis
1712 285 1800 307 nunc
1815 282 1926 335 {iiflauocrlelisst

215 331 435 364 recordatione
464 330 582 373 peccati
610 330 771 372 lacrymas
800 330 945 361 fundunt
972 355 980 371 ‚
1010 341 1098 362 nnnc
1126 328 1337 362 reviviscente
1364 341 1425 361 usn
1438 356 1445 369 ,
1473 342 1509 362 ea
1536 343 1608 375 quae
1637 331 1799 365 fleverunt
1814 344 1924 378 ‘⁰⁶⁵4iY0'·

215 388 361 421 iterando
376 388 597 419 committunt.
618 387 714 418 Isaias
739 387 776 419 tle
793 387 1012 430 peccatorilms
1028 387 1105 419 «licit
1121 387 1126 402 ¹
1148 399 1153 419 z
1172 387 1352 419 Lat-amini
1365 413 1374 426 ,
1397 387 1514 419 mundi
1529 395 1638 421 estote.
1658 389 1800 422 Lavatur
1815 374 1913 426 οιοᾞὲξ

215 450 246 477 et
261 445 404 477 mundus
418 449 485 484 est,
502 445 559 488 qui
577 448 607 475 et
623 444 784 488 praeterita
802 444 924 487 plangit
938 471 946 485 ‚
963 449 993 477 et
1014 444 1121 476 flenda
1145 445 1263 476 iterum
1288 456 1353 477 non
1379 445 1561 477 committit.
1591 446 1732 479 Lavatur
1745 473 1753 487 ‚
1770 451 1800 479 et

215 514 280 535 non
296 507 342 534 est
359 502 522 542 mundns,
539 501 597 545 qui
612 501 738 544 plangit
762 513 834 544 qua}
850 502 946 544 gessit
962 528 969 541 ‚
986 513 1045 533 nec
1069 501 1208 543 deserit,
1225 506 1256 534 ct
1280 506 1349 545 post
1365 502 1526 546 lacrymas
1540 514 1576 535 ea
1589 529 1597 543 ,
1614 515 1689 547 quae
1704 504 1802 536 defle-

216 564 306 592 verat
320 585 327 599 ‚
346 559 471 603 repetit.
493 572 507 588 n
525 559 604 591 Item
621 559 828 601 Augustinus
839 562 849 577 ‘²
863 572 869 591 z
892 573 908 589 a
924 559 1033 591 lnanis
1049 564 1095 591 cst
1110 560 1301 603 pcenitentia
1313 586 1320 599 ,
1337 572 1435 603 quam
1453 572 1591 604 sequeus
1607 561 1701 604 culpa
1714 562 1803 593 coin-

215 617 340 661 quinat.
368 616 457 648 Nihil
486 621 623 660 prosunt
646 616 788 649 lamenta
811 642 818 656 ,
842 617 867 648 si
895 617 1093 660 replicantur
1118 621 1254 660 peccata.
1284 617 1375 649 Nihil
1401 617 1486 649 valet
1514 618 1642 650 veniam
1667 630 1686 650 a
1710 618 1803 651 malis

215 686 355 718 poscere,
368 678 399 707 et
416 674 499 706 mala
513 675 552 717 (μ’)
568 674 675 706 denuo
687 674 815 706 iterare.
832 687 847 704 ³>
863 675 941 707 ltem
955 674 1132 717 Gregorius
1143 676 1152 691 ³
1167 687 1197 706 1«
1209 675 1272 713 Qui
1287 676 1454 707 commissa
1470 675 1607 719 plangit,
1623 687 1680 708 nco
1695 680 1802 709 tamen

217 733 354 773 deserit,
378 743 483 776 poenae
505 732 648 773 graviori
673 744 704 763 se
728 732 870 775 subjicit.
900 745 915 762 »
940 732 1020 764 Item
1045 732 1262 764 Ambrosius⁴
1289 745 1294 764 z
1317 746 1333 763 a
1356 733 1579 776 Reperiuntur
1604 734 1661 777 qui
1686 734 1803 778 saepius

214 790 372 833 agendam
388 789 612 833 poenitentiam
632 793 764 832 putant,
782 789 839 833 qui
860 790 896 833 (b)
912 790 1125 821 luxuriantur
1139 791 1173 821 in
1189 790 1326 822 Christo.
1345 790 1426 822 Nam
1443 790 1469 822 si
1486 802 1559 823 vere
1575 791 1800 834 poenitentiam

216 847 249 879 in
266 847 393 880 Christo
411 852 542 889 agerent
556 873 563 888 ,
579 847 764 879 iterandum
782 851 889 891 postea
913 859 978 879 non
993 851 1163 891 putarent;
1183 847 1260 891 qnia
1283 848 1365 879 sicut
1381 859 1484 880 unum
1500 848 1660 892 baptisma
1673 875 1680 889 ‚
1698 849 1742 881 ita
1756 853 1803 881 cst

215 916 281 937 una
301 904 503 948 poenitentia.
529 919 543 935 >³
569 905 627 936 His
649 905 787 948 aliisque
808 905 957 948 pluribus
984 908 1124 937 utuntur
1153 904 1186 936 in
1213 905 1422 937 assertionem
1447 916 1512 937 sua¹v
1537 905 1711 949 opinionis,
1738 906 1802 938 Sed

215 962 408 995 Ambrosius
422 962 499 994 dicit
512 962 543 994 ⁵:
565 974 581 992 <t
602 962 678 994 Haec
695 973 771 994 vera
786 962 975 1005 poenitentia
990 966 1037 994 est
1051 974 1172 994 cessare
1186 974 1204 994 a
1221 967 1359 1006 peccato
1378 976 1394 993 »
1416 963 1456 995 Et
1480 963 1598 995 iterum
1618 975 1624 994 :
1651 975 1667 993 «
1690 963 1802 1006 Magni

213 1020 375 1064 profectus
389 1024 435 1051 est
459 1019 663 1051 renunciasse
687 1019 800 1051 errori.
827 1019 973 1051 imbutos
997 1020 1084 1051 enim
1110 1019 1195 1051 vitiis
1212 1020 1338 1052 animos
1356 1031 1474 1052 exuere
1489 1024 1586 1063 atque
1602 1020 1775 1052 emendare
1792 1046 1799 1061 ‚

217 1077 346 1109 virtutis
361 1081 407 1109 est
422 1077 570 1120 perfectae
585 1102 591 1116 ,
613 1080 643 1108 ct
657 1076 724 1108 coel·
739 1076 795 1107 stis
809 1077 923 1118 gratiae
937 1089 944 1116 ;
962 1080 992 1108 et
1008 1076 1079 1108 ideo
1100 1088 1175 1109 sane
1190 1077 1234 1109 ita
1249 1077 1379 1109 deliniri
1395 1082 1498 1121 potest
1516 1089 1522 1109 :
1541 1078 1740 1110 Poenitentia
1755 1082 1802 1110 est

212 1133 317 1166 virtus
332 1134 382 1166 vel
397 1134 522 1176 gratia,
540 1145 603 1177 qua
618 1133 787 1166 commissa
804 1134 889 1165 mala
913 1145 987 1165 cum
1011 1134 1248 1167 emendationis
1274 1136 1436 1179 proposito
1462 1135 1668 1178 plangimus,
1685 1139 1716 1167 et
1731 1135 1800 1167 odi-

212 1203 305 1233 mus,
324 1195 355 1223 et
370 1191 553 1235 plangenda
576 1191 712 1223 ulterius
736 1191 937 1223 committere
962 1191 1117 1224 nolumus
1135 1204 1142 1223 ε
1159 1192 1236 1236 quia
1259 1193 1450 1237 poenitentia
1475 1204 1550 1225 vera
1572 1197 1618 1225 est
1640 1193 1800 1225 inanimo

210 1249 338 1290 dolere,
356 1253 387 1281 et
401 1249 490 1281 odire
507 1249 596 1281 vitia.
617 1262 632 1280 n
656 1249 746 1281 Unde
761 1249 818 1281 illa
834 1249 933 1281 verba
948 1249 1113 1292 praemissa
1131 1262 1137 1281 :
1160 1263 1175 1280 α
1192 1250 1352 1282 Poenitere
1378 1254 1424 1282 est
1452 1254 1597 1283 anteacta
1611 1250 1730 1283 deflere
1744 1277 1751 1291 ‚
1769 1255 1801 1284 et

211 1306 318 1340 flenda
334 1318 397 1339 non
414 1307 637 1347 committere,
655 1320 671 1337 »
690 1311 773 1338 recte
797 1307 842 1338 sic
863 1306 962 1350 accipi
987 1311 1143 1350 possunt,
1161 1312 1197 1339 ut
1218 1319 1284 1340 non
1305 1308 1344 1340 ad
1364 1308 1491 1340 diversa
1508 1312 1673 1352 tempora,
1690 1308 1744 1341 sed
1759 1309 1798 1341 ad

209 1364 295 1396 idem
312 1364 510 1406 referantur3
524 1368 559 1396 ut
571 1364 691 1396 scilicet
704 1368 847 1408 tempore
863 1375 928 1408 quo
944 1364 979 1407 (c)
997 1364 1094 1397 deflet
1105 1365 1275 1397 commissa
1291 1365 1388 1406 mala,
1407 1377 1471 1397 non
1487 1367 1668 1398 committat
1682 1367 1799 1399 voluu-

208 1426 272 1455 tate
287 1422 338 1454 vel
355 1433 450 1466 opere
467 1422 584 1454 flenda.
608 1422 701 1460 Quod
725 1422 880 1454 innuitur
895 1433 934 1454 ex
954 1422 1062 1454 verbis
1084 1423 1359 1467 consequentibus
1378 1436 1384 1455 :
1403 1437 1418 1454 ‹<
1436 1423 1518 1456 Nam
1535 1424 1592 1468 qui
1607 1424 1652 1456 sic
1667 1424 1731 1456 alia
1745 1425 1799 1457 de—

206 1480 324 1524 plorat,
345 1493 359 1509 »
381 1484 440 1512 etc.
458 1479 542 1511 Hinc
556 1480 765 1521 Augustinus
779 1480 824 1512 ait
839 1486 848 1500 Κ
864 1492 870 1511 ;
887 1492 902 1510 «
920 1480 1109 1512 Cavendum
1126 1485 1171 1513 est
1187 1492 1226 1513 ne
1242 1481 1316 1524 quis
1331 1481 1492 1514 existimet
1507 1482 1648 1514 nefanda
1662 1482 1716 1514 illa
1733 1482 1795 1514 cri-

184 1576 189 1581 *
207 1537 317 1578 mina,
334 1537 447 1581 qualia
467 1538 524 1581 qui
539 1542 659 1579 agunt,
675 1548 815 1579 regnum
832 1537 891 1569 Dei
906 1548 973 1569 non
994 1538 1226 1581 possidebunt,
1244 1539 1390 1582 quotidie
1416 1539 1631 1583 perpetranda
1643 1565 1651 1578 ,
1669 1544 1699 1571 et
1713 1539 1794 1572 elee-

206 1595 351 1639 mosynis
367 1594 566 1627 redimenda.
585 1595 622 1626 In
643 1594 761 1626 melius
785 1598 832 1626 est
856 1594 942 1626 enim
968 1595 1034 1627 vita
1058 1595 1215 1628 mutanda
1228 1622 1236 1638 ‚
1254 1600 1285 1628 et
1300 1607 1356 1640 per
1371 1596 1592 1640 eleemosynas
1607 1597 1646 1629 de
1662 1597 1799 1641 peccatis

202 1652 373 1696 praeteritis
389 1652 614 1696 propitiandus
624 1656 671 1684 est
683 1652 787 1693 Deus3
805 1663 870 1684 non
882 1652 921 1684 ad
938 1652 997 1684 hoc
1010 1653 1213 1685 emendanda
1227 1653 1267 1696 (d)
1286 1653 1427 1698 quodam
1449 1654 1556 1695 modo,
1574 1658 1608 1687 ut
1619 1666 1657 1687 ea
1672 1666 1799 1700 semper

201 1710 295 1742 liceat
310 1710 444 1754 impune
460 1710 672 1742 committere.
687 1710 825 1743 Nemini
840 1709 1026 1742 enimdeclit
1038 1712 1047 1727 '¹
1064 1711 1294 1743 laoeamentzmz
1307 1712 1348 1754 (e)
1358 1711 1530 1755 peccandi,
1544 1712 1602 1744 etsi
1613 1712 1797 1746 miserando

201 1766 307 1800 deleat
329 1767 500 1800 commissa
523 1771 651 1810 peccata
669 1793 676 1807 ‚
703 1767 729 1798 si
753 1777 820 1799 non
842 1767 1015 1800 satisfactio
1039 1779 1185 1810 congrua
1208 1768 1405 1811 negligatur.
1430 1782 1446 1800 »
1465 1769 1546 1801 Item
1561 1769 1640 1802 Pius
1654 1769 1743 1814 Papa
1759 1770 1792 1803 ⁸:

206 1838 220 1854 «
236 1823 326 1857 Nihil
344 1824 472 1868 prodest
487 1823 614 1856 homini
635 1823 786 1867 jejunare
804 1828 835 1856 et
852 1835 943 1856 orare
957 1851 964 1865 ‚
982 1829 1013 1857 et
1035 1825 1098 1857 alia
1123 1825 1290 1869 religionis
1314 1837 1412 1870 opera
1436 1838 1552 1869 agere,
1569 1827 1632 1860 nisi
1648 1839 1740 1860 mens
1754 1828 1796 1860 ab

201 1882 376 1926 iniquitate
400 1885 580 1914 revocetur.
599 1881 663 1920 Qui
689 1893 767 1924 ergo
784 1882 912 1914 amalis
935 1883 979 1914 sic
1002 1887 1144 1916 mentem
1169 1887 1318 1924 revocat,
1336 1888 1372 1916 ut
1396 1885 1566 1917 commissa
1590 1885 1742 1929 plangat,
1765 1889 1796 1918 ct

201 1940 385 1984 plangenda
407 1939 608 1972 committere
632 1951 697 1972 non
723 1940 821 1979 velit,
841 1952 899 1972 nec
919 1940 1100 1973 satisfacere
1123 1941 1280 1984 negligit,
1298 1953 1371 1974 vere
1389 1942 1532 1985 poenitet.
1557 1942 1622 1975 Nec
1641 1942 1713 1976 ideo
1728 1954 1794 1976 non
1824 1965 1906 1985 Qum,

200 2003 248 2031 est
271 2009 349 2030 vera
370 1997 583 2042 poenitentia,
604 1998 682 2041 quia
707 1998 789 2030 forte
810 2002 895 2041 post,
914 2010 978 2031 non
999 1998 1038 2031 de
1059 1999 1241 2043 proposito,
1261 2000 1315 2032 sed
1330 2010 1405 2032 casu
1420 2025 1427 2041 ‚
1445 2000 1496 2032 vel
1520 2000 1708 2033 infirmitate
1723 2012 1794 2045 pec·
1810 1995 1916 2053 ξζζζῗῗὲἳ

201 2055 297 2088 cabit.
315 2055 374 2087 Ille
394 2059 503 2087 autem
525 2055 638 2087 irrisor
653 2059 698 2087 est
713 2081 720 2096 ,
738 2059 769 2087 et
791 2067 857 2088 non
878 2056 1055 2100 poenitens,
1073 2057 1130 2100 qui
1145 2057 1190 2089 sic
1204 2057 1374 2090 commissa
1394 2058 1541 2102 plangit,
1560 2062 1595 2090 ut
1610 2058 1793 2102 plangenda

1830 2057 1897 2078 ixionis

1813 2094 1916 2109 erronea:-

200 2113 370 2146 voluntate
386 2112 436 2145 vel
450 2123 546 2156 opere
561 2113 765 2145 committere
788 2125 853 2146 non
869 2114 1005 2147 desinat.
1032 2114 1089 2147 llle
1104 2115 1201 2147 etiam
1218 2115 1275 2160 qui
1299 2120 1370 2160 post
1395 2115 1557 2160 lacrymas
1581 2117 1697 2161 repetit
1720 2127 1792 2160 quae

199 2170 310 2211 flevit,
328 2171 458 2203 lavatur
472 2170 512 2202 ad
529 2174 656 2214 tempus
671 2183 678 2212 3
697 2171 751 2203 sed
768 2172 913 2204 mundus
930 2183 995 2204 non
1013 2177 1059 2205 est
1073 2199 1080 2213 ,
1097 2173 1129 2205 id
1154 2177 1216 2214 est,
1236 2174 1294 2206 illa
1318 2173 1481 2207 munditia
1506 2186 1571 2207 non
1593 2179 1639 2207 est
1654 2174 1683 2207 ei
1697 2174 1790 2208 suffi-

199 2229 287 2261 ciens
302 2228 342 2261 ad
366 2228 505 2261 salutem
519 2254 527 2270 ,
554 2228 632 2273 quia
654 2232 701 2261 est
726 2234 954 2262 momentanea
967 2256 975 2271 ,
992 2242 1058 2263 non
1084 2242 1302 2275 perseverans.
1325 2246 1340 2263 »
1361 2234 1439 2265 Item
1456 2232 1539 2265 illud
1559 2244 1565 2264 :
1587 2245 1602 2263 α
1617 2232 1727 2265 Inanis
1746 2236 1792 2265 est

200 2285 407 2330 poenitcntia,
419 2297 517 2330 quam
530 2297 669 2330 sequens
683 2287 782 2331 culpa
796 2287 1003 2332 coinquinat,
1021 2302 1037 2319 »
1056 2289 1100 2321 sic
1116 2289 1367 2332 intelligendum
1382 2293 1429 2322 est
1447 2301 1453 2320 :
1471 2290 1582 2322 Inanis
1596 2293 1656 2330 est,
1673 2289 1793 2323 scilicet

199 2354 311 2376 carens
327 2343 436 2375 fructu
454 2343 544 2375 illius
557 2344 757 2387 poenitentiae
771 2370 778 2386 ,
795 2356 895 2388 quam
915 2357 1054 2389 sequens
1071 2347 1168 2390 culpa
1188 2358 1253 2380 non
1274 2347 1438 2392 inquinat.
1456 2347 1549 2380 Illius
1564 2347 1651 2380 enim
1666 2347 1792 2380 fructus

233 2469 239 2485 ι
256 2468 324 2497 μαι),
341 2474 359 2497 1,
380 2468 451 2491 ¹6.--
469 2467 476 2481 ²
493 2467 608 2499 Soldoq„
626 2467 691 2492 iuter
709 2476 788 2499 opera
810 2472 836 2494 S.
854 2472 929 2501 Aug„
945 2473 969 2495 vt
982 2471 1042 2494 hab.
1056 2471 1085 2495 {le
1103 2472 1201 2502 Poena„
1219 2473 1276 2496 dist.
1293 2479 1335 2503 ιιι,
1353 2480 1374 2496 e.
1396 2473 1489 2496 Inurum
1507 2485 1537 2490 -—
1557 2472 1567 2488 ⁸
1582 2474 1668 2502 Greg„
1684 2472 1792 2503 Pastor„

198 2511 223 2534 p.
241 2504 282 2533 tlt,
294 2503 396 2526 admon.
413 2504 453 2532 31,
467 2504 492 2525 et
505 2502 620 2532 liabetur,
636 2503 665 2525 «le
681 2504 779 2534 Pleuit„
797 2505 854 2529 dist.
869 2512 907 2534 ιιι,
923 2514 944 2529 c.
965 2507 1011 2536 Qui
1022 2507 1194 2530 admissum—⁶
1205 2508 1332 2536 Amin-os„
1347 2508 1376 2531 tle
1389 2509 1488 2533 Poenit..
1502 2508 1545 2531 lib.
1562 2508 1591 2538 ll,
1608 2516 1630 2537 c,
1647 2514 1701 2536 xlx,
1715 2508 1748 2531 al.
1764 2514 1792 2537 x.

198 2545 224 2562 n.
238 2540 277 2569 933,
289 2540 313 2562 et.
325 2538 441 2567 habetur,
454 2537 482 2560 cle
493 2538 593 2567 Poenit„
607 2538 664 2561 (list.
677 2545 716 2569 ιιι,
730 2546 750 2562 c.
765 2540 972 2570 Βερενιίιηιαικ-
985 2543 994 2557 ⁵
1006 2542 1050 2565 Vct
1064 2542 1146 2572 potius
1162 2543 1355 2571 Ambrosiastcr,
1368 2550 1440 2573 super
1452 2543 1532 2574 Epist.
1545 2543 1579 2566 ud
1594 2544 1684 2567 C01·.-
1693 2543 1702 2559 θ
1713 2544 1787 2573 Aug„

198 2573 338 2601 Encfflrid,
353 2580 374 2596 c.
393 2578 452 2601 Lxx,
467 2579 492 2596 n.
509 2573 546 2597 ¹9.
557 2585 587 2590 —
601 2572 609 2587 ⁷
626 2573 715 2603 licenz,
730 2581 774 2605 xv,
789 2577 868 2600 2¹.—
882 2577 892 2593 ⁸
909 2577 944 2600 De
960 2576 1058 2607 Pteme„
1074 2577 1131 2600 dist.
1145 2583 1186 2608 111,
1201 2585 1222 2608 c,
1240 2577 1313 2602 Nihil
1325 2578 1433 2608 prodest.

230 2632 261 2659 ta)
277 2631 318 2656 At.
334 2631 397 2655 mate
414 2644 442 2648 --
461 2630 492 2660 (b)
509 2631 577 2663 quia.
588 2644 617 2648 —
634 2634 662 2661 (c)
680 2639 740 2662 quo.
757 2646 786 2650 —
798 2633 834 2664 (d)
847 2635 1030 2660 emendandus.
1049 2649 1078 2653 -
1094 2636 1122 2665 (e)
1139 2636 1211 2666 Vulg.
1230 2636 1346 2666 spatium,
