2017 2948
104 203 186 230 Impro-

110 235 176 256 batio-

92 477 196 498 neten-mi-

91 509 154 530 natio.

96 1061 195 1088 Explica—

93 1093 129 1113 tio.

213 129 269 157 390

212 194 320 234 recipit
346 194 545 226 alimentum.
577 194 614 225 Et
642 195 711 226 haec
741 194 871 235 quidem
900 194 982 224 ratio

212 248 295 278 hona
309 249 374 285 est,
389 248 529 280 maxime
546 248 622 289 quia
635 251 803 285 consonat,
821 250 852 278 et
875 249 981 277 ortum

212 300 335 331 habeta
347 301 450 331 verbis
463 304 664 339 sanctoruni;
684 304 789 331 lamen
805 300 911 330 adhuc
926 309 982 339 per

210 354 303 384 istam
318 354 474 385 rationem
490 356 592 394 posset
607 354 727 384 ostendi
738 377 745 391 ‚
762 353 846 393 quod
865 362 981 392 parvu—

211 407 260 438 lus
274 416 338 439 non
360 408 486 438 deberet
507 407 695 438 sanctificari
719 407 750 436 in
775 409 883 444 utero,
900 406 982 437 sicut

210 469 268 491 nec
288 461 452 500 baptizari.
478 460 515 491 Et
536 462 701 500 propterea
721 461 768 490 est
790 460 958 490 dicendum
973 483 980 496 ‚

211 513 296 554 quod
310 514 390 544 ratio
406 514 559 544 sumenda
574 515 620 544 est
641 522 679 544 ex
696 515 783 552 parte
800 522 982 543 sacramen-

210 567 280 597 talis
293 567 435 598 remedii.
448 566 528 603 Quia
539 567 624 596 enim
640 565 867 597 sacramentale
880 574 982 596 reme-

210 620 297 651 dium
314 619 440 659 respicit
454 619 672 659 operationem
689 619 850 656 Ecclesiae‚
868 620 898 649 et
912 628 982 659 ope-

210 673 289 703 ralio
305 672 452 703 Ecclesiae
469 681 533 703 non
548 682 581 703 se
601 672 742 703 extendit
757 672 796 702 ad
811 671 982 712 parvulum

210 726 269 756 nisi
284 728 374 757 extra
389 728 538 764 uterum;
557 726 626 757 ideo
647 726 735 757 nullo
761 728 902 766 tempore
926 735 983 757 nec

210 779 271 810 fide
285 780 451 819 parentum
461 804 470 818 ‚
485 788 543 810 nec
558 779 663 819 aliquo
679 781 876 810 sacramento
889 780 984 819 justi-

209 832 321 863 ficatus
336 834 383 863 est
397 833 559 873 parvulus,
573 835 743 873 antequam
762 835 866 871 natus,
883 842 982 873 quan-

211 888 279 918 tum
295 888 341 917 est
358 886 397 917 de
412 886 485 925 lege
500 887 678 923 communi,
694 886 769 926 quia
786 887 866 917 Deus
881 887 984 917 decre-

210 939 257 970 vit
277 939 399 970 salvare
422 949 558 979 puerum
581 949 638 979 per
663 942 916 977 sacramentum,
933 940 982 971 vel

213 992 329 1032 aliquid
344 992 429 1032 quod
444 993 483 1023 sit
497 993 566 1023 loco
582 993 781 1024 sacramenti.

252 1045 299 1075 Ad
316 1045 376 1076 hoc
392 1048 499 1076 autem
520 1046 784 1084 intelligendum,
801 1048 846 1076 est
867 1048 983 1077 notan-

212 1098 289 1129 dum
308 1098 394 1139 quod
409 1099 522 1138 triplex
542 1101 640 1129 status
656 1099 863 1138 distinguitur
877 1100 909 1130 in
926 1100 982 1130 ho-

213 1151 298 1182 mine
313 1154 382 1192 post
397 1152 513 1183 animae
528 1152 717 1183 infusionem
730 1163 736 1182 z
755 1153 877 1192 primus
892 1156 937 1184 est
952 1154 983 1184 in

212 1207 320 1243 utero;
337 1206 494 1237 secundus
515 1208 605 1236 extra
626 1208 753 1236 uterum
771 1206 804 1235 iu
826 1208 909 1236 statu
935 1207 983 1237 in-

213 1259 339 1296 fantiae3
357 1259 469 1289 tertius
489 1260 521 1289 in
544 1261 626 1289 statu
651 1261 773 1289 naturae
799 1259 925 1290 adultae.
950 1260 983 1290 In

213 1313 317 1352 primo
334 1314 418 1343 statu
434 1312 621 1343 manifestus
637 1315 683 1342 est
700 1312 781 1350 Deo;
801 1313 831 1342 in
848 1313 985 1344 secunde

214 1366 399 1396 manifestus
409 1368 456 1396 est
469 1366 577 1403 nobis;
597 1366 628 1396 in
640 1366 731 1396 tertio
744 1366 927 1396 manifestus
938 1371 984 1397 est

214 1419 284 1449 sibi.
302 1418 337 1449 In
353 1419 455 1459 primo
478 1428 555 1458 ergo
579 1421 659 1449 statu
686 1429 760 1449 cum
781 1419 838 1450 soli
861 1420 922 1450 Deo
947 1421 986 1450 sit

213 1474 309 1502 notus
320 1496 329 1509 ,
345 1474 446 1511 potest
469 1481 524 1511 per
542 1473 611 1512 ejus
628 1472 824 1503 voluntatem
848 1473 985 1503 sanctifi-

215 1525 291 1562 cari,
307 1534 371 1555 non
387 1534 442 1564 per
457 1527 598 1555 nostram
619 1525 872 1564 cooperationem
884 1550 893 1563 ‚
913 1535 985 1556 cum

215 1587 279 1608 non
295 1579 464 1616 cognoscat
480 1587 554 1608 eum
571 1577 706 1608 Ecclesia
719 1602 727 1616 ,
739 1587 797 1609 uec
812 1579 851 1608 sit
865 1578 903 1609 de
918 1579 986 1609 foro

217 1632 372 1664 Ecclesiae.
394 1633 429 1663 ln
452 1633 589 1663 secundo
614 1634 712 1671 statu,
729 1633 803 1672 quia
823 1636 918 1664 notus
941 1637 986 1664 est

217 1684 278 1715 Deo
295 1688 324 1715 et
339 1685 495 1723 Ecclesiae,
520 1686 696 1716 remedium
722 1688 822 1725 polest
837 1687 953 1717 habere
968 1697 986 1718 a

216 1738 277 1769 Deo
291 1762 298 1775 ‚
314 1740 500 1778 cooperante
519 1738 678 1777 adjutorio
693 1739 816 1778 alieno,
834 1749 897 1769 non
915 1750 983 1771 suo.

216 1789 250 1821 ln
265 1791 356 1822 tertio
375 1793 459 1822 statu
472 1816 479 1829 ,
496 1800 570 1822 cum
585 1792 625 1822 sit
641 1792 790 1822 omnibus
810 1793 911 1823 modis
925 1803 984 1824 no-

214 1846 277 1881 tus,
294 1844 408 1875 scilicet
424 1844 498 1882 Deo,
514 1847 544 1875 et
559 1844 617 1874 sibi
630 1868 638 1882 ,
657 1847 686 1874 et
703 1844 861 1882 Ecclesiae,
883 1848 983 1885 potest

215 1897 363 1927 omnibus
386 1897 436 1927 his
460 1897 562 1928 modis
584 1898 750 1937 adiuvari,
768 1901 802 1928 ut
826 1908 891 1929 non
915 1902 984 1930 tan-

215 1952 284 1980 tum
306 1949 387 1980 Deus
406 1959 463 1981 sua
479 1951 595 1981 virtute
620 1951 725 1989 faciat.
749 1952 802 1982 sed
820 1952 914 1982 etiam
930 1953 985 1983 ad-

211 2003 303 2041 juvet
314 2003 391 2033 sides
402 2003 505 2034 aliena
518 2006 674 2044 quantum
687 2004 724 2034 ad
737 2007 981 2043 sacramentum,

213 2057 244 2086 et
271 2056 348 2086 fides
359 2080 367 2093 ‚
390 2058 420 2086 et
449 2057 573 2087 devotio
601 2057 739 2096 propria.
770 2057 875 2088 Prima
905 2068 984 2098 ergo

213 2109 417 2140 sanctificatio
433 2112 479 2140 est
494 2119 549 2149 per
564 2110 704 2140 divinam
720 2111 915 2141 voluntatem
928 2135 937 2149 ,
954 2114 984 2142 et

212 2162 347 2201 pertinet
361 2162 400 2192 ad
415 2162 576 2201 singulare
599 2163 818 2202 privilegium.
836 2163 981 2195 Secunda

212 2223 289 2245 vero
310 2217 357 2245 est
381 2224 437 2254 per
460 2215 566 2254 legem
590 2216 715 2253 datam,
738 2217 818 2247 sicut
842 2219 926 2256 patet
950 2218 982 2248 in

211 2268 446 2299 circumcisione
461 2268 469 2284 ¹
489 2278 496 2305 ;
522 2270 606 2308 patet
621 2269 717 2298 etiam
733 2269 764 2299 in
782 2269 978 2309 baptismate,

211 2330 283 2352 cum
309 2321 430 2352 dictum
454 2321 493 2351 sit
508 2324 537 2351 ²:
562 2321 637 2352 Nisi
662 2322 734 2361 quis
759 2325 889 2354 renatus
912 2324 982 2361 fue-

210 2375 265 2413 rit,
277 2375 335 2405 ete.
352 2374 456 2405 Tertia
471 2377 515 2404 est
532 2383 588 2414 per
604 2373 710 2412 legem
726 2374 867 2413 inditam7
885 2385 980 2415 quam

211 2428 292 2458 Deus
317 2427 448 2465 indidit,
474 2429 509 2458 ut
532 2427 571 2458 ad
597 2427 695 2457 Deum
721 2430 861 2458 recurrat
885 2429 980 2460 homo

210 2483 314 2520 petere
330 2480 456 2512 veniam
468 2489 524 2520 pro
538 2480 669 2511 offensa.
682 2479 719 2511 Et
734 2480 836 2520 prima
851 2482 979 2521 quidem

209 2536 256 2564 est
269 2543 444 2573 paucorum
456 2558 463 2571 ‚
480 2536 594 2574 utputa
617 2533 747 2564 illorum
759 2558 768 2571 ‚
787 2544 867 2573 quos
881 2535 980 2576 depu-

241 2596 247 2611 ¹
263 2596 356 2625 dones„
372 2599 525 2626 xV11,lli.—-
539 2597 636 2625 Unam,
654 2602 691 2625 ιιι,
706 2596 727 2619 3.
745 2597 793 2614 -2
809 2597 873 2621 fimf.
890 2604 976 2627 Lxxw,

769 126 1077 158 SENTENTIARUM
1099 126 1172 157 LlB.
1196 127 1246 159 lv.

1037 195 1082 224 tat
1110 193 1148 224 ad
1177 194 1303 234 aliquod
1333 203 1490 234 magnum
1519 195 1658 226 officium
1670 219 1680 234 ‚
1707 199 1738 228 et
1763 200 1809 228 est

1037 249 1152 286 praeter
1166 247 1271 287 legem
1287 257 1502 279 communem.
1521 248 1566 279 Ita
1587 249 1673 280 enim
1699 249 1806 281 decre-

1038 301 1081 331 vit
1094 301 1201 331 divina
1213 301 1336 340 justitia
1350 325 1357 338 ‚
1374 303 1409 331 ut
1422 325 1431 338 ,
1448 304 1606 341 quantum
1623 304 1668 333 est
1683 303 1721 333 de
1735 303 1809 343 lege

1037 354 1214 391 communi,
1236 363 1300 384 non
1328 354 1486 385 relevetur
1510 355 1565 394 qui
1592 355 1720 394 cecidit,
1747 356 1807 387 nisi

1036 406 1142 446 aliqua
1155 407 1317 447 dispositio
1332 409 1476 438 occurrat
1493 419 1498 437 :
1518 411 1548 439 et
1562 408 1717 448 parvulus
1734 409 1807 449 qui-

1036 460 1107 490 dem
1126 461 1206 491 sicut
1227 470 1281 500 per
1303 460 1403 490 alium
1424 460 1547 498 cecidit,
1565 461 1608 491 ita
1630 464 1734 501 potest
1754 471 1810 502 per

1036 513 1134 543 alium
1148 514 1281 544 relevari
1293 513 1500 553 disponendo,
1513 516 1627 554 utputa
1643 524 1700 554 per
1711 515 1806 546 fidem

1036 566 1191 604 alienam;
1208 566 1334 604 adultus
1350 568 1456 597 autem
1474 576 1530 606 per
1540 568 1712 607 propriam,
1728 569 1809 600 sicut

1037 628 1093 659 per
1125 620 1287 660 propriam
1322 619 1518 650 voluntatem
1547 622 1698 660 peccavit.
1730 621 1810 659 Quia

1037 681 1113 703 vero
1127 673 1159 703 in
1174 675 1265 703 utero
1283 682 1346 703 non
1363 675 1464 712 potest
1479 682 1535 713 per
1550 674 1644 705 sidem
1659 674 1806 712 alienam,

1037 725 1087 756 vel
1113 735 1170 766 per
1199 728 1434 757 sacramentum
1459 727 1605 765 adjuvari
1621 752 1630 766 ,
1659 728 1809 768 quoniam

1037 788 1102 810 non
1115 781 1161 809 θεῖ
1178 779 1216 809 de
1240 779 1307 809 foro
1322 778 1468 810 Ecclesiae
1481 804 1488 817 ‚
1506 789 1562 810 nec
1587 781 1678 811 nobis
1698 783 1808 820 notus,

1038 835 1068 862 et
1082 833 1141 863 hoc
1156 832 1294 863 decrevit
1312 833 1392 863 Deus
1407 833 1444 864 dc
1458 833 1530 872 lege
1545 834 1724 872 communi;
1739 834 1809 866 ideo

1038 885 1144 916 nullus
1157 886 1190 916 in
1207 888 1318 916 ventre
1334 886 1519 926 purificatus
1533 889 1581 917 est
1594 910 1602 924 ‚
1623 887 1683 917 nisi
1695 887 1734 918 de
1749 888 1811 927 pri-

1038 939 1157 978 vilegio
1172 939 1309 979 speciali.
1334 938 1491 976 Quoniam
1515 940 1615 978 igitur
1634 940 1811 980 baptismus

1038 992 1164 1031 respicit
1180 992 1285 1032 legem
1298 1002 1514 1031 communem,
1526 995 1557 1024 et
1569 993 1675 1032 legem
1691 993 1808 1032 datam,

1038 1045 1107 1075 ideo
1123 1054 1187 1075 non
1210 1046 1301 1075 debet
1316 1046 1388 1086 quis
1407 1047 1438 1076 in
1462 1049 1552 1077 utero
1568 1046 1737 1086 baptizari,
1754 1056 1812 1078 nec

1039 1100 1148 1137 potest.
1173 1098 1209 1129 Et
1229 1099 1295 1129 haec
1311 1099 1391 1129 ratio
1407 1100 1586 1130 communis
1601 1101 1647 1130 est
1663 1100 1811 1131 omnibus

1040 1152 1246 1182 sacramentis
1261 1152 1436 1183 secundum
1451 1161 1543 1183 omne
1558 1156 1695 1193 tempuS.

1082 1207 1108 1233 l.
1128 1204 1163 1234 Et
1179 1207 1264 1243 patet
1286 1206 1451 1244 responsio
1467 1206 1504 1235 ad
1528 1206 1606 1237 illud
1627 1207 1712 1246 quod
1728 1207 1809 1246 obji-

1040 1257 1123 1287 citur
1138 1257 1175 1287 de
1191 1258 1437 1288 sanctificatione
1455 1269 1461 1288 z
1478 1259 1613 1289 concedo
1628 1259 1713 1289 enim
1728 1260 1812 1299 quod

1042 1309 1122 1340 Deus
1138 1313 1241 1349 posset
1251 1311 1325 1341 dare
1339 1312 1489 1349 gratiam,
1502 1311 1526 1341 si
1538 1311 1642 1348 vellet,
1655 1311 1789 1351 parvulo
1803 1323 1808 1342 ι

1041 1364 1094 1393 sed
1119 1373 1174 1403 per
1198 1367 1432 1394 sacramentum
1455 1365 1626 1404 baptismi,
1652 1364 1703 1395 vel
1727 1364 1813 1396 aliud

1041 1417 1285 1448 ecclesiasticum
1301 1426 1366 1448 non
1382 1418 1473 1449 dehet
1485 1418 1552 1449 lieri
1566 1429 1572 1448 z
1586 1427 1649 1449 non
1664 1417 1738 1458 quia
1749 1426 1812 1449 ma-

1038 1472 1091 1510 jus
1108 1471 1164 1509 sit,
1187 1471 1239 1501 sed
1259 1471 1334 1510 quia
1355 1471 1436 1502 alius
1455 1475 1500 1502 est
1524 1472 1653 1510 modus,
1670 1471 1726 1512 qui
1748 1480 1812 1502 non

1042 1526 1191 1565 competit
1206 1526 1248 1555 illi
1263 1526 1370 1556 statui.

1082 1581 1111 1608 Ξ.
1139 1578 1186 1608 Ad
1213 1578 1289 1608 illud
1313 1578 1397 1617 quod
1420 1579 1568 1617 objicitur
1588 1603 1597 1614 ‚
1621 1579 1704 1619 quod
1730 1579 1813 1610 Deus

1041 1632 1172 1671 pronior
1189 1634 1232 1662 est
1248 1632 1283 1661 ad
1302 1632 1532 1668 miserendum,
1545 1631 1716 1662 dicendum
1727 1631 1813 1672 quod

1043 1694 1155 1715 verum
1186 1686 1231 1714 est
1246 1695 1253 1721 ;
1281 1684 1333 1715 sed
1365 1686 1471 1715 tamen
1497 1693 1569 1714 cum
1598 1684 1813 1715 misericordia

1043 1739 1141 1768 currit
1159 1738 1280 1777 justitia
1296 1747 1303 1767 z
1320 1739 1350 1768 ct
1372 1738 1457 1775 ideo,
1474 1737 1550 1776 quia
1568 1737 1692 1777 ‘iustitia
1713 1737 1810 1768 dicta-

1043 1792 1093 1822 bat
1109 1793 1145 1821 ut
1159 1792 1264 1831 aliqua
1280 1791 1461 1828 satisfactio,
1479 1790 1529 1820 vel
1544 1790 1671 1830 aliquod
1686 1799 1814 1830 praepa-

1040 1845 1197 1875 raiol-ium
1209 1868 1217 1881 ‚
1236 1844 1323 1874 fieret
1339 1843 1399 1873 sibi
1414 1852 1471 1883 pro
1488 1843 1642 1883 parvulo;
1658 1843 1728 1874 ideo
1741 1846 1812 1875 ante

1042 1907 1105 1928 non
1120 1898 1300 1928 remittebat
1318 1896 1455 1936 culpam.
1471 1896 1591 1927 Tamen
1608 1906 1671 1927 non
1682 1898 1692 1915 ³
1707 1898 1813 1929 conli-

1042 1953 1095 1983 πεῖ
1118 1949 1370 1982 misericordiam
1392 1958 1484 1982 suam
1508 1951 1544 1981 in
1568 1951 1636 1986 ira,
1657 1950 1731 1989 quia
1755 1949 1814 1981 hoc

1041 2005 1146 2044 ipsum
1161 2004 1245 2044 quod
1261 2005 1426 2035 conservat
1440 2004 1471 2033 in
1486 2004 1592 2040 utcro,
1608 2004 1639 2033 et
1654 2005 1811 2043 praeparat

1040 2058 1216 2088 remedium
1231 2058 1335 2093 extra,
1355 2056 1578 2086 misericordiae
1593 2059 1652 2086 est.
1668 2055 1706 2086 Et
1721 2056 1746 2086 si
1762 2064 1810 2086 re-

1040 2111 1202 2142 tribuisset
1217 2110 1294 2141 Adae
1317 2109 1490 2140 secundum
1515 2111 1677 2148 peccatum
1692 2118 1808 2146 suum,

1039 2167 1136 2195 totam
1151 2164 1364 2203 posteritatem
1381 2163 1450 2201 ejus
1464 2161 1639 2193 delevisset.

1302 2268 1480 2306 QUAESTIO
1505 2268 1540 2299 11.

1078 2350 1123 2377 An
1142 2350 1325 2383 sanctificatus
1346 2350 1373 2375 ιἰι
1392 2351 1463 2376 utero
1483 2349 1578 2376 debeat
1598 2349 1734 2384 baptizari
1748 2349 1767 2376 ⁵.

1078 2429 1190 2460 Utrum
1204 2429 1415 2460 sanctificatus
1428 2430 1460 2459 in
1478 2432 1567 2460 utero
1580 2431 1692 2462 debeat
1707 2430 1807 2470 bapti·
1823 2436 1927 2461 Fundam.

1037 2483 1100 2513 zari
1123 2491 1195 2513 cum
1222 2485 1314 2513 natus
1337 2485 1404 2520 est;
1423 2485 1452 2513 et
1472 2483 1557 2523 quod
1574 2483 1618 2514 sie
1631 2507 1640 2521 ‚
1660 2483 1805 2520 videtur,

1038 2565 1074 2586 lo.
1090 2575 1120 2579 —
1138 2563 1145 2577 ⁵
1164 2563 1203 2592 Cf.
1225 2562 1296 2586 Alex.
1319 2562 1412 2592 Alens.y
1438 2570 1462 2593 p.
1483 2563 1524 2592 lv,
1551 2569 1575 2593 q.
1598 2568 1653 2592 vni,
1670 2562 1764 2586 memb.
1783 2563 1805 2591 7,

1035 2599 1082 2628 art,
1103 2600 1121 2626 l,
1138 2597 1151 2627 ἓ
1166 2598 1196 2627 6;
1210 2600 1309 2627 Scottis,
1326 2598 1356 2621 lv
1373 2599 1451 2627 Sent„
1464 2598 1521 2622 dist.
1536 2603 1568 2626 iv,
1581 2604 1606 2628 q,
1621 2602 1661 2627 νη
1678 2597 1804 2625 Richard.,
