2017 2948
798 153 985 185 DISTINCT.
1008 152 1138 184 XXXIV.

162 224 196 256 in
209 225 261 257 via
269 225 376 265 aliquo
391 224 483 255 modo
496 224 624 261 habent,
641 222 714 253 licet
729 221 902 261 semiplene
919 232 925 251 :

162 281 192 309 et
204 279 273 309 ideo
287 279 418 309 virtutes
434 278 502 308 istae
523 286 588 318 non
602 276 751 306 tollentur
762 299 771 313 ,
788 275 841 305 sed
862 283 929 314 per-

161 331 318 361 ficientur.

201 386 230 413 2.
247 383 296 413 Ad
311 382 388 413 illud
408 382 493 421 quod
515 381 672 421 objicitur,
695 380 779 420 quod
794 380 928 410 virtutes

161 435 347 474 theologicae
378 434 578 474 perfectiores
605 436 678 464 sunt
705 432 927 468 cardinalibus,

160 488 328 518 dicendum
347 487 432 526 quod
450 489 497 517 est
518 495 632 516 verum
656 487 811 525 quantum
824 487 870 514 est
890 494 929 514 ex

160 542 248 580 parte
280 539 412 579 objecti3
452 541 675 569 verumtamen
708 539 863 577 quantum
890 537 930 567 ad

159 595 291 626 modum
308 594 458 625 movendi
483 596 512 624 et
531 593 731 630 habilitandi‚
747 601 812 622 non
835 592 930 622 habet

159 648 324 679 veritatem
339 647 541 686 generaliter,
561 646 636 686 quia
656 645 733 675 fides
753 647 783 675 et
807 654 877 684 spes
892 645 929 675 de

159 710 218 731 sua
239 700 393 740 primaria
416 693 546 730 ratione⁸
568 699 742 738 important
764 698 930 737 imperfec-

158 753 288 790 tionem,
307 762 379 792 quae
398 754 559 792 repugnat
571 751 664 781 statui
680 751 802 790 gloriae,
819 760 876 790 pro
891 760 928 781 eo

158 806 243 845 quod
268 805 434 835 habilitaut
459 806 604 843 respectu
633 803 789 840 absentis,
812 805 842 833 et
863 812 928 834 non

157 859 302 896 respectu
316 856 496 896 praesentis.
516 856 552 885 Et
567 856 642 885 hinc
661 858 707 885 est
721 856 805 894 quod
824 856 929 892 magis

158 912 353 941 evacuantur
378 909 586 947 theologicae,
614 917 710 948 quam
733 908 926 945 cardinales,

157 963 238 993 sicut
253 962 327 992 satis
340 964 472 1001 apparet
487 971 527 992 ex
543 961 594 991 his
607 985 614 997 ,
632 970 703 1000 quae
720 961 801 991 dicta
815 963 901 991 sunt.

198 1018 227 1045 3.
235 1015 366 1045 Adillud
375 1014 458 1054 quod
466 1015 626 1054 objicitur,
635 1013 718 1053 quod
725 1014 858 1043 virtutes
865 1023 930 1043 car-

157 1068 276 1100 dinales
289 1068 435 1098 ordinant
446 1067 486 1097 ad
498 1076 534 1097 ea
545 1076 618 1106 quae
627 1066 760 1096 tendunt
772 1067 805 1096 in
818 1067 925 1104 finem,

157 1121 325 1152 dicendum
338 1120 423 1160 quod
438 1129 551 1151 verum
567 1122 624 1155 est,
641 1119 716 1158 quia
728 1119 875 1149 ordinant
888 1119 927 1149 ad

156 1184 189 1206 se
203 1177 234 1206 et
247 1174 285 1205 ad
301 1174 502 1213 proximum3
520 1173 574 1203 sed
588 1173 648 1202 ista
663 1172 701 1202 ad
716 1181 788 1211 quae
803 1172 928 1202 ordinat

1713 161 1751 189 63

983 220 1086 252 virtus
1100 220 1265 251 cardinalis
1278 245 1286 258 ‚
1305 231 1369 252 non
1397 223 1564 254 cessabunt
1577 224 1611 254 in
1630 224 1749 263 patria,

984 271 1050 301 imo
1072 273 1246 303 manebunt
1270 274 1370 304 multo
1390 276 1502 306 melius
1524 276 1678 307 ordinata.
1702 276 1751 307 Ad

984 323 1044 354 hoc
1075 325 1160 354 enim
1186 326 1270 364 quod
1295 326 1391 357 homo
1416 330 1498 358 recte
1528 329 1691 359 ordinetur
1717 329 1752 359 in

985 375 1086 407 Deum
1100 402 1107 415 ,
1125 387 1251 409 necesse
1271 383 1317 410 est
1332 381 1415 419 quod
1438 382 1533 411 etiam
1551 382 1589 411 ad
1612 382 1750 421 seipsum

985 435 1015 462 et
1034 431 1072 461 ad
1093 432 1275 470 proximum
1300 433 1480 471 ordinetur3
1504 436 1534 464 et
1549 434 1617 464 ideo
1634 435 1705 465 licet
1719 435 1751 464 in

985 484 1087 524 patria
1104 485 1307 523 perveniatur
1327 495 1427 525 usque
1442 486 1476 516 in
1491 487 1588 516 finem
1599 510 1606 523 ,
1623 496 1689 517 non
1703 489 1750 516 ta-

984 546 1057 568 men
1070 537 1227 576 oportebit
1238 538 1365 568 habitus
1377 538 1510 569 istarum
1520 539 1676 569 virtutum
1688 548 1751 569 non

983 600 1158 621 remanere.

1024 646 1053 675 4.
1077 644 1124 674 Ad
1146 643 1222 674 illud
1237 645 1321 683 quod
1340 645 1498 684 objicitur,
1520 646 1604 685 quod
1624 645 1752 676 scientia

985 696 1118 726 cessabit
1132 696 1165 726 in
1180 697 1279 735 patria
1293 721 1303 734 ,
1320 697 1488 728 dicendum
1499 722 1507 735 ,
1523 698 1603 728 sicut
1618 698 1652 728 iu
1667 707 1751 737 prae-

984 749 1167 779 cedentibus
1192 749 1310 779 dictum
1330 749 1407 785 fuit,
1432 751 1516 790 quod
1535 760 1599 780 non
1621 751 1753 781 cessabit

985 804 1140 840 quantum
1156 801 1195 831 ad
1209 801 1355 831 habitum
1365 826 1372 839 ,
1388 802 1442 832 sed
1457 805 1612 842 quantum
1627 804 1666 834 ad
1683 813 1752 834 mo·

984 853 1061 884 dum
1074 878 1081 891 ,
1101 854 1156 893 qui
1171 855 1342 885 attenditur
1356 864 1411 894 per
1430 856 1627 887 collationem
1644 859 1674 887 et
1688 857 1752 887 (lis-

983 915 1124 936 cursum.
1144 906 1299 937 Praeterea
1310 931 1319 944 ,
1337 908 1465 937 scientia
1480 908 1533 938 illa
1545 932 1552 946 ,
1570 909 1607 939 de
1626 919 1689 948 qua
1704 910 1750 940 lo-

983 961 1093 1000 quitur
1108 962 1291 1001 Apostolus,
1305 972 1368 992 non
1383 965 1428 993 est
1442 964 1587 1001 nobilior,
1605 974 1701 1004 quam
1712 965 1752 995 sit

982 1013 1110 1044 habitus
1137 1015 1292 1045 virtutum
1319 1015 1537 1046 cardinalium.
1566 1017 1603 1047 Et
1633 1017 1748 1047 iterum

982 1068 1120 1106 scientia,
1136 1071 1291 1108 quantum
1302 1072 1348 1100 est
1359 1070 1396 1100 de
1406 1071 1526 1101 ratione
1539 1071 1586 1101 sui
1598 1072 1747 1110 nominis,

983 1121 1015 1150 in
1030 1121 1082 1151 via
1102 1122 1276 1161 imponitur
1294 1133 1299 1151 :
1319 1125 1349 1152 et
1367 1123 1436 1153 ideo
1454 1133 1518 1153 non
1543 1124 1586 1154 sic
1602 1124 1750 1155 dicuntur

984 1173 1104 1204 destrui
1119 1174 1152 1204 in
1166 1175 1267 1214 patria
1277 1199 1284 1212 ,
1301 1176 1475 1206 secundum
1490 1176 1573 1215 quod
1589 1177 1728 1207 seientia.

589 1319 1016 1365 DISTINCTIO
1079 1321 1313 1367 XXXIV

156 1439 194 1462 DE
216 1438 330 1461 SEPTEM
350 1436 437 1460 DONIS
459 1436 592 1458 SPIRITUS
622 1436 741 1466 SANCTI,
767 1436 804 1457 AC
829 1436 918 1459 PRIMO
940 1437 978 1458 DE
1003 1437 1104 1459 EORUM
1136 1438 1293 1469 ESSENTIA,
1324 1439 1494 1461 DURATIONE
1518 1441 1554 1463 AC
1579 1441 1741 1471 SUBJECTO;

397 1493 576 1516 POTISSIMUM
591 1494 694 1516 AUTEM
709 1494 747 1515 DE
760 1493 884 1524 TIMORE,
902 1494 989 1516 CUJUS
1004 1495 1123 1517 DANTUR
1137 1495 1256 1522 ALIQUAE
1273 1497 1507 1519 DISTINCTIONES.

871 1605 969 1641 PARS
998 1606 1022 1642 I.

564 1694 602 1716 DE
618 1694 732 1716 SEPTEM
751 1693 840 1715 DONIS
856 1694 986 1717 SPIRITUS
1002 1694 1106 1716 SANCTI
1120 1696 1335 1719 GENERALITER.

200 1787 295 1821 Nunc
309 1787 349 1820 de
359 1791 480 1832 septem
496 1787 590 1820 donis
604 1786 747 1831 Spiritus
765 1787 866 1821 sancti
880 1788 1043 1830 agendum
1066 1792 1124 1830 est,
1148 1789 1205 1822 ubi
1228 1790 1319 1833 prius
1339 1792 1609 1826 considerandum
1634 1798 1681 1826 est
1701 1805 1741 1827 an

157 1846 224 1880 haec
237 1846 322 1879 dona
335 1845 473 1878 virtutes
487 1845 552 1877 sint
564 1858 571 1886 ;
588 1845 741 1887 secundo,
750 1856 792 1877 an
807 1845 841 1877 in
856 1845 969 1878 futuro
982 1846 1125 1878 desitura
1135 1847 1212 1887 sint,
1225 1847 1277 1879 vel
1287 1848 1408 1890 omnia,
1420 1849 1471 1882 vel
1487 1850 1605 1883 horum
1616 1851 1740 1895 aliqua;
1775 1857 1792 1869 ⁵(
1808 1858 1831 1869 't

157 1903 288 1944 deinde,
306 1903 397 1935 auin
417 1902 544 1935 Christo
559 1902 681 1935 fuerint
695 1906 810 1935 cuncta
825 1903 892 1935 haec
910 1903 1006 1936 dona.
1032 1903 1107 1936 Haec
1129 1904 1215 1936 dona
1229 1905 1365 1937 virtutes
1387 1917 1469 1948 esse,
1495 1918 1553 1939 nec
1576 1908 1609 1939 in
1632 1909 1743 1941 futuro

159 1960 301 1993 desitura
317 1960 511 1992 Ambrosius
526 1960 677 1999 ostendit,
695 1971 731 1991 ea
745 1963 867 2003 septem
882 1960 951 1992 sore
965 1960 1101 1992 virtutes
1115 1960 1234 2003 dicens,
1248 1962 1321 1994 etin
1331 1963 1455 2005 angelis
1465 1964 1742 1998 abundantissime
1781 1980 1804 1992 Γπ

375 2016 527 2049 «Civitas
541 2016 599 2049 Dei
614 2016 670 2048 illa
684 2016 888 2049 Hierusalem
911 2017 1060 2058 coelestis,
1084 2029 1149 2050 non
1175 2023 1281 2051 meatu
1304 2019 1442 2063 alicujus
1464 2022 1562 2054 stuvii
1587 2023 1743 2055 terrestris
1765 2015 1824 2054 μέρη

157 2074 316 2115 abluitur,
335 2074 389 2107 sed
404 2084 442 2107 ex
460 2074 534 2107 vita]
549 2074 640 2106 fonte
655 2074 829 2117 procedens
845 2074 987 2118 Spiritus
1001 2075 1114 2114 sancti,
1131 2075 1225 2119 cujus
1243 2087 1301 2108 nos
1319 2076 1409 2109 brevi
1433 2079 1590 2111 satiamur
1607 2079 1738 2120 haustu,
1779 2066 1797 2115 ’ζ’

157 2132 192 2165 in
207 2132 272 2164 illis
286 2131 470 2165 coelestibus
485 2131 653 2175 spiritibus
669 2131 905 2164 redundantius
918 2131 1049 2164 videtur
1063 2132 1208 2173 effluere,
1226 2133 1322 2176 pleno
1336 2138 1456 2178 septem
1474 2136 1633 2169 virtutum
1648 2138 1743 2182 spiri·
1764 2133 1785 2146 ⁵¹¹

158 2028 237 2059 esse,
256 2017 300 2049 sic
318 2019 326 2035 ¹
347 2029 353 2048 :

159 2189 297 2222 tualium
313 2189 443 2221 fervens
459 2192 578 2221 meatu.
596 2188 631 2220 Si
645 2187 732 2221 enim
745 2188 867 2221 fluvius
881 2188 1026 2232 riparum
1043 2189 1263 2233 crepidinibus
1274 2191 1365 2223 editis
1380 2193 1570 2235 superfusus
1584 2196 1740 2238 exundat,

158 2250 280 2290 quanto
292 2245 397 2288 magis
412 2245 555 2290 Spiritus
569 2249 698 2278 sanetus
712 2246 958 2289 supereminens
972 2250 1165 2287 creaturam,
1179 2258 1253 2278 cum
1275 2252 1391 2281 nostrae
1407 2250 1524 2283 mentis
1543 2263 1660 2284 arcana
1675 2257 1742 2285 tan-

157 2314 258 2346 quam
275 2302 429 2335 inferiora
444 2303 652 2347 perstringat,
669 2303 830 2336 coelestem
845 2303 936 2335 illam
951 2303 1142 2346 angelorum
1165 2307 1316 2336 naturam
1332 2305 1482 2339 effusiore
1499 2309 1639 2352 quadam
1654 2321 1744 2343 sanc-

159 2359 371 2392 tificationum
385 2360 530 2392 ubertate
545 2360 711 2393 laetificat?
730 2373 745 2390 »
763 2360 885 2393 Deinde
902 2360 1185 2393 sanctificationem
1202 2372 1377 2405 exponens,
1394 2364 1504 2397 subdit
1520 2366 1529 2381 ¹
1545 2379 1551 2398 :
1571 2379 1588 2398 «
1613 2367 1671 2399 His
1685 2379 1742 2401 au-

158 2420 223 2448 tem
238 2416 547 2449 sanctificationibus
562 2417 765 2460 significatur
784 2417 952 2461 plenitudo
969 2427 1090 2462 septem
1114 2418 1337 2461 spiritualium
1359 2421 1532 2463 virtutum,
1553 2435 1634 2467 quas
1655 2436 1742 2458 enu-

158 2477 261 2506 merat
277 2473 375 2506 Isaias
387 2473 495 2505 dicens
508 2476 518 2492 ³
534 2486 541 2505 :
559 2474 701 2519 Spiritus
716 2474 899 2518 sapientire,
914 2481 944 2507 ec
958 2475 1152 2517 intellectus,
1168 2476 1310 2520 Spiritus
1326 2478 1464 2518 consilii,
1477 2486 1508 2511 el
1517 2481 1740 2525 fortitudinis,

157 2531 299 2575 Spiritus
315 2530 471 2570 scientioe,
493 2537 523 2563 et
534 2531 685 2575 pietatis,
703 2538 734 2565 et
748 2532 890 2576 Spiritus
917 2533 1046 2565 timoris
1069 2533 1216 2565 Domini.
1230 2533 1340 2567 Unum
1355 2539 1401 2567 est
1430 2547 1506 2578 ergo
1531 2537 1655 2572 flumen
1669 2540 1743 2585 Spi-

193 2620 200 2636 ¹
214 2619 312 2650 Ambr„
325 2619 354 2643 (le
368 2620 456 2649 sz'rz'c.
470 2621 569 2650 sunem,
583 2620 626 2643 lib.
643 2620 662 2650 l,
675 2628 695 2644 c.
710 2627 754 2651 xx,
769 2622 800 2645 al.
814 2628 866 2652 xvi,
882 2629 906 2646 n.
925 2623 976 2646 154.
988 2635 1017 2639 -·
1029 2624 1037 2637 ²
1048 2622 1121 2653 llud„
1136 2629 1162 2647 u.
1178 2624 1230 2646 155.
1245 2636 1272 2640 η
1283 2623 1293 2639 ³
1309 2624 1366 2654 lm,
1382 2630 1417 2654 xi,
1431 2627 1454 2655 22,
1466 2626 1488 2650 3.

1305 2661 1310 2697 Ι
