2017 2948
113 2166 191 2193 Opinio
201 2167 220 2187 1.

232 182 289 210 514

233 243 367 275 cidentia
388 244 463 274 sunt
477 242 535 281 ibi,
552 243 596 273 tot
618 240 802 271 substantiae
816 238 929 269 debent
944 247 1000 278 ge-

229 297 347 328 nerari.
365 295 398 327 Si
417 297 453 326 tu
477 295 560 326 dicas
572 319 580 332 ‚
594 293 678 334 quod
693 291 852 332 quantitas
868 301 1000 323 eonver-

227 350 305 382 titur
328 350 360 379 in
383 348 608 385 substantiam,
626 356 697 386 quae
714 348 759 375 est
781 345 918 375 aliorum
934 345 1003 374 sun-

227 403 412 434 damentum
429 412 435 433 :
453 411 532 441 ergo
554 401 580 430 si
596 399 791 429 convertitur
806 398 838 428 iu
852 398 999 428 substan-

227 457 324 492 tiam,
351 455 464 486 desinit
489 464 555 485 0550
576 452 735 492 quantitas
757 462 763 481 z
787 460 866 490 ergo
889 451 1002 481 desiuit

228 517 295 540 esse
307 510 464 548 quantum
481 516 488 536 :
511 505 565 536 sed
586 514 680 535 omne
702 504 889 534 alimentum
904 505 1002 541 auget

228 570 284 602 per
297 565 445 592 naturam
462 558 573 599 quanti
591 567 598 588 :
617 566 695 596 ergo
718 556 793 587 illud
814 556 1001 586 alimentum

228 623 291 646 non
314 613 425 653 poterit
450 612 573 651 augeri.
595 610 674 641 Illud
698 610 792 640 etiam
815 608 1001 639 alimentum

227 669 416 706 generatum
431 664 549 696 carebit
563 663 738 704 quantitate
759 674 765 693 ;
782 662 866 702 quod
881 663 927 692 est
942 662 1002 691 im-

226 719 382 759 possibile.

265 774 295 802 2.
314 772 391 802 Item
414 772 650 802 sacramentum
672 768 755 799 istud
772 769 819 798 est
832 768 921 798 cibus
936 766 1001 806 spi-

226 825 370 856 ritualis:
394 826 425 855 et
453 824 522 854 ideo
551 823 647 853 etiam
671 824 718 852 est
742 830 807 852 una
828 820 908 851 ratio
930 828 1002 850 con-

227 877 375 917 gruitatis
386 901 394 915 ,
411 885 509 917 quare
523 875 698 906 substantia
710 874 838 911 transit,
857 881 896 904 ue
911 880 1002 912 110110-

226 933 315 961 ratur
339 929 465 961 refectio
487 928 656 969 corporalis
677 938 684 958 ε
705 936 783 967 ergo
804 926 831 956 si
852 926 892 957 ob
920 925 1001 956 hanc

226 992 353 1015 causam
377 983 561 1020 transeunt,
578 990 642 1012 non
666 980 794 1012 videtur
816 978 902 1019 quod
918 977 1001 1010 ultra

226 1037 388 1068 remaneat
401 1035 455 1066 illa
471 1035 583 1066 virtus.

267 1091 296 1120 3.
313 1089 408 1126 Item,
424 1087 450 1118 si
469 1087 557 1118 cibus
581 1088 626 1117 est
641 1085 822 1126 corporalis,
854 1093 933 1123 ergo
955 1093 1001 1114 sa-

226 1142 334 1173 cerdos
341 1165 351 1180 ,
369 1140 425 1181 qui
442 1140 580 1171 cantavit
589 1149 688 1170 unam
704 1139 834 1168 missam
846 1162 854 1176 ,
869 1146 934 1168 non
949 1146 1002 1176 po-

227 1194 300 1225 terit
313 1196 440 1224 cantare
455 1193 547 1224 aliam
559 1217 566 1231 ,
585 1193 662 1233 quia
683 1191 802 1230 frangit
814 1190 973 1230 jejunium
990 1211 1000 1227 ,

227 1256 290 1287 quo
306 1246 403 1277 fracto
414 1246 560 1277 illicitum
575 1248 621 1276 est
636 1247 773 1276 cantare.
790 1243 877 1274 Unde
893 1242 1002 1273 1011101-

227 1302 280 1331 tur
308 1299 522 1330 sacerdotibus
539 1322 548 1337 ,
577 1300 614 1329 ut
637 1307 674 1329 00
703 1297 773 1335 1110,
799 1305 863 1336 quo
895 1296 1003 1335 plures

227 1352 342 1384 missas
359 1354 485 1383 cantare
500 1351 624 1390 debent,
641 1351 674 1382 in
689 1351 794 1391 prima
809 1359 873 1380 non
888 1348 1004 1379 faciant

227 1405 499 1446 purificationem3
517 1404 601 1445 quod
626 1404 651 1434 si
677 1404 715 1443 (a)
740 1404 784 1434 ita
800 1404 900 1439 esset,
917 1400 1003 1442 quod

227 1459 345 1499 species
373 1459 442 1489 istae
467 1458 607 1497 alerent,
631 1457 722 1489 nulla
744 1457 907 1488 videretur
936 1463 1004 1486 0550

227 1511 297 1542 haec
316 1511 483 1542 institutio.

267 1567 297 1595 4.
321 1564 399 1594 Item
414 1564 474 1594 1100
496 1563 648 1603 probatur
663 1562 847 1593 auctoritate
865 1562 1002 1592 Α111111Ὸμ

229 1618 283 1655 511,
300 1617 354 1657 qui
369 1616 445 1653 dicit
459 1617 466 1632 ¹
483 1616 521 1647 de
534 1616 595 1646 1100
613 1617 825 1653 sacramento,
842 1615 926 1654 quod
941 1623 1004 1645 non

230 1672 276 1701 est
289 1670 377 1700 cibus
392 1669 528 1706 ventris,
545 1668 600 1699 sed
613 1668 727 1699 mentis
742 1679 749 1698 :
768 1668 820 1698 sed
834 1667 860 1697 si
875 1676 1005 1698 conver-

229 1724 348 1754 teretur
385 1723 418 1752 in
447 1721 658 1759 alimentum,
686 1721 735 1752 vel
764 1720 876 1751 alitum
895 1744 903 1759 ,
931 1729 1005 1752 vere

231 1777 312 1808 esset
326 1775 415 1806 cibus
430 1774 549 1807 ventris
565 1785 572 1805 ι
592 1783 670 1813 ergo
681 1797 690 1812 ,
706 1775 764 1804 etc.

508 1889 733 1922 CONCLUSIO.

236 1977 383 2011 Percipiens
403 1977 597 2002 sacramentum
612 1973 790 2001 Eucharistioe
805 1973 891 1999 alitur
909 1974 932 1999 et
951 1980 1005 1998 nu-

271 2022 362 2054 tritur,
386 2021 442 2046 sive
460 2019 610 2046 accidentia
634 2019 822 2045 convertantur
840 2019 869 2043 in
893 2017 1005 2043 alimen·-

270 2066 337 2096 lum,
352 2066 407 2091 sive
420 2065 513 2099 prima
526 2063 681 2091 substancia
695 2063 853 2089 revertatur.

276 2148 366 2188 Resp.
388 2148 427 2178 ad
448 2157 519 2186 arg.
538 2147 711 2177 Dicendum
734 2145 819 2186 quod
841 2145 924 2175 circa
946 2145 1006 2175 hoc

235 2201 352 2241 duplex
374 2200 433 2230 fuit
456 2200 573 2238 opinio.
598 2199 702 2238 Aliqui
727 2199 894 2236 dixerunt,
921 2198 1006 2238 quod

235 2253 406 2285 aceldentia
417 2253 470 2282 illa
484 2262 547 2282 non
564 2252 726 2288 reficiunt,
744 2261 801 2281 000
817 2253 1006 2281 convertun-

235 2307 333 2338 turin
355 2305 563 2341 alimentum,
581 2304 657 2343 quia
673 2313 729 2333 nec
745 2304 916 2334 accidentia
931 2313 1006 2343 pos-

235 2361 326 2397 sunt,
343 2367 401 2388 nec
414 2357 488 2387 111110
503 2356 651 2396 competit
666 2358 871 2386 sacramento.
888 2356 1006 2386 Tamen

235 2412 353 2451 species
368 2411 486 2441 habent
501 2410 630 2440 odorem
646 2411 676 2438 et
692 2418 834 2447 saporem
847 2419 853 2446 3
872 2410 902 2439 et
915 2409 1002 2447 odor,

236 2465 382 2504 quamvis
411 2464 450 2493 sit
478 2462 618 2493 accidens
632 2485 641 2499 ,
672 2462 777 2491 tamen
808 2461 1005 2491 immutando

235 2526 340 2548 aerem
355 2516 520 2548 cerebrum
535 2514 690 2552 inebriat,
707 2513 785 2544 sicut
800 2516 904 2553 patet,
920 2514 1005 2553 quod

269 2598 277 2614 ¹
289 2596 418 2627 Ambros,
434 2596 463 2620 cle
481 2597 604 2627 Sacram„
620 2595 662 2619 lib.
681 2595 712 2624 V,
735 2601 757 2618 c.
773 2599 810 2623 IV,
829 2600 855 2618 n.
877 2595 915 2624 22,
935 2595 959 2618 et
977 2593 1006 2618 de

234 2631 274 2654 his
287 2633 330 2661 qui
347 2634 420 2661 myst.
437 2633 579 2661 initiantur,
592 2639 615 2655 c.
633 2636 668 2660 lx,
686 2636 711 2653 n.
725 2631 762 2653 55.

788 171 1099 204 SENTENTIARUM
1121 172 1194 203 LIB.
1219 171 1268 202 IV.

1060 238 1150 269 multi
1172 237 1368 269 inebriantur
1389 247 1429 269 ex
1444 238 1538 270 odore
1553 239 1621 270 vini
1636 250 1643 269 ι
1660 241 1691 270 01
1716 241 1761 271 510
1780 241 1829 272 di-

1059 294 1136 322 cunt
1159 291 1402 331 intelligendum
1423 300 1489 322 esse
1515 292 1650 323 verbum
1666 292 1827 332 Apostoli,

1058 346 1087 374 01
1112 344 1241 375 [1105501.
1261 345 1320 375 Sed
1342 345 1493 384 quoniam
1513 345 1678 376 manifeste
1699 347 1829 385 apparet
1843 330 1940 359 Improb.

1059 398 1090 428 in
1106 399 1322 429 combustione
1341 399 1535 438 specierum,
1555 398 1639 438 quod
1661 398 1825 429 resolvun-

1058 451 1156 481 turin
1171 451 1308 488 cineres3
1326 454 1357 481 et
1374 451 1400 481 si
1416 460 1479 481 non
1495 451 1630 488 alerent,
1649 460 1712 481 000
1727 460 1828 491 appa-

1058 505 1139 533 reret
1155 504 1313 543 quomodo
1326 504 1386 534 hoc
1399 506 1631 534 sacramentum
1647 504 1742 534 latere
1758 513 1827 544 pos-

1057 556 1117 593 sit,
1147 556 1211 586 imo
1239 566 1364 587 necesse
1395 559 1474 586 esset
1501 556 1693 596 deprehendi
1720 566 1727 587 t
1757 556 1827 587 ideo

1057 609 1258 639 communior
1276 612 1323 640 est
1346 609 1451 649 opinio
1464 633 1472 646 ,
1489 609 1573 649 quod
1587 609 1761 649 percipiens
1775 618 1825 640 sa·
1841 620 1945 647 omnm.

1057 665 1255 692 cramentum
1271 662 1366 692 alitur
1378 687 1387 701 ‚
1403 665 1433 693 01
1448 662 1587 692 nutritur
1604 673 1610 692 :
1634 664 1664 692 01
1683 661 1761 692 111011
1773 671 1826 693 sa-

1057 715 1097 746 tis
1119 715 1243 755 probari
1274 718 1374 756 potest
1400 715 1440 746 ad
1464 725 1604 746 sensum.
1627 715 1827 746 Manifestum

1058 768 1143 798 enim
1159 770 1205 798 est
1225 768 1428 808 percipienti,
1445 768 1529 808 quod
1545 778 1600 808 per
1614 768 1828 808 sumptionem

1058 822 1125 853 vini
1139 846 1148 861 ,
1165 823 1231 853 slve
1246 822 1331 852 illius
1345 821 1476 861 speciei,
1492 821 1560 851 sitis
1576 821 1787 861 extinguitur.

1100 878 1127 906 1.
1143 875 1192 906 Ad
1206 874 1285 905 illud
1306 876 1412 905 autem
1426 874 1510 914 quod
1533 874 1680 914 objicitur
1700 876 1732 904 in
1753 883 1827 905 con-

1059 928 1214 965 trarium,
1243 927 1327 967 quod
1353 927 1539 958 alimentum
1562 929 1608 957 est
1630 927 1826 965 substantia,

1057 980 1266 1012 diversimode
1285 980 1493 1020 respondetur
1511 990 1530 1010 a
1551 980 1695 1011 diversis.
1720 979 1828 1020 Aliqui

1057 1033 1143 1063 enim
1170 1033 1294 1070 dicunt,
1317 1032 1402 1072 quod
1426 1032 1543 1063 virtute
1566 1041 1662 1071 supra
1680 1034 1828 1062 naturam

1057 1086 1227 1116 accidentia
1241 1086 1470 1116 convertuntur
1486 1085 1519 1114 in
1533 1085 1755 1115 substantiam.
1774 1083 1828 1115 Ille

1057 1139 1141 1169 enim
1163 1139 1217 1178 qui
1240 1138 1356 1169 virtute
1372 1138 1510 1168 increata
1529 1140 1638 1177 potens
1662 1140 1708 1168 est
1732 1146 1828 1177 supra

1057 1194 1205 1221 naturam
1221 1191 1394 1221 accidentia
1409 1190 1461 1220 illa
1475 1193 1650 1221 sustentare
1671 1190 1740 1221 sine
1758 1200 1826 1220 ma—

1057 1244 1136 1274 teria
1146 1268 1155 1281 ,
1172 1244 1223 1274 ille
1238 1244 1391 1275 virtutem
1408 1243 1459 1273 dat
1476 1246 1511 1274 ut
1526 1243 1740 1274 desinentibus
1753 1252 1826 1282 pro-

1058 1296 1243 1336 prietatibus
1257 1305 1321 1326 non
1340 1296 1373 1326 in
1387 1296 1486 1334 nihil,
1504 1296 1604 1326 sedin
1620 1296 1828 1327 substantiam

1058 1352 1284 1381 convertantur
1296 1374 1304 1388 ‚
1323 1349 1357 1380 in
1376 1359 1474 1389 quam
1501 1351 1738 1380 converteretur
1761 1349 1829 1388 ipsa

1059 1404 1148 1443 panis
1170 1403 1362 1441 substantia,
1385 1403 1411 1432 si
1435 1402 1567 1433 adesset.
1584 1402 1622 1433 Et
1646 1402 1706 1432 1100
1721 1402 1829 1433 dicunt

1058 1457 1162 1496 ipsum
1177 1458 1410 1487 sacramentum
1430 1456 1560 1494 exigere
1574 1479 1581 1494 ,
1599 1464 1639 1486 ne
1653 1455 1828 1495 deprehen-

1058 1510 1169 1547 datur,
1187 1512 1217 1540 et
1241 1510 1318 1540 fides
1341 1509 1465 1540 amittat
1489 1509 1659 1546 meritum;
1675 1517 1715 1539 ne
1733 1508 1828 1539 etiam

1058 1560 1292 1593 sacramentum
1315 1563 1407 1592 faciat
1430 1562 1558 1602 aliquod
1572 1564 1694 1592 naturae
1710 1563 1829 1602 11100111-

1059 1614 1189 1645 dicium.
1206 1615 1243 1645 Et
1265 1615 1290 1644 si
1315 1617 1349 1645 tu
1370 1615 1516 1654 objicias,
1533 1615 1618 1654 quod
1642 1615 1828 1646 incineratio

1059 1676 1124 1698 non
1139 1670 1185 1698 est
1199 1677 1218 1698 a
1232 1667 1348 1698 virtute
1365 1677 1462 1707 supra
1482 1670 1630 1698 naturam
1641 1691 1650 1706 ‚
1665 1667 1719 1698 sed
1734 1669 1827 1698 natu-

1059 1720 1135 1757 rali,
1156 1721 1301 1751 similiter
1320 1730 1377 1751 nec
1395 1720 1577 1758 inebriatio,
1600 1729 1657 1750 nec
1680 1721 1829 1751 combus-

1060 1773 1127 1811 tio,
1160 1774 1224 1804 imo
1253 1775 1327 1804 sunt
1351 1783 1370 1803 a
1407 1768 1578 1804 virtutibus
1606 1772 1827 1811 naturalibus,

1060 1827 1200 1857 maxime
1214 1836 1287 1857 cum
1297 1827 1374 1856 fiant
1383 1826 1422 1856 ab
1435 1825 1583 1856 exteriori
1598 1826 1714 1856 virtute
1727 1850 1734 1862 ,
1750 1826 1830 1855 fiant

1059 1879 1266 1910 nihilominus
1272 1879 1457 1916 successive,
1469 1878 1679 1909 terminentur
1688 1878 1725 1917 (b)
1735 1877 1830 1908 etiam

1059 1931 1098 1962 ad
1113 1941 1181 1962 rem
1196 1932 1302 1962 minus
1318 1932 1488 1971 perfectam
1504 1942 1510 1961 :
1528 1931 1587 1970 ipsi
1603 1931 1708 1961 dicunt
1720 1954 1728 1967 ,
1745 1930 1831 1970 quod

1060 1983 1104 2014 ibi
1119 1986 1165 2014 est
1177 1984 1315 2024 potentia
1331 1984 1433 2015 activa
1445 2007 1453 2022 ,
1472 1986 1502 2013 01
1521 1983 1660 2023 potentia
1680 1983 1804 2022 passiva
1821 1993 1828 2012 :

1062 2037 1201 2077 potentia
1224 2045 1323 2076 agens
1350 2038 1396 2067 est
1418 2036 1589 2074 naturalis,
1615 2035 1669 2066 sed
1690 2027 1831 2074 potentia

1060 2090 1185 2130 passiva
1209 2090 1243 2120 in
1265 2089 1476 2119 accidentibus
1498 2090 1544 2119 est
1566 2097 1662 2127 supra
1680 2090 1828 2118 naturam

1060 2145 1216 2183 quantum
1235 2143 1273 2173 ad
1289 2143 1366 2180 1100,
1384 2142 1500 2172 50111001
1516 2144 1551 2172 01
1570 2142 1604 2171 10
1618 2142 1828 2172 substantiam

1060 2198 1296 2226 convertantur.
1313 2195 1392 2225 Nam
1415 2195 1579 2225 residuum
1596 2194 1681 2234 quod
1702 2194 1738 2224 fit
1757 2195 1829 2224 ante

1060 2249 1308 2279 conversionem.
1325 2250 1356 2278 et
1369 2248 1451 2287 quod
1464 2248 1497 2277 fit
1510 2257 1564 2287 per
1579 2247 1828 2285 conversionem,

1060 2304 1161 2332 totum
1183 2304 1283 2341 potest
1311 2310 1377 2331 esse
1403 2311 1421 2331 a
1444 2300 1583 2340 potentia
1606 2300 1741 2330 naturali
1764 2301 1829 2329 tam

1060 2356 1191 2393 agente,
1210 2364 1305 2393 quam
1328 2354 1475 2393 patiente.
1500 2353 1537 2383 Et
1558 2353 1591 2382 hi
1617 2353 1723 2383 dicunt
1744 2351 1829 2391 quod

1059 2408 1201 2447 primum
1225 2406 1434 2437 accidentium
1466 2406 1661 2436 convertitur
1689 2400 1723 2435 111
1752 2405 1827 2435 sub-

1060 2461 1217 2497 stantiam,
1242 2469 1305 2490 non
1329 2459 1403 2499 quia
1424 2459 1461 2489 de
1483 2459 1656 2498 quantitate
1676 2458 1730 2488 fiat
1752 2457 1826 2487 sub-

1059 2514 1173 2544 stantia
1180 2516 1313 2552 tantum,
1324 2513 1377 2543 sed
1385 2513 1459 2553 quia
1469 2514 1504 2543 fit
1514 2511 1688 2543 substantia
1697 2513 1826 2550 quanta.

1059 2566 1098 2598 Et
1110 2567 1180 2598 11ωο
1201 2567 1307 2607 opinio
1330 2566 1404 2596 satis
1426 2567 1471 2596 est
1481 2564 1660 2605 probabilis.
1682 2563 1826 2594 Aliorum

1090 2629 1122 2659 (a)
1135 2629 1203 2653 Edit.
1220 2629 1276 2654 I'en.
1288 2628 1327 2653 sit.
1344 2641 1374 2646 -
1391 2627 1421 2658 (b)
1435 2627 1611 2651 terminantur.
