2017 2948
549 131 641 161 DIST.
666 130 757 161 XVII.
783 131 897 161 PART.
924 132 975 163 III.

174 198 290 228 tiarum
305 207 313 228 z
332 208 346 227 «
361 196 470 228 Omnis
487 197 626 236 (inquit)
646 196 706 227 ista
720 197 857 228 varietas
871 207 942 228 con-

173 250 290 281 fitenda
304 252 367 288 est,
386 252 416 280 et
433 249 586 280 deflenda.
602 259 616 277 1)

214 305 243 333 2.
277 302 355 332 Item
380 302 501 333 ratione
527 301 662 339 videtur,
691 302 766 340 quia
792 302 943 333 confessio

174 355 313 386 maxime
324 355 359 384 fit
369 355 407 385 ad
418 354 577 384 sciendam
590 354 708 393 peccati
721 354 940 393 quantitatem,

173 407 248 447 quia
271 406 461 446 imponenda
488 408 535 437 est
565 406 747 445 poenitentia
770 406 943 438 secundum

173 468 353 492 mensuram
374 463 404 491 et
423 459 716 496 oestivnatz‘onemffl)
738 460 862 498 peccati
874 482 881 495 ,
901 460 942 488 si-

173 513 227 542 cut
241 511 366 549 dicitur,
384 513 534 549 Levit.,v‚
553 513 590 541 r18
605 520 613 541 ι
631 511 685 541 sed
699 520 795 550 penes
809 512 944 542 011611111-

173 564 303 595 stantias
313 564 455 594 consistit
468 564 586 603 peccati
600 564 758 603 quantitas
773 575 780 595 ;
797 573 875 602 ergo
888 573 943 593 ne-

173 626 257 648 cesse
278 620 325 648 est
343 625 396 648 eas
410 616 562 647 confiteri.
580 615 687 647 Prima
702 617 867 647 manifesta
882 620 943 654 est3

173 670 310 701 secunda
323 669 475 710 probatur
488 678 543 709 per
554 669 614 699 hoc
629 669 712 709 quod
727 669 802 699 dicit
816 669 946 700 Bernar-

173 723 232 754 dus
242 723 261 761 ¹,
278 722 363 762 quod
380 734 395 752 σ
405 731 503 761 nugae
514 722 548 752 in
559 731 614 753 ore
624 722 792 753 sacerdotis
804 722 946 762 blasphe-

174 775 248 806 miae
259 778 334 806 sunt
345 784 353 806 :
364 785 379 804 11
393 774 453 806 1100
467 777 573 806 autem
584 783 649 805 non
659 775 731 806 dicit
746 775 804 811 nisi
818 778 945 815 propter

173 828 438 868 aggravationem
452 828 569 868 peccati
583 838 590 858 :
607 836 685 868 ergo
695 851 704 865 ‚
721 830 779 860 etc.

215 884 244 913 3.
266 881 345 912 Item
356 903 365 918 ‚
380 881 414 911 in
428 880 622 911 confessione
639 888 765 911 necesse
779 883 826 911 est
841 890 945 920 genus

174 934 293 975 peccati
308 934 444 973 aperiri:
467 933 520 964 sed
540 942 644 972 genus
664 933 781 973 peccati
803 934 945 965 variatur

173 996 230 1026 per
242 986 493 1017 circumstantias
504 1010 513 1024 ‚
535 986 615 1017 sicut
630 987 713 1026 patet
728 996 735 1016 z
753 994 945 1025 cognoscere

175 1039 260 1070 enim
275 1047 339 1070 non
354 1047 445 1069 suam
458 1061 466 1077 ,
489 1047 561 1078 quae
575 1038 677 1070 soluta
692 1041 759 1075 651,
779 1038 943 1070 fornicatio

174 1093 241 1129 est;
261 1099 451 1130 cognoscere
473 1100 537 1122 non
558 1100 668 1128 suam,
691 1099 764 1130 quae
780 1090 875 1121 habet
895 1091 942 1121 vi-

174 1152 248 1175 rum
259 1166 268 1182 ,
285 1145 331 1174 est
345 1143 536 1174 adulterium
551 1153 558 1173 :
576 1151 653 1182 ergo
672 1152 798 1174 necesse
811 1146 857 1174 est
872 1152 944 1175 con-

174 1197 255 1228 fiteri
272 1196 532 1227 circumstantias

214 1251 244 1281 4.
262 1249 351 1288 Item,
367 1249 518 1280 confessio
532 1250 695 1290 potissime
710 1250 745 1280 fit
761 1249 799 1280 ad
813 1250 942 1281 erubes-

174 1302 308 1334 centiam
335 1314 343 1333 :
376 1302 429 1333 sed
461 1303 563 1342 major
586 1304 632 1333 est
665 1302 881 1333 erubescentia
911 1303 944 1333 in

174 1356 366 1388 confessione
379 1356 687 1387 circumstantiarum
709 1356 920 1395 adjacentium
934 1380 940 1394 ,

173 1418 271 1450 quam
285 1409 381 1440 etiam
394 1409 427 1439 111
438 1408 638 1440 enarratione
648 1410 753 1439 actus:
769 1417 847 1447 ergo
860 1408 944 1439 vide·

174 1464 227 1493 tur
241 1461 325 1502 quod
346 1461 508 1501 potissime
527 1461 566 1491 sit
586 1461 669 1491 circa
691 1461 943 1492 circumstantias

174 1515 208 1546 in
222 1514 416 1546 confessione
430 1513 648 1545 insistendum.

215 1569 244 1598 5.
270 1567 348 1599 Item
371 1566 524 1598 confessio
544 1566 758 1606 principaliter
777 1568 813 1597 fit
831 1567 870 1597 ad
890 1576 940 1598 ac-

174 1619 367 1651 cusationem
383 1619 560 1659 peccantis:
576 1619 629 1649 sed
643 1620 801 1650 accusatio
813 1619 944 1650 actionis

174 1674 221 1703 est
233 1681 272 1703 ex
282 1671 526 1703 circumstantiis
538 1682 545 1709 ;
562 1671 647 1702 unde
660 1671 783 1703 Tullius
794 1672 826 1703 in
839 1673 942 1712 primo

174 1725 347 1758 Rhetoricae
360 1734 372 1755 .·
391 1735 406 1754 a
421 1724 671 1756 Circumstantiae
695 1727 768 1755 sunt
791 1734 809 1755 a
828 1725 943 1765 quibus

173 1778 344 1810 trabuntur
363 1779 554 1817 argumenta
573 1777 779 1809 accusationis
790 1801 797 1815 ,
815 1778 866 1809 vel
887 1778 940 1809 de—

174 1830 343 1869 fensionis3
373 1842 388 1861 1)
411 1834 442 1863 61
465 1830 591 1862 Boetius
614 1831 645 1862 in
668 1833 782 1872 quarto
805 1842 811 1862 ε
839 1843 853 1860 <1
874 1831 941 1862 Cir—

173 1885 373 1916 cumstantiae
400 1887 475 1916 sunt
499 1893 573 1924 quae
598 1884 808 1924 quaestionem
832 1884 940 1917 rheto-

173 1936 272 1969 ricam
296 1937 416 1968 faciunt
436 1937 474 1968 de
498 1937 609 1975 laude,
633 1939 663 1968 et
688 1937 845 1977 vituperio
874 1946 943 1977 per-

174 1998 270 2022 sonae.
287 2000 302 2018 1)

213 2045 244 2074 6.
265 2042 363 2081 Item,
384 2043 523 2074 strictius
542 2045 589 2074 est
604 2043 751 2074 divinum
762 2044 939 2083 judicium,

174 2104 271 2136 quam
295 2096 493 2128 humanum:
524 2096 578 2127 sed
605 2096 638 2127 111
661 2096 802 2127 humano
826 2096 941 2136 judicio

175 2149 269 2180 modo
282 2148 318 2180 fit
334 2148 496 2189 inquisitio
515 2151 546 2180 et
565 2149 726 2189 responsio
745 2149 783 2180 de
803 2149 940 2180 circum-

175 2200 317 2239 stantiis;
344 2201 428 2232 unde
455 2210 519 2232 non
542 2203 589 2232 est
616 2201 773 2232 sufficiens
799 2211 942 2241 quaerere

181 2252 219 2283 de
232 2254 325 2284 actu:
346 2262 424 2293 ergo
442 2254 543 2286 multo
566 2254 676 2285 fortius
697 2255 730 2284 in
747 2254 868 2294 ,iudicio
893 2255 942 2286 di-

174 2305 251 2336 vino
275 2315 282 2336 ε
313 2306 367 2337 sed
387 2306 448 2338 1100
468 2309 515 2338 651
533 2306 689 2347 judicium
713 2306 904 2345 poenitentiae
933 2318 939 2337 :

174 2366 265 2397 ergo,
281 2360 340 2389 etc.

213 2412 242 2442 7.
275 2410 372 2450 Item,
399 2412 480 2443 sicut
503 2411 687 2452 diligentius
711 2412 872 2443 curandus
896 2415 943 2444 est

178 2463 307 2495 morbus
336 2463 527 2504 spirituaIiS‚
553 2474 650 2505 quam
678 2465 867 2504 corporalis,
897 2465 943 2496 sic

206 2544 210 2556 ¹
232 2543 364 2571 Bemard..
389 2544 418 2567 de
441 2544 578 2575 consider„
600 2545 644 2568 lib.
670 2545 699 2574 Η,
726 2545 792 2568 circa
813 2544 898 2568 finem.
912 2557 942 2564 σ-

173 2575 278 2609 ’Hebr.,
291 2584 337 2610 vn,
352 2581 387 2604 ¹2.

1000 132 1087 163 ART.
1114 133 1151 163 11.
1175 133 1321 170 QUAEST.
1347 134 1396 163 ΙΙΙ.
1708 140 1764 167 7417

1000 207 1121 238 magna
1144 198 1308 238 diligentia
1329 201 1375 229 est
1399 199 1543 231 habenda
1565 202 1647 232 circa
1671 203 1765 242 spiri-

1000 253 1080 288 tum,
1097 253 1127 282 et
1143 252 1244 290 maj0r
1258 260 1354 290 quam
1369 252 1450 282 eirca
1465 262 1579 292 corpus
1595 265 1600 282 :
1619 255 1671 285 sed
1683 264 1767 286 mor-

1000 304 1059 334 bus
1086 304 1255 343 corporalis
1284 313 1347 333 non
1376 304 1534 343 detegitur
1563 307 1763 346 sufficienter,
1799 299 1804 302 ι

1000 357 1059 386 11151
1083 359 1176 387 etiam
1209 357 1452 388 circumstantiae
1476 359 1687 398 detegantur:
1714 370 1766 392 er-

1002 418 1063 447 go,
1082 412 1139 439 etc.

1041 460 1170 491 Contra:
1188 464 1216 491 11.
1231 460 1393 492 Translato
1408 462 1571 502 principali
1584 473 1709 496 necesse
1722 469 1768 497 est
1783 480 1817 501 Ad
1836 487 1887 508 opp,

1001 513 1085 552 qnod
1103 514 1310 544 transferatur
1329 523 1490 545 annexum
1504 538 1511 551 ,
1535 516 1615 546 sicut
1632 518 1766 556 Aposto-

1001 565 1051 595 lus
1065 565 1138 595 dicit
1149 569 1159 584 2
1174 576 1179 595 :
1200 566 1365 598 Translate
1380 566 1570 605 sacerdotio,
1586 576 1709 601 necesse
1724 575 1769 603 esc

1003 620 1035 649 ut
1059 618 1136 657 legis
1162 618 1330 651 translatio
1354 619 1436 657 fiac:
1460 620 1513 650 sed
1538 623 1700 659 peccatum
1723 626 1770 653 est

1001 670 1172 709 principale
1186 682 1193 701 z
1217 680 1294 710 ergo
1309 671 1333 701 si
1348 680 1403 710 per
1416 672 1643 703 confessionem
1660 673 1764 705 Domi-

1001 731 1063 753 nus
1077 724 1223 754 transfert
1237 726 1398 763 peccatum
1410 748 1417 761 ‚
1444 725 1511 764 pari
1525 726 1645 757 ratione
1660 730 1690 758 et
1704 728 1767 759 cir-

1001 777 1234 807 cumstantiam.

1040 831 1069 859 2.
1088 828 1163 859 Item
1179 829 1422 861 circumstantiae
1434 833 1508 861 sunt
1520 831 1650 862 infinitae
1663 833 1764 870 nobis,

1001 883 1031 912 et
1045 881 1152 912 nullus
1172 884 1297 912 tenetur
1320 882 1357 912 ad
1377 882 1454 912 illud
1470 883 1553 922 quod
1569 884 1629 914 51111
1644 887 1691 915 651
1705 885 1765 916 1111-

1001 935 1146 974 possibile
1162 945 1168 965 :
1192 943 1269 973 ergo
1289 944 1352 965 non
1373 937 1497 965 tenetur
1517 936 1768 969 circumstantias

1001 987 1118 1026 peccati
1135 986 1318 1025 recolligere
1332 989 1362 1017 et
1379 986 1505 1017 referre.

1041 1041 1069 1070 3.
1087 1039 1165 1070 Item
1180 1048 1244 1070 non
1256 1041 1302 1070 est
1312 1048 1438 1070 necesse
1451 1039 1534 1078 quod
1547 1041 1701 1079 peccatori
1713 1042 1769 1072 im-

1000 1094 1096 1131 ponat
1119 1092 1263 1122 sacerdos
1287 1092 1330 1121 ita
1355 1100 1488 1130 gravem
1514 1100 1640 1131 poenam
1654 1117 1664 1131 ,
1688 1094 1769 1125 sicut

1000 1144 1102 1183 exigit
1113 1144 1215 1184 culpa,
1231 1144 1296 1174 imo
1306 1146 1370 1174 tota
1383 1144 1431 1174 die
1444 1144 1652 1184 imponuntur
1667 1146 1768 1177 multo

1000 1197 1138 1228 minores
1153 1209 1160 1228 z
1187 1206 1265 1236 ergo
1280 1197 1349 1237 pari
1370 1197 1490 1228 ratione
1505 1207 1568 1228 non
1583 1201 1630 1229 est
1644 1208 1768 1231 necesse

999 1250 1084 1290 quod
1094 1252 1240 1290 peccator
1251 1250 1440 1280 confiteatur
1450 1259 1483 1280 se
1497 1250 1540 1281 ita
1551 1251 1691 1290 graviter
1702 1261 1769 1291 pec-

999 1312 1084 1334 casse
1097 1327 1105 1340 ,
1121 1303 1201 1334 sicut
1215 1303 1367 1342 peccavit.

1039 1358 1068 1386 4.
1094 1355 1190 1393 Item,
1211 1356 1236 1385 51
1259 1357 1385 1386 tenetur
1404 1356 1545 1386 confiteri
1559 1356 1767 1388 circumstan-

999 1409 1057 1439 tias
1085 1409 1123 1439 ad
1150 1408 1309 1439 sciendam
1337 1409 1545 1448 quantitatem
1571 1410 1687 1449 peccati
1700 1434 1708 1447 ,
1738 1413 1768 1441 61

999 1461 1158 1502 quantitas
1181 1462 1299 1501 peccati
1322 1470 1387 1492 non
1412 1461 1521 1499 scitur,
1546 1461 1607 1492 11151
1629 1462 1768 1494 sciantur

999 1515 1244 1545 circumstantia),
1256 1514 1439 1546 alleviantes
1451 1515 1530 1545 sicut
1542 1517 1764 1554 aggravantes,

998 1569 1028 1597 et
1042 1567 1286 1597 circumstantiae
1309 1566 1509 1597 defendentes
1524 1567 1604 1597 sicut
1616 1576 1764 1598 accusan-

998 1621 1043 1650 tes
1055 1629 1063 1656 ;
1084 1627 1164 1657 ergo
1178 1618 1274 1648 homo
1289 1619 1413 1648 tenetur
1429 1618 1461 1648 in
1476 1618 1669 1649 confessione
1684 1619 1765 1659 seip-

997 1681 1070 1702 sum
1099 1680 1249 1702 excusare
1263 1680 1270 1700 z
1303 1670 1356 1701 sed
1385 1670 1444 1701 hoc
1472 1671 1586 1701 falsum
1614 1673 1661 1702 est
1677 1680 1685 1702 ε
1715 1680 1764 1702 61κ

997 1733 1040 1764 go
1050 1747 1058 1761 ,
1074 1727 1132 1755 etc.

1038 1779 1067 1808 5.
1094 1777 1172 1808 item
1197 1776 1322 1807 videtur
1343 1776 1428 1815 quod
1448 1776 1682 1807 circumstantia
1702 1785 1767 1808 non

997 1833 1115 1870 augeat
1128 1830 1349 1871 quantitatem,
1365 1830 1439 1869 quia
1451 1830 1483 1859 in
1496 1830 1587 1860 bonis
1600 1831 1763 1870 quantitas

997 1884 1101 1915 meriti
1116 1892 1180 1914 11011
1199 1883 1346 1913 causatur
1365 1891 1405 1912 ex
1427 1882 1669 1913 circumstantiis
1681 1907 1688 1921 ‚
1710 1884 1764 1914 sed

997 1947 1036 1969 ex
1051 1938 1225 1978 quantitate
1237 1935 1366 1973 61110115,
1382 1944 1446 1974 quo
1460 1937 1656 1967 convertitur
1667 1936 1764 1968 homo

996 1991 1035 2021 ad
1050 1990 1149 2020 Deum
1165 1999 1172 2020 z
1188 1997 1266 2027 ergo
1281 1987 1350 2027 pari
1365 1987 1496 2026 ratione,
1513 1996 1587 2018 cum
1600 1990 1763 2027 peccatum

996 2043 1036 2074 sit
1050 2043 1190 2079 aversio,
1214 2040 1373 2080 quantitas
1391 2040 1508 2080 peccati
1527 2040 1664 2071 consistit
1678 2041 1711 2072 in
1725 2042 1762 2072 li-

996 2096 1101 2127 bidine
1122 2095 1188 2125 sive
1209 2095 1392 2133 contemptu
1406 2094 1528 2125 cordis:
1551 2103 1616 2126 non
1636 2103 1714 2134 ergo
1730 2095 1762 2126 in

996 2147 1229 2180 circumstantia
1246 2146 1407 2177 exteriori.

1037 2204 1065 2233 G.
1083 2201 1161 2232 Item
1174 2200 1299 2231 videtur
1311 2199 1397 2239 quod
1408 2208 1474 2230 non
1485 2200 1537 2231 det
1549 2200 1683 2240 speciem
1696 2210 1763 2240 pec-

997 2257 1083 2293 cato,
1107 2253 1183 2293 quia
1200 2261 1294 2282 omne
1313 2252 1391 2282 illud
1412 2252 1497 2291 quod
1511 2252 1563 2282 dat
1581 2252 1717 2292 speciem
1732 2255 1763 2283 et

995 2308 1150 2343 formam,
1182 2304 1234 2335 dat
1258 2314 1325 2335 esse
1349 2304 1530 2343 essentiale,
1560 2308 1591 2336 et
1614 2306 1761 2336 intrinse-

996 2369 1090 2396 cum,
1115 2361 1145 2389 61
1168 2357 1320 2389 unicum:
1345 2357 1399 2388 sed
1423 2357 1665 2389 circumstantiae
1689 2360 1763 2389 sunt

996 2412 1199 2448 extrinsecae,
1224 2412 1254 2440 et
1275 2409 1496 2448 accidentales,
1521 2412 1551 2440 et
1572 2411 1760 2442 variabiles:

996 2474 1073 2504 ergo
1102 2463 1188 2494 nulla
1217 2462 1452 2493 circumstantia
1476 2463 1572 2493 trahit
1594 2464 1627 2494 in
1657 2473 1762 2503 genus

996 2517 1114 2557 peccati
1144 2522 1263 2546 novum
1288 2524 1294 2543 :
1330 2523 1392 2544 non
1422 2523 1500 2553 ergo
1527 2515 1650 2546 videtur
1677 2516 1761 2556 quod

1028 2580 1061 2608 (a)
1076 2578 1152 2602 Juxta
1166 2582 1312 2600 mensuram
1326 2575 1519 2600 oestimationem
1529 2583 1587 2607 que.
