2017 2948
62 1211 164 1232 Fundam.

592 177 688 208 DIST.
713 176 762 208 lv.
786 177 903 209 PART.
927 178 964 209 ΙΙ.
988 179 1079 210 ART.
1104 179 1128 211 1.
1152 179 1302 216 QUAEST.
1326 181 1364 211 Il.

181 243 320 275 efficacia
329 243 476 284 baptismi
486 252 578 283 aquae
587 267 595 282 ,
611 251 708 283 quam
720 243 868 283 baptismi
880 253 948 275 san-

182 296 291 336 guinis
306 305 314 327 :
331 305 409 336 ergo
425 295 599 335 baptismus
613 304 705 335 aquae
719 296 866 327 nobilior.

222 351 250 380 3.
268 349 361 387 Item,
378 349 555 388 baptismus
575 357 667 388 aquae
683 349 795 379 tribuit
810 350 947 388 gratiam

182 404 311 441 gratum
327 401 506 439 facientem,
519 411 575 441 per
589 411 686 441 quam
702 402 878 442 acquiritur
894 413 948 433 au-

180 463 234 486 rea
251 465 258 485 :
275 455 329 485 sed
345 455 519 494 baptismus
539 455 708 494 sanguinis
729 455 815 486 ducit
836 456 874 486 ad
889 465 946 486 au-

180 507 298 538 reolam
306 531 314 544 ,
326 516 399 547 quae
409 509 454 538 est
464 507 655 538 accidentale
668 508 835 547 praemium
849 519 856 539 ε
869 518 948 548 ergo

180 561 207 591 si
227 561 397 600 praemium
420 561 610 591 subtantiale
635 562 786 602 praecellit
805 562 948 593 acciden-

180 613 255 652 tale,
272 623 349 653 ergo
370 614 545 654 baptismus
565 615 729 646 ordinatus
743 615 781 646 ad
798 615 949 646 meritum

180 667 383 698 substantiale
406 669 436 698 et
457 667 643 707 praemium,
661 668 811 708 praecellit
822 668 920 699 alium
939 680 946 700 :

180 721 211 750 et
223 720 267 749 sic
278 743 286 757 ,
303 721 361 750 etc.

220 774 248 803 4.
267 772 345 802 Item
357 772 535 803 remedium
546 773 624 804 illud
636 775 721 814 quod
731 774 837 814 plures
847 777 947 813 curat,

180 827 211 855 et
224 835 243 855 a
259 825 403 865 pluribus
421 826 541 856 morbis
556 829 587 857 et
607 827 883 866 periculosioribus
899 838 947 859 sa·

180 880 251 916 nat,
276 878 391 908 melius
413 880 460 908 est
481 881 513 908 et
535 879 645 910 utilius
666 891 672 910 ε
695 880 749 910 sed
772 881 950 920 baptismus

180 939 272 971 aquae
293 930 398 970 plures
419 940 568 971 personas
589 934 695 970 sanat,
720 935 750 963 et
769 942 787 963 a
802 934 950 973 pluribus

180 984 314 1022 morbis,
341 993 438 1023 quam
464 985 640 1025 baptismus
663 986 848 1025 sanguinis,
875 988 950 1027 quia

179 1037 218 1067 ab
233 1037 320 1067 omni
335 1037 428 1077 culpa
449 1040 514 1068 tam
532 1039 672 1076 mortali,
692 1048 790 1079 quam
808 1040 923 1070 veniali
940 1052 946 1071 ε

179 1099 257 1129 ergo
275 1093 322 1121 est
342 1091 517 1122 remedium
538 1091 650 1122 melius
667 1094 698 1123 et
719 1093 828 1124 utilius
843 1105 849 1124 z
867 1103 949 1133 ergo

180 1144 330 1175 nobilius.

216 1197 328 1228 Contra
336 1207 342 1227 τ
351 1196 394 1228 Su
400 1197 551 1236 perillud2
560 1209 566 1228 :
575 1197 672 1230 Tolles
680 1201 808 1230 taurum
817 1200 855 1240 (a)
862 1224 870 1238 ,
877 1203 948 1239 etc.;

181 1250 288 1281 Glossa
310 1259 317 1280 :
338 1262 352 1279 «
371 1250 551 1290 Baptismus
570 1251 604 1281 in
625 1252 784 1291 sanguine
806 1254 951 1292 puriores

181 1304 267 1341 facit,
292 1313 389 1344 quam
407 1304 586 1343 baptismus
601 1304 633 1334 in
651 1314 744 1344 aqua.
761 1316 775 1334 n
795 1306 855 1337 Sed
872 1307 949 1346 bap-

181 1357 292 1388 tismus
303 1357 355 1387 ille
367 1359 413 1387 est
428 1356 602 1396 perfectior,
620 1358 675 1397 qui
687 1358 757 1388 tacit
767 1359 928 1398 puriorem
942 1371 949 1391 ι

180 1419 259 1449 ergo
274 1410 449 1450 baptismus
470 1410 636 1449 sanguinis
657 1413 703 1441 est
722 1412 897 1451 perfectior,
922 1415 953 1444 et

179 1463 316 1494 nobilior
329 1462 486 1502 baptismo
502 1472 606 1502 aquae.

220 1515 297 1546 Item
313 1515 542 1546 Damascenus²
563 1515 652 1554 dicit,
675 1517 760 1556 quod
775 1518 952 1557 baptismus

180 1568 345 1608 sanguinis
367 1571 413 1599 est
437 1568 527 1599 valde
552 1569 655 1600 bonus
679 1572 709 1600 et
732 1572 949 1610 venerandus,

179 1621 255 1662 quia
268 1621 414 1652 secundis
428 1621 574 1652 sordibus
590 1631 653 1653 nou
669 1623 856 1663 inquinatur
874 1636 880 1655 :
898 1626 951 1656 sed

179 1675 353 1714 baptismus
370 1683 463 1714 aquae
477 1675 624 1705 secundis
639 1676 784 1707 sordibus
799 1677 950 1717 inquina-

178 1732 231 1760 tur
244 1738 251 1759 τ
264 1736 344 1766 ergo
358 1728 531 1767 bapt1smus
544 1729 711 1768 sanguinis
725 1732 771 1760 est
784 1730 950 1770 perfectior

179 1784 209 1812 et
226 1781 360 1813 nobilior
376 1781 532 1821 baptismo
547 1791 650 1822 aquae.

221 1835 315 1873 item,
331 1844 497 1874 processus
512 1837 558 1865 est
571 1836 610 1865 ab
627 1836 809 1875 imperfecto
824 1838 862 1868 ad
877 1847 951 1877 per-

180 1889 297 1919 fectum
310 1897 318 1918 ·.
330 1888 383 1918 sed
398 1897 416 1918 a
430 1888 586 1927 baptismo
600 1897 692 1928 aquae
707 1889 746 1919 ad
759 1889 951 1929 baptismum

181 1940 362 1980 sanguinis,
385 1940 452 1971 sive
467 1941 627 1980 martyrii,
647 1945 731 1972 recto
750 1942 858 1973 ordine
878 1953 950 1983 pro-

180 1993 313 2030 ceditur,
336 1994 366 2023 et
383 2002 446 2023 non
462 1993 668 2024 retroceditur
685 2005 691 2024 :
708 2003 787 2033 ergo
807 1995 857 2026 ille
872 1996 951 2036 bap—

180 2046 308 2084 tismus,
335 2046 368 2077 in
391 2055 454 2086 quo
476 2048 523 2077 est
547 2048 646 2077 status
668 2047 880 2087 perfectionis,
906 2052 952 2080 est

180 2098 315 2138 dignior.

222 2151 315 2189 ltcm,
336 2152 420 2191 quod
437 2152 615 2192 proximius
628 2155 675 2183 est
690 2153 760 2191 fini,
778 2156 824 2184 est
838 2156 952 2186 certius

181 2207 213 2236 et
227 2204 400 2242 efficacius;
421 2208 451 2236 et
465 2205 549 2245 quod
566 2205 654 2245 ponit
670 2206 702 2237 in
716 2207 819 2238 altiori
834 2208 948 2247 gradu,

181 2257 259 2288 illud
280 2259 327 2288 est
348 2257 532 2297 simpliciter
553 2259 690 2290 nobilius
713 2262 744 2290 et
766 2260 903 2292 melius:
921 2265 951 2292 et

181 2310 242 2342 tale
267 2313 313 2341 est
332 2310 508 2350 baptismus
533 2312 715 2351 sanguinis,
744 2314 818 2353 quia
846 2315 950 2345 statim

181 2363 396 2394 introducitin
410 2363 546 2403 gloriam
560 2364 628 2395 sine
642 2365 880 2405 impedimento,
894 2376 952 2398 nec

181 2418 304 2447 tantum
321 2416 455 2456 acquirit
472 2416 622 2456 gloriam,
645 2418 709 2448 imo
725 2419 862 2458 gloriam
877 2421 952 2450 emi-

182 2470 311 2500 nentem
327 2477 334 2498 :
351 2477 443 2507 ergo,
459 2471 518 2499 etc.

215 2554 220 2567 ¹
236 2553 322 2579 Num..
335 2558 390 2584 viu,
406 2553 428 2577 8.
441 2565 470 2570 —
482 2553 490 2567 ²
504 2554 630 2583 Damaso„
647 2554 695 2578 loc.
710 2561 769 2578 mox
785 2556 827 2580 cit.

215 2602 246 2660 (to)
263 2601 338 2660 ἕως.
358 2601 453 2626 Tollen!
474 2601 564 2626 bovem.
577 2616 607 2620 —
626 2602 658 2633 (b)
676 2603 746 2628 Edit.
766 2605 822 2628 Ven.
841 2607 952 2630 secunda

184 2643 216 2667 po
229 2643 260 2661 en
274 2643 305 2660 ia.

1715 185 1772 214 347

1281 299 1505 332 CONCLUSIO.

1005 387 1159 420 Baptismus
1179 387 1318 420 sanguinis
1340 387 1443 413 eoecedit
1467 388 1593 414 intensive
1611 389 1772 423 baptismum

1040 431 1177 462 fluminis:
1198 430 1345 464 baptismus
1372 438 1432 457 vero
1453 432 1570 464 flunu'm's
1597 432 1701 459 eoecedit
1727 442 1773 460 ea:-

1043 475 1150 500 tensz've.

1046 558 1138 598 Resp.
1160 559 1199 589 ad
1220 568 1291 598 arg.
1319 559 1490 590 Dicendum
1510 560 1594 599 quod
1614 560 1775 599 dignitatis

1005 611 1245 650 praeeminentia
1258 612 1291 642 in
1304 612 1353 642 his
1364 612 1606 652 baptismatibus
1620 613 1773 652 conspici-

1005 666 1058 695 tur
1071 674 1111 695 ex
1126 665 1373 696 consideratione
1388 666 1560 697 effectuum
1575 667 1772 697 corumdem.

1007 717 1176 757 Utriusque
1190 720 1296 749 autem
1311 719 1455 757 effeetus,
1476 720 1592 750 scilicet
1606 721 1776 759 sanguinis

1005 773 1036 801 et
1050 771 1202 809 fluminis,
1220 774 1311 802 estet
1325 772 1360 802 in
1374 773 1535 804 liberando
1552 783 1570 803 a
1584 773 1678 812 malo,
1696 776 1726 804 et
1743 774 1774 804 in

1006 824 1181 855 ordinando
1203 825 1242 855 ad
1262 825 1401 862 bonum,
1424 828 1455 856 et
1471 828 1606 866 utroque
1630 826 1723 857 modo
1744 836 1776 857 se

1007 877 1123 908 babent
1147 878 1227 908 sicut
1251 878 1448 915 excedentia,
1474 881 1504 909 et
1527 888 1666 910 excessa.
1696 879 1775 911 Nam

1007 931 1109 969 maj0r
1124 930 1264 968 effectus,
1281 931 1348 961 sive
1363 931 1511 968 efficacia,
1534 932 1567 962 in
1582 932 1744 963 liberando
1758 941 1777 962 a

1008 983 1104 1020 malo,
1128 984 1229 1022 potest
1242 992 1310 1013 esse
1331 983 1380 1014 vel
1396 984 1574 1020 extensive,
1598 984 1649 1015 vel
1672 985 1775 1016 inten-

1006 1036 1074 1066 sive
1090 1047 1096 1066 ε
1113 1036 1139 1066 si
1154 1037 1327 1075 extensive,
1347 1038 1522 1077 baptismus
1536 1047 1627 1077 aquae
1642 1039 1774 1076 excedit,

1007 1089 1081 1128 quia
1096 1088 1202 1128 plures
1223 1099 1374 1129 personas
1394 1091 1520 1128 liberat,
1544 1093 1574 1121 et
1596 1101 1614 1121 a
1634 1091 1777 1130 pluribus

1007 1143 1140 1179 morbis,
1164 1143 1239 1182 quia
1259 1153 1277 1173 a
1296 1147 1421 1183 peccato
1443 1144 1567 1175 mortali
1591 1147 1621 1174 et
1643 1145 1774 1182 veniali;

1007 1195 1183 1234 baptismus
1205 1199 1312 1226 autem
1332 1197 1498 1236 sanguinis
1518 1197 1628 1227 liberat
1650 1206 1775 1236 paucos,

1007 1250 1037 1278 et
1047 1248 1150 1278 solum
1162 1259 1179 1279 a
1191 1250 1305 1280 veniali
1317 1250 1438 1287 liberat,
1451 1259 1469 1279 a
1479 1249 1603 1280 mortali
1615 1259 1689 1287 non,
1702 1250 1777 1290 quia

1008 1304 1225 1343 praesupponit
1241 1305 1440 1341 charitatem3
1459 1304 1548 1335 aliter
1563 1304 1642 1334 nihil
1659 1304 1778 1335 valeret

1007 1356 1045 1386 ad
1067 1356 1211 1387 salutem.
1234 1357 1387 1388 Similiter
1410 1357 1443 1388 in
1465 1357 1640 1388 ordinando
1662 1358 1700 1388 ad
1720 1357 1775 1387 bo-

1007 1418 1085 1440 num
1101 1411 1203 1448 maior
1223 1412 1324 1449 potest
1341 1419 1488 1441 excessus
1504 1410 1623 1441 attendi
1640 1410 1776 1450 duplici-

1007 1465 1055 1493 ter
1071 1475 1078 1494 :
1096 1466 1149 1494 aut
1164 1463 1338 1501 extensive,
1358 1465 1413 1494 aut
1428 1463 1583 1494 intensive
1598 1474 1604 1494 :
1622 1464 1647 1493 si
1663 1466 1774 1494 exten-

1007 1516 1085 1554 sive,
1102 1516 1147 1546 sic
1161 1516 1310 1555 praecedit
1325 1516 1501 1556 baptismus
1516 1525 1618 1556 aquae,
1636 1516 1712 1556 quia
1724 1517 1777 1548 dat

1009 1570 1147 1610 gratiam
1162 1570 1262 1609 gratis
1277 1570 1398 1606 datam,
1419 1571 1532 1601 scilicet
1548 1570 1774 1609 characterem,

1007 1625 1037 1654 et
1051 1623 1188 1662 gratiam
1203 1625 1332 1662 gratum
1352 1623 1532 1661 facientem,
1551 1632 1624 1663 quae
1638 1624 1777 1663 disponit

1006 1676 1045 1706 ad
1060 1675 1209 1715 gloriam,
1225 1678 1256 1706 et
1270 1676 1439 1716 praemium
1459 1676 1636 1714 essentiale3
1658 1677 1778 1717 baptis-

1007 1738 1080 1760 mus
1100 1731 1206 1760 autem
1229 1729 1398 1768 sanguinis
1419 1730 1555 1768 gratiam
1579 1732 1708 1769 gratum
1728 1730 1776 1761 fa-

1007 1783 1141 1813 cientem
1165 1791 1230 1813 non
1252 1783 1378 1820 tribuit,
1400 1782 1453 1813 sed
1477 1785 1692 1820 consuminat;
1719 1792 1776 1814 nec

1006 1835 1116 1865 tribuit
1131 1835 1359 1873 characterem,
1384 1844 1439 1874 per
1453 1845 1549 1875 quem
1567 1835 1776 1874 distinguitur

1006 1888 1127 1924 anima,
1150 1889 1182 1918 et
1200 1890 1396 1927 praeparatur
1416 1888 1455 1918 ad
1470 1888 1617 1926 gratiam.
1635 1887 1775 1928 Utroque

1007 1940 1175 1971 modorum
1186 1940 1409 1979 praedictorum
1421 1940 1597 1981 baptismus
1606 1941 1775 1981 sanguinis

1006 1993 1129 2024 excedit
1144 1993 1310 2030 intensive,
1329 1994 1409 2024 sicut
1422 1993 1585 2024 exceditur
1598 1994 1773 2025 extensive.

1008 2046 1086 2077 Nam
1099 2046 1257 2077 efficacius
1267 2048 1298 2076 et
1308 2046 1420 2076 melius
1430 2046 1541 2077 liberat
1551 2056 1569 2077 a
1580 2047 1662 2077 malo
1673 2047 1776 2087 culpae

1006 2102 1037 2132 et
1049 2108 1163 2140 poenae,
1179 2099 1254 2139 quia
1268 2108 1397 2130 omnem
1410 2102 1539 2136 resecat,
1557 2102 1587 2130 et
1599 2100 1775 2131 secundum

1006 2153 1179 2193 potentiam
1193 2152 1241 2191 (b),
1256 2153 1285 2182 et
1299 2152 1474 2183 secundum
1490 2154 1606 2183 actum.
1626 2152 1776 2184 Similiter

1005 2206 1163 2237 efficacius
1178 2204 1301 2235 ordinat
1316 2205 1355 2235 ad
1368 2205 1500 2243 boumn,
1516 2206 1590 2244 quia
1607 2206 1712 2236 statim
1728 2206 1775 2236 in-

1006 2259 1140 2290 troducit
1157 2258 1187 2288 in
1204 2257 1355 2297 gloriam,
1379 2260 1409 2288 et
1424 2259 1641 2298 perfectIOrem
1657 2261 1688 2289 et
1702 2259 1774 2298 glo-

1006 2313 1169 2344 riosiorem
1183 2312 1243 2342 hoc
1254 2312 1410 2352 baptismo
1423 2313 1598 2352 baptizatus
1612 2313 1776 2352 consequi-

1006 2368 1056 2397 tur
1088 2365 1236 2405 palmam.
1266 2365 1530 2405 Respondendum
1560 2370 1607 2396 est
1634 2375 1712 2404 ergo
1736 2366 1775 2396 ad

1006 2418 1214 2459 quaestionem
1243 2418 1424 2458 praedictam
1438 2442 1445 2457 ,
1479 2419 1563 2459 quod
1589 2428 1622 2450 se
1658 2419 1776 2450 habent

1006 2472 1088 2502 sicut
1099 2472 1281 2502 excedentia
1291 2474 1322 2502 et
1335 2481 1471 2503 excessa.
1486 2472 1518 2503 Si
1530 2475 1634 2502 tamen
1651 2481 1777 2512 quaeras

1006 2525 1091 2566 quod
1104 2525 1207 2565 magis
1220 2525 1387 2565 praecellat,
1402 2526 1494 2556 credo
1504 2526 1588 2565 quod
1600 2525 1777 2565 baptismus

1007 2578 1167 2618 martyrii,
1192 2578 1274 2609 sicut
1288 2578 1457 2609 ostendunt
1475 2578 1611 2609 rationes
1624 2578 1774 2610 inductae.

1047 2631 1094 2663 Ad
1118 2631 1194 2663 illud
1216 2640 1294 2671 ergo
1317 2631 1402 2671 quod
1424 2631 1583 2671 objicitur,
1606 2632 1691 2672 quod
1715 2631 1777 2663 Da-
