2017 2948
265 177 283 206 2
799 174 1108 206 SENTENTIARUM
1131 174 1203 205 ΗΒ.
1231 174 1282 206 111.

264 252 330 275 non
356 241 560 286 perducitur,
597 242 631 274 in
664 241 841 275 electorum
869 254 1003 275 suorum
1036 242 1190 276 cordibus
1220 247 1407 287 permanet;
1435 244 1470 276 in
1495 244 1541 276 eis
1575 255 1652 277 vero
1681 255 1738 288 per
1773 256 1856 289 quas

264 299 440 332 sanctitatis
454 299 560 333 virtus
573 299 767 342 ostenditur,
784 304 821 333 ut
836 300 870 334 in
885 300 1085 334 exhibitione
1102 300 1350 343 miraculorum,
1367 301 1545 346 aliquando
1559 301 1661 343 adest,
1676 301 1855 347 aliquando

263 368 296 390 se
311 356 485 390 subtrahit.
501 370 517 388 >³
539 357 620 390 Item
644 357 838 390 Ambrosius
862 363 868 379 ¹
896 371 903 391 :
925 358 1045 392 «Ficta
1066 358 1205 391 charitas
1229 363 1296 401 est,
1317 370 1389 403 qum
1413 359 1448 392 in
1474 359 1668 392 adversitate
1691 359 1818 393 deferit.
1834 372 1851 392 n

264 415 340 449 Ilaec
364 415 501 448 innuere
527 414 697 456 videntur,
725 416 812 459 quod
836 415 975 448 charitas
998 415 1097 448 semel
1121 415 1232 449 habita
1260 427 1325 449 non
1347 417 1527 450 amittatur.
1556 416 1632 450 Ideo
1657 417 1793 461 quidam
1819 416 1855 450 in

262 476 472 518 praetaxatam
488 473 698 517 prosilierunt
710 473 897 515 audaciam,
913 473 1055 506 diceutes
1076 473 1266 506 charitatem
1289 486 1309 507 a
1336 474 1530 507 damnandis
1553 485 1619 507 non
1643 473 1774 515 haberi,
1796 485 1856 508 nec

262 541 280 564 a
303 542 470 576 quoquam
494 531 638 564 habitam
661 542 752 576 posse
777 532 883 564 amitti
910 544 916 563 :
941 543 1022 575 quos
1045 531 1127 564 ratio
1151 531 1253 565 vincit
1272 535 1303 564 et
1323 532 1509 565 auctoritas.
1537 532 1678 571 Quidam
1702 532 1790 565 enim
1814 531 1854 566 ad

262 592 390 633 tempus
413 592 491 622 suut
514 589 604 630 boni,
630 588 688 632 qui
712 593 822 632 postea
844 589 935 622 siunt
958 588 1054 630 mali,
1079 592 1111 621 et
1130 600 1147 622 e
1168 599 1336 622 converso.
1358 589 1453 623 Unde
1477 589 1696 634 quorumdam
1720 589 1855 623 nomina

262 645 410 679 Christus
423 645 501 678 dicit
519 646 637 690 scripta
649 647 659 662 ²
674 646 708 678 iu
725 646 809 679 libro
824 646 908 687 vitre,
925 647 983 690 qui
999 650 1108 679 tamen
1126 651 1235 691 postea
1251 647 1404 680 abierunt
1419 653 1507 680 retro
1522 646 1542 679 ³.
1562 646 1625 680 Sed
1643 647 1763 691 scripta
1777 646 1856 680 dicit

262 714 328 736 non
342 703 521 736 secundum
537 703 783 748 praescientiam,
811 704 866 736 sed
886 705 1067 736 secundum
1092 708 1284 748 praesentem
1307 704 1469 748 justitiam
1483 729 1492 745 ,
1511 703 1564 736 cui
1584 703 1809 737 deserviebant
1822 708 1852 746 ⁵,

261 761 339 805 quia
352 761 440 804 digni
457 765 547 793 erant
565 764 641 793 tunc
656 761 712 793 illo
728 760 825 801 bono,
844 761 931 804 quod
947 761 1092 793 habituri
1113 765 1191 794 sunt
1214 761 1390 806 praescripti
1412 761 1591 794 secundum
1606 762 1851 806 praescientiam.

260 817 353 851 Unde
369 818 560 851 Ambrosius
576 820 586 836 ⁸
603 830 610 850 z
629 831 645 849 «
663 818 865 857 Quibusdam
881 818 986 861 gratia
1000 818 1075 851 data
1100 822 1147 852 est
1170 818 1204 851 in
1227 830 1342 860 usum,
1369 823 1405 851 ut
1430 818 1522 852 Sauli
1547 823 1579 852 et
1601 819 1714 862 Judae,
1733 823 1765 853 et
1787 819 1855 853 illis

259 874 438 920 discipulis,
453 875 572 920 quibus
586 875 746 908 Dominus
765 875 847 908 dixit
873 888 879 907 :
901 877 977 909 Ecce
1000 878 1129 909 nomina
1154 883 1257 910 restra
1285 878 1407 918 scripta
1436 884 1509 910 suut
1536 878 1567 910 in
1597 878 1695 916 cerlis,
1730 881 1761 911 et
1783 882 1856 922 post

259 932 409 965 abierunt
424 937 520 965 retro.
538 933 601 965 Sed
616 933 676 965 hoc
689 933 771 965 dixit
787 937 916 977 propter
927 934 1088 976 justitiam
1102 960 1110 975 ,
1127 934 1181 967 cui
1197 934 1442 974 deserviebant,
1459 934 1540 978 quia
1555 934 1633 967 boni
1647 938 1751 968 erant.
1773 934 1852 969 Fre-

260 994 397 1035 quenter
411 991 498 1023 enim
513 994 587 1023 autc
602 995 678 1023 sunt
697 990 790 1032 mali,
814 991 871 1035 qui
896 991 1000 1023 futuri
1022 995 1099 1024 sunt
1113 991 1210 1032 boni;
1233 995 1264 1024 et
1285 991 1459 1036 aliquoties
1477 992 1569 1036 prius
1589 995 1667 1025 sunt
1686 992 1777 1034 boni,
1794 993 1852 1038 qui

259 1047 363 1081 futuri
377 1051 465 1089 sunt,
482 1051 513 1081 et
527 1048 731 1092 permansuri
746 1049 824 1081 mali
847 1061 853 1079 :
877 1052 1008 1092 propter
1028 1049 1116 1093 quod
1137 1049 1294 1081 dicuntur
1313 1049 1411 1081 scribi
1425 1049 1460 1081 in
1474 1049 1559 1082 libro
1575 1050 1667 1092 vitae,
1684 1053 1715 1082 et
1735 1049 1848 1083 deleri.

174 1118 245 1140 neur-
303 1106 395 1145 Quod
411 1116 489 1138 vero
512 1106 689 1150 Apostolus
707 1106 753 1139 ait
774 1109 783 1124 ‘³
806 1118 813 1137 :
844 1106 999 1139 Charitas
1020 1117 1193 1151 nunquam
1215 1105 1355 1146 excidit,
1382 1106 1572 1140 nullatenus
1590 1118 1649 1152 pro
1673 1107 1740 1140 illis
1760 1107 1848 1141 facit.

149 1150 239 1202 :2³3ssssss
260 1162 457 1205 Dignitatem
473 1163 560 1196 enini
584 1163 752 1196 charitatis
774 1164 962 1205 ostendens,
983 1164 1060 1197 dicit
1084 1175 1155 1197 eam
1176 1175 1242 1196 non
1268 1164 1434 1205 excidere,
1455 1164 1535 1209 quia
1558 1164 1610 1197 hic
1629 1168 1660 1197 et
1681 1164 1716 1197 in
1736 1165 1850 1198 futuro

148 1215 235 1271 Ρῑζᾙζ
260 1220 339 1262 erit;
356 1220 408 1253 sed
426 1220 506 1253 fides
520 1224 551 1253 et
564 1232 635 1265 spes
649 1221 912 1261 evacuabuntur,
931 1225 961 1254 et
975 1221 1119 1254 scientia.
1146 1221 1245 1263 Item,
1265 1222 1351 1266 quod
1372 1221 1493 1254 dicitur
1515 1221 1655 1255 charitas
1676 1233 1848 1266 nunquam

138 1278 216 1296 mmm·
258 1277 356 1311 fuisse
370 1289 447 1311 vera
460 1289 532 1321 quae
547 1278 650 1310 deseri
664 1282 776 1322 potest,
796 1290 862 1311 non
877 1278 917 1310 ad
933 1279 1104 1312 essentiam
1119 1279 1285 1312 charitatis
1300 1278 1453 1321 refertur,
1476 1279 1532 1312 sed
1555 1279 1597 1312 ad
1618 1279 1846 1321 efficientiam;

257 1335 336 1380 quia
350 1346 415 1368 non
430 1335 528 1367 elficit
542 1335 692 1377 charitas,
710 1347 783 1380 quae
798 1336 971 1378 deseritur,
989 1336 1156 1369 hominem
1172 1348 1246 1369 vere
1262 1336 1406 1378 beatum,
1424 1347 1482 1369 nec
1498 1336 1646 1381 perducit
1667 1337 1708 1370 ad
1730 1348 1848 1371 verum

257 1391 392 1425 bonum.
410 1393 494 1426 Huic
508 1393 604 1425 etiam
618 1393 713 1434 fonti,
731 1394 847 1435 alieni,
865 1394 898 1426 id
913 1399 977 1435 est,
996 1394 1174 1427 damnandi
1196 1405 1262 1427 non
1285 1394 1546 1437 communicant,
1569 1394 1690 1428 scilicet
1708 1395 1743 1428 in
1767 1395 1846 1437 fine,

256 1450 335 1494 quia
348 1461 414 1483 non
429 1455 635 1494 perseverant
649 1455 672 1483 ⁷.
690 1451 798 1484 Potest
821 1456 929 1484 tamen
955 1452 1016 1485 hoc
1034 1455 1065 1485 et
1091 1456 1214 1494 cetera,
1237 1463 1309 1496 quae
1334 1452 1374 1485 dc
1395 1452 1552 1486 charitate
1574 1452 1660 1486 dicta
1682 1456 1785 1496 sunt,
1808 1452 1848 1486 de

256 1507 396 1552 perfecta
410 1508 560 1551 intelligi,
576 1520 675 1553 quani
690 1509 751 1541 soli
765 1509 898 1553 perfecti
917 1509 1049 1552 habent,
1067 1521 1140 1554 quae
1154 1510 1254 1542 semel
1269 1510 1382 1543 habita
1395 1521 1462 1543 non
1477 1510 1640 1543 amittitur
1661 1512 1682 1544 ⁸.
1705 1509 1848 1544 Exordia

255 1575 333 1597 vero
353 1564 518 1598 charitatis
535 1565 713 1609 aliquando
737 1570 907 1609 crescunt,
929 1566 1106 1611 aliquando
1129 1566 1297 1600 deficiunt.
1324 1566 1410 1600 Sunt
1431 1567 1519 1600 enim
1545 1567 1677 1601 virtutis
1700 1567 1846 1610 exordia,

256 1625 288 1655 et
301 1622 475 1666 profectus,
491 1627 522 1656 et
536 1623 701 1667 perfectio,
718 1636 800 1668 quos
814 1624 935 1667 gradus
950 1625 1007 1657 ille
1020 1624 1187 1667 discernit,
1211 1625 1271 1669 qui
1295 1625 1483 1669 parabolam
1506 1624 1600 1658 illam
1619 1624 1778 1668 intelligit
1811 1632 1822 1648 ⁹
1837 1636 1845 1658 τ

255 1679 310 1712 Sic
335 1685 381 1712 est
398 1691 535 1724 reqnum
558 1681 630 1723 Dei,
655 1681 928 1725 quemadmodum
947 1683 976 1715 si
987 1683 1100 1726 jaciat
1123 1683 1220 1716 homo
1246 1694 1356 1717 semen
1377 1683 1412 1716 in
1438 1689 1543 1726 terra,
1568 1689 1599 1717 et
1619 1682 1788 1726 dormiat,
1817 1688 1849 1717 et

256 1744 404 1782 ezurqap,
423 1744 453 1771 et
467 1749 576 1771 semen
590 1739 762 1783 qerminet,
781 1745 812 1772 ct
834 1746 974 1779 crescat,
996 1744 1056 1774 etc.
1077 1740 1112 1773 Si
1135 1752 1213 1784 ergo
1235 1741 1376 1785 perfecta
1399 1740 1539 1774 charitas
1560 1741 1606 1774 sic
1627 1740 1773 1774 radicata
1786 1744 1845 1783 est,

256 1798 293 1827 ut
306 1795 426 1828 amittit
439 1800 591 1841 nequeat,
608 1796 766 1841 incipiens
793 1802 901 1831 tamen
921 1803 952 1831 et
971 1802 1122 1843 provecta
1140 1798 1246 1832 amitti
1269 1802 1393 1843 potest,
1421 1802 1452 1832 et
1476 1809 1560 1843 saepe
1586 1797 1768 1840 amittitur;
1791 1797 1848 1832 sed

254 1851 334 1885 dum
358 1852 518 1895 habetur,
542 1865 608 1887 non
632 1854 710 1887 sinit
734 1854 908 1889 habentem
934 1856 1148 1889 criminaliter
1170 1867 1312 1900 peccare.
1344 1855 1439 1896 Quod
1469 1855 1678 1899 Augustinus
1707 1855 1848 1889 ostendit

254 1908 406 1955 inquiens
422 1914 443 1931 ¹⁰
461 1923 468 1943 :
489 1911 575 1952 Quia
591 1911 690 1945 radia:
704 1913 852 1945 omnium
873 1913 1039 1946 malormn
1059 1920 1106 1947 est
1126 1913 1290 1958 cupiditas
1306 1918 1340 1955 ¹¹,
1357 1917 1388 1946 et
1412 1913 1504 1946 radix
1518 1912 1668 1946 omnium
1683 1912 1846 1947 bonorum

254 1970 302 2000 est
324 1967 461 2001 charitas
489 1981 496 2001 :
523 1969 623 2002 simul
643 1970 748 2003 amba}
771 1981 837 2003 esse
859 1982 925 2004 non
943 1975 1095 2015 possunt;
1126 1971 1191 2004 nisi
1220 1982 1288 2004 una
1314 1970 1468 2003 radicitus
1494 1970 1608 2004 evulsa
1633 1970 1752 2013 fuerit,
1781 1970 1846 2004 alia

254 2024 395 2068 plantari
422 2036 489 2058 non
516 2029 631 2070 potest.
663 2026 742 2060 Sine
769 2038 866 2061 causa
892 2033 1029 2061 conatur
1056 2028 1177 2072 aliquis
1209 2039 1318 2061 ramos
1350 2027 1511 2070 incidere,
1542 2028 1571 2061 si
1604 2027 1746 2062 radicem
1777 2039 1844 2062 non

253 2082 418 2115 contendit
432 2083 583 2117 evellere.
601 2096 617 2114 »

170 2157 239 2182 Q„are
297 2139 545 2174 Advertendum
569 2141 667 2174 etiam
687 2146 735 2174 est
756 2142 921 2187 quomodo
940 2142 1037 2184 fides,
1058 2154 1130 2187 spes
1156 2146 1187 2176 et
1203 2143 1338 2176 scientia
1362 2142 1514 2176 dicantur
1529 2147 1552 2166 ¹¹
1566 2143 1741 2186 evacuari,
1764 2143 1844 2189 quia

132 2186 200 2213 '³⁶⁶⁵’
219 2190 239 2207 ⁰²
254 2206 292 2230 ex
311 2203 410 2241 parte
438 2202 531 2239 sunt,
552 2202 584 2231 et
601 2209 667 2231 non
685 2198 843 2241 charitas,
865 2211 941 2232 cum
964 2204 995 2232 et
1021 2200 1090 2244 ipsa
1117 2211 1158 2233 ex
1183 2205 1273 2244 parte
1302 2200 1353 2233 sit.
1390 2213 1406 2231 «
1429 2200 1477 2234 Ex
1495 2204 1584 2245 parte
1605 2200 1706 2243 enim,
1735 2200 1770 2234 id
1796 2206 1844 2235 est

139 2224 201 2245 spes,
213 2221 233 2238 et

141 2249 240 2300 {23¹ss
253 2253 440 2299 imperfecte
462 2255 650 2298 diligimus,
675 2256 758 2288 sicut
777 2268 816 2289 ex
837 2260 926 2301 parte
950 2257 1080 2300 scimus,
1107 2261 1145 2290 ut
1159 2257 1398 2301 aitIIesychius
1423 2257 1464 2302 (a)
1491 2269 1586 2302 super
1607 2257 1792 2292 Leviticum
1807 2260 1839 2292 ¹³.

132 2313 238 2363 ‘gffigflss
253 2311 336 2345 Cum
364 2323 441 2356 ergo
472 2323 568 2345 omne
589 2313 677 2357 quod
698 2324 737 2346 cx
761 2318 851 2358 parte
876 2318 938 2357 est,
964 2319 1155 2357 evacuetur,
1177 2326 1236 2347 cur
1258 2315 1399 2348 charitas
1424 2315 1602 2359 excipitur,
1627 2326 1700 2360 qum
1722 2315 1843 2349 dicitur

129 2373 236 2425 σξζζῑιῑῖὶι
253 2380 425 2414 nunquam
439 2369 607 2403 excidere?
623 2370 770 2403 Charitas
784 2370 918 2415 quidem
933 2372 1031 2404 etiam
1045 2383 1085 2405 ex
1099 2376 1190 2416 parte
1204 2376 1263 2414 est,
1280 2376 1317 2405 ut
1333 2383 1415 2416 saepe
1430 2373 1532 2405 sancti
1546 2372 1682 2415 docent,
1699 2373 1779 2417 quia
1795 2383 1836 2406 ex

129 2441 154 2456 ex
167 2437 227 2461 parte

165 2467 193 2486 su
285 2450 292 2466 ί
308 2450 404 2481 Ambr„
421 2450 461 2474 vel
473 2450 556 2481 potius
571 2450 765 2476 Ambrosiaster,
780 2451 802 2473 in
819 2451 900 2481 Εριλί.
916 2452 940 2475 ΙΙ
953 2452 986 2474 ml
1001 2452 1068 2482 Corn,
1085 2460 1108 2475 c.
1122 2458 1157 2476 vi.
1170 2465 1200 2470 —-
1214 2452 1225 2468 ¹
1238 2452 1306 2482 Luc„
1323 2458 1349 2482 x,
1365 2453 1405 2476 20.
1418 2465 1447 2469 —
1458 2452 1468 2468 ³
1481 2452 1562 2479 doun„
1579 2458 1613 2482 Vl,
1630 2453 1669 2476 67.
1679 2465 1711 2470 —
1725 2452 1734 2469 ⁴
1747 2452 1754 2476 Ι
1769 2452 1839 2483 ch„

249 2490 287 2514 XI,
301 2486 327 2515 G;
344 2486 409 2514 Luc..
426 2492 460 2516 v1,
477 2488 513 2510 16.
526 2498 557 2504 —
575 2487 585 2501 ⁵
597 2486 693 2516 Aniba,
709 2486 746 2508 roi
759 2486 842 2515 potius
860 2487 1053 2517 Ainbrosiaster,
1067 2488 1092 2510 1'11
1108 2488 1190 2517 Epist.
1205 2487 1238 2511 wi
1248 2488 1305 2510 Item
1318 2505 1324 2516 ,
1341 2493 1376 2515 lx,
1394 2488 1431 2511 13.
1442 2500 1472 2504 —
1483 2487 1493 2503 ⁶
1510 2488 1515 2511 Ι
1535 2488 1602 2516 Corn,
1625 2493 1683 2517 xm,
1698 2487 1721 2511 8.
1734 2499 1765 2505 —
1777 2487 1787 2504 '¹
1802 2488 1840 2512 De

250 2520 347 2549 Paruit„
362 2521 419 2544 dist.
434 2527 463 2551 11,
477 2528 498 2544 c.
515 2526 550 2545 iv.
562 2533 590 2538 -
603 2520 613 2537 ⁸
627 2521 689 2544 H-ec
706 2528 762 2551 qtae
778 2521 809 2544 de
825 2522 955 2551 charitate,
971 2522 1116 2552 cirea-orius,
1133 2523 1202 2546 honi.
1217 2528 1249 2546 xv
1265 2523 1291 2545 ιἰι
1306 2522 1404 2551 ΕεεσΙι.,
1417 2529 1431 2545 a
1448 2522 1556 2553 princip.
1569 2535 1599 2540 —
1613 2522 1624 2539 ⁹
1635 2523 1726 2547 Marc..
1741 2527 1778 2553 ιν,
1791 2523 1836 2553 26,

249 2556 288 2579 27.
303 2556 556 2584 —10110m.ccr„xx,
572 2563 597 2579 n.
613 2557 636 2586 1,
651 2556 676 2579 in
691 2556 805 2586 Appeud.
821 2560 896 2586 oper.
919 2558 945 2581 S.
961 2559 1075 2588 August.;
1092 2558 1123 2581 al.
1139 2558 1210 2581 hom.
1233 2563 1278 2581 vni
1300 2557 1365 2581 inter
1385 2557 1456 2581 hom.
1479 2563 1544 2582 1„-
1563 2558 1581 2574 ¹¹
1597 2558 1604 2580 Ι
1621 2557 1694 2587 Tim„
1710 2559 1797 2587 v1,to.
1811 2570 1836 2575 —

253 2590 288 2613 ηΙ
303 2590 360 2614 Cor.
374 2597 432 2621 xiii,
447 2593 483 2615 10.
497 2591 556 2609 -Ν
571 2591 690 2622 [10551611Ἶ
703 2598 776 2621 super
791 2591 878 2621 Lentu,
892 2591 933 2615 tib.
952 2591 970 2622 t,
986 2600 1008 2615 ο.
1024 2598 1051 2616 11.

282 2636 317 2665 (a)
333 2634 392 2658 Coet.
405 2635 465 2658 edit.
478 2635 599 2659 Esicliius.
