2017 2948
255 190 313 218 528

253 262 330 286 sona
350 252 543 290 communis,
565 254 596 283 et
616 252 707 283 debet
721 251 879 283 celebrare
896 250 1022 281 Missam

254 307 340 339 omni
355 306 490 346 populo:
509 308 539 336 et
554 306 627 346 quta
639 308 739 345 potest
758 313 825 335 esse
839 304 923 344 quod
940 312 1023 335 unus

254 359 398 390 sacerdos
419 360 545 398 propter
568 358 751 388 tenuitatem
775 359 805 387 et
831 357 1022 387 vicinitatem

253 412 391 444 deservit
404 412 527 442 duabus
543 411 693 448 ecclesiis,
711 410 759 440 vel
774 409 850 450 quia
866 410 897 439 in
915 409 1024 440 eadem

254 466 384 497 ecclesia
400 467 526 505 propter
541 463 772 493 solemnitatem
791 462 885 493 officii
901 464 1023 502 oportet

253 519 359 558 plures
384 519 494 549 missas
516 519 658 554 cantare,
686 516 768 547 sicut
796 516 829 546 in
856 515 1025 546 Nativitate

255 570 377 601 Domini
387 582 394 608 ;
412 572 441 601 et
456 569 720 610 quandocumque
735 569 904 606 celebrant,
920 570 1026 598 tenen-

258 625 311 654 tur
325 622 574 654 communicare:
590 621 660 652 ideo
674 621 833 651 indultum
843 623 889 651 est
903 621 948 650 eis
961 620 1027 658 plu-

254 686 305 708 res
320 676 431 707 missas
445 676 605 706 celebrare
621 676 653 706 in
669 675 779 706 eodem
794 675 854 712 die,
867 676 898 705 et
910 673 1028 713 pluries

255 730 314 761 hoc
328 731 564 760 sacramentum
578 737 715 760 sumere.

572 830 639 852 DUB.
664 830 708 851 IV.

259 893 322 921 Quia
335 892 446 923 quotidie
460 898 595 923 peccamus
609 891 727 921 peccatis,
742 891 797 914 sine
810 890 902 921 quibus
916 890 1029 914 mortalis

441 927 574 951 infirmitas
588 927 674 950 vivere
689 933 740 950 non
757 928 847 956 potest.

300 994 430 1025 Videtur
444 994 495 1024 hic
508 993 589 1023 male
605 993 707 1023 dicere
722 993 938 1031 Augustinus:
956 993 1031 1032 quia

260 1048 367 1079 nullus
381 1048 487 1086 peccat
503 1046 533 1075 in
553 1055 589 1076 co
604 1045 687 1085 quod
703 1045 803 1076 vitare
824 1054 887 1075 non
904 1047 1024 1085 potest:

261 1110 339 1140 ergo
354 1100 427 1131 talia
442 1109 506 1130 non
522 1099 669 1130 videntur
684 1108 751 1129 esse
766 1101 901 1138 peccata.

302 1154 393 1193 Resp.
419 1153 592 1183 Dicendum
616 1152 700 1191 quod
723 1152 762 1181 ad
784 1152 844 1182 hoc
870 1152 1033 1191 dupliciter

262 1210 363 1248 potest
374 1205 567 1246 responderi.
582 1204 650 1235 Uno
665 1205 769 1242 modo,
786 1204 872 1244 quod
887 1206 1034 1243 quamvis

262 1262 388 1301 peccata
424 1268 488 1289 non
523 1258 642 1297 possint
669 1258 762 1288 vitari
787 1257 977 1296 generaliter
1004 1259 1035 1287 et

263 1312 497 1349 universaliter,
515 1312 646 1350 possunt
667 1312 774 1340 tamen
791 1311 882 1341 vitari
901 1310 1035 1350 particu-

264 1367 372 1398 lariter
387 1366 447 1396 hoc
462 1367 493 1395 et
507 1364 600 1395 illud:
618 1366 649 1394 et
666 1364 795 1403 ponitur
805 1363 988 1403 exemplum
1002 1362 1035 1392 in

265 1421 356 1457 navi,
383 1420 415 1449 in
436 1427 532 1458 quam
556 1417 737 1455 ingreditur
758 1426 852 1456 aqua.
877 1416 936 1446 Sed
961 1425 1036 1455 quo-

265 1473 359 1505 modo
375 1473 507 1511 possunt
529 1470 622 1501 vitari
642 1471 764 1506 motus,
781 1469 835 1508 qui
850 1469 983 1500 veniunt
996 1477 1035 1499 ex

265 1524 477 1564 surreptione,
503 1525 534 1553 et
558 1523 590 1552 in
615 1521 811 1561 particulari,
841 1521 966 1552 difficile
990 1523 1037 1551 est

266 1579 380 1609 dicere.
397 1576 432 1607 Et
450 1575 518 1606 ideo
529 1575 608 1606 alius
619 1575 732 1605 modus
743 1577 789 1605 est
803 1575 935 1613 dicendi,
952 1575 1036 1615 quod

268 1633 313 1662 est
327 1628 589 1667 distinguendum
609 1628 641 1657 iu
656 1628 853 1665 necessitate,
870 1630 900 1658 et
917 1628 949 1658 iu
965 1637 1036 1667 pec-

268 1686 337 1715 cato
350 1694 356 1713 z
374 1684 421 1713 est
433 1681 519 1711 enim
535 1681 704 1711 necessitas
720 1690 760 1711 ex
774 1683 898 1711 naturae
914 1681 1037 1712 institu-

269 1736 364 1772 tione,
387 1737 417 1766 et
432 1736 478 1765 est
493 1734 660 1764 necessitas
676 1743 715 1764 ex
732 1734 933 1773 corruptione
947 1745 953 1764 t
972 1735 1036 1773 pri-

267 1799 320 1820 ma
343 1790 390 1819 est
412 1788 484 1818 data
491 1798 498 1824 3
527 1787 664 1817 secunda
692 1789 752 1825 est,
781 1796 879 1826 quam
904 1787 1038 1817 incurrit

268 1843 365 1873 homo
377 1850 416 1872 ex
429 1840 531 1880 culpa.
547 1839 652 1870 Prima
663 1840 830 1870 necessitas
844 1840 974 1871 omnino
987 1849 1039 1871 ex-

269 1895 367 1926 cludit
388 1895 529 1934 culpam;
553 1893 689 1924 secunda
709 1902 785 1924 vero
810 1892 947 1924 excludit
971 1894 1037 1924 cul-

270 1955 343 1986 pam
359 1945 514 1976 actualem
527 1943 710 1981 mortalem',
728 1952 793 1974 non
807 1945 915 1974 tamen
929 1944 1036 1975 venia-

270 1999 346 2029 lem.
361 1998 464 2034 Unde,
481 1997 562 2027 sicut
582 1996 652 2027 vult
665 1997 886 2035 Augustinus,
910 1996 948 2028 de
964 1997 1039 2028 Per-

271 2052 404 2089 fectz'one
428 2050 570 2089 Juscitioe
595 2050 734 2081 hominis
748 2060 758 2078 .·
792 2061 805 2077 ι(
833 2049 913 2086 Quia
943 2050 1040 2080 homo

270 2104 372 2135 noluit
390 2103 491 2134 vitare
506 2105 688 2142 peccatum,
710 2110 783 2132 cum
805 2102 922 2141 potuit3
941 2102 1041 2132 inssic-

271 2157 339 2186 tum
355 2156 402 2184 est
415 2154 444 2184 ei
462 2162 526 2184 non
540 2162 641 2193 posse,
657 2161 731 2183 cum
746 2152 833 2183 velit.
847 2163 861 2180 n
1010 2144 1013 2148 ”

511 2275 750 2308 ARTICULUS
776 2276 800 2307 I.

312 2371 359 2402 Ad
370 2368 613 2408 intelligentiam
629 2367 727 2406 hujus
742 2368 849 2407 partis.
864 2367 1039 2398 secundum

273 2425 336 2455 duo
350 2432 422 2463 quae
437 2421 624 2452 determinat
638 2420 688 2450 hic
704 2421 866 2458 Magister,
877 2420 942 2451 duo
955 2420 1041 2459 prin-

273 2477 414 2516 cipaliter
426 2475 630 2514 quaeruntur:
647 2472 750 2511 primo
763 2473 918 2512 quaeritur
932 2473 970 2503 de
984 2472 1041 2503 hu-

307 2573 368 2602 ¹Cs.
385 2572 454 2595 Alex.
472 2571 567 2600 Ateus„
582 2576 608 2599 p.
630 2569 672 2598 tv,
693 2575 717 2599 q.
742 2575 767 2599 X,
788 2570 882 2593 memb.
906 2572 928 2599 8,
949 2571 996 2593 art.
1017 2571 1040 2599 3,

273 2608 289 2640 5
301 2610 333 2638 2;
349 2608 375 2632 S.
391 2607 489 2634 Thom„
505 2612 530 2636 p.
550 2605 592 2634 ΙΙΙ,
608 2611 632 2635 q.
649 2609 746 2634 Lxxvn,
761 2606 808 2628 art.
825 2606 854 2634 73
875 2606 899 2628 et
915 2605 947 2628 IV
961 2605 1040 2634 Sem„

275 2643 332 2668 dist..
342 2648 389 2672 ιιι.
400 2648 425 2672 q.
436 2641 522 2671 mart.
533 2641 557 2670 2,
569 2646 594 2670 q.
610 2644 632 2669 13
643 2639 770 2669 menard„
784 2640 815 2665 lv
829 2639 908 2670 Seni..
919 2640 976 2666 dist.
988 2645 1037 2666 ιιι,

810 183 1118 216 SENTENTIARUM
1138 184 1212 214 LtB.
1234 184 1283 214 lV.

1073 251 1128 289 ,ius
1148 250 1334 281 sacramenti
1354 250 1508 288 efficacia3
1533 249 1670 280 secundo
1691 250 1844 289 quaeritur

1078 303 1116 333 ‹le
1127 303 1386 343 frequentatione.
1402 303 1488 333 Circa
1501 302 1641 342 primum
1656 303 1845 342 quaeruntur

1078 356 1157 385 tria:
1184 355 1286 395 prInio
1305 356 1460 394 quaeritur
1483 357 1592 385 utrum
1613 355 1847 384 sacramentum

1079 408 1191 439 habeat
1206 409 1377 439 efficaciam
1393 409 1424 438 in
1440 408 1580 448 quolibet
1594 407 1663 438 viro
1678 408 1783 446 just03
1801 415 1848 437 se-

1079 460 1197 497 cundo,
1222 463 1331 490 utrum
1359 459 1473 490 habeat
1497 458 1667 489 efficaciam
1689 458 1722 487 in
1741 456 1848 497 aliquo

1079 516 1255 552 peccatore,
1275 512 1421 543 existenti
1442 512 1557 542 scilicet
1580 512 1613 541 in
1634 509 1758 540 mortali
1773 517 1848 549 pec-

1080 568 1163 602 cato;
1181 566 1271 596 tertio
1291 566 1445 605 quaeritur
1464 565 1502 595 de
1521 564 1588 604 ipsa
1604 562 1741 594 efficacia
1755 561 1789 592 in
1803 570 1848 592 se.

1339 679 1545 718 QUAESTIO
1573 679 1596 709 Ι.

1105 763 1150 788 An
1169 764 1365 789 sacramentum
1384 761 1478 788 habeat
1497 761 1645 794 efficaciam
1663 760 1694 786 in
1713 758 1830 793 quolibet

1375 807 1432 833 viro
1447 806 1520 839 justo
1539 805 1557 832 ¹.

1125 887 1212 924 Quod
1235 886 1349 917 habeat
1372 886 1543 916 efficaciam
1567 885 1599 914 in
1623 883 1762 924 quolibet
1785 883 1854 913 viro

1081 940 1178 978 justo,
1195 939 1385 970 ostenditur:
1398 942 1409 969 Ι
1419 963 1424 969 .
1436 939 1510 979 quia
1518 940 1752 969 sacramentum
1762 935 1856 966 habet

1086 992 1268 1029 efficaciam,
1286 992 1345 1022 nisi
1358 992 1473 1022 habeat
1487 991 1609 1022 obicem
1625 1002 1631 1020 z
1653 989 1705 1020 sed
1725 989 1758 1019 in
1770 987 1858 1019 nullo

1086 1046 1156 1076 viro
1171 1046 1258 1084 justo
1277 1045 1372 1075 habet
1395 1045 1517 1075 obicem
1534 1055 1539 1074 :
1568 1052 1645 1083 ergo
1667 1042 1700 1073 in
1719 1041 1859 1082 quolibet

1086 1099 1180 1130 habet
1195 1098 1378 1129 efficaciam.

1127 1155 1155 1183 2.
1171 1152 1249 1182 Item
1261 1151 1494 1182 sacramentaHS
1506 1149 1717 1186 manducatio,
1730 1149 1856 1188 quando

1088 1206 1256 1243 conjuncta
1277 1206 1324 1234 est
1346 1203 1515 1243 spirituali,
1537 1211 1662 1242 semper
1680 1202 1774 1232 habet
1789 1202 1856 1232 erss-

1088 1257 1218 1294 cacIam,
1242 1257 1295 1287 sed
1314 1265 1439 1295 semper
1453 1257 1620 1295 conjuncta
1638 1257 1684 1286 est
1703 1253 1857 1294 spirituali

1089 1311 1122 1340 in
1137 1310 1206 1341 viro
1217 1311 1317 1349 justo,
1334 1309 1409 1349 quia
1425 1320 1438 1338 (ι
1451 1308 1655 1348 spiritualiter
1666 1307 1858 1338 manducare

1089 1366 1135 1394 est
1147 1364 1178 1393 in
1198 1364 1266 1403 ipso
1279 1372 1421 1401 manere,
1440 1374 1454 1390 »
1476 1364 1511 1392 ut
1528 1361 1602 1392 dicit
1619 1360 1820 1400 Augustinus
1831 1359 1856 1389 ¹:

1090 1417 1143 1447 sed
1157 1417 1261 1446 omnis
1276 1418 1384 1456 justus
1399 1422 1506 1446 manet
1520 1416 1552 1445 iu
1566 1415 1650 1454 ipso:
1668 1422 1758 1453 ergo,
1776 1416 1834 1444 etc.

1130 1472 1158 1499 3.
1190 1469 1267 1500 Item
1299 1469 1508 1499 Damascenus
1519 1469 1529 1485 ³
1556 1468 1645 1506 dicit,
1674 1467 1758 1507 quod
1787 1475 1859 1497 caro

1091 1522 1203 1553 Christi
1222 1524 1268 1552 est
1287 1522 1369 1552 sicut
1383 1522 1476 1552 carbo
1498 1521 1639 1560 ignitus:
1664 1521 1718 1551 sed
1739 1519 1860 1550 habens

1091 1585 1217 1606 sensum
1234 1576 1444 1615 corporalem,
1459 1584 1583 1614 semper
1597 1574 1699 1604 calefit
1715 1582 1771 1613 per
1785 1582 1860 1604 con-

1090 1631 1209 1659 tactum
1233 1629 1376 1658 carbonis
1398 1627 1588 1657 materialis:
1615 1635 1694 1664 ergo
1715 1625 1860 1656 similiter

1091 1682 1210 1712 habens
1227 1690 1356 1711 sensum
1376 1680 1588 1719 spiritualem,
1609 1688 1665 1718 per
1680 1681 1859 1709 contactum

1092 1734 1236 1765 carbonis
1255 1733 1444 1773 spiritualis:
1469 1732 1522 1763 sed
1541 1732 1644 1762 omnis
1658 1732 1766 1771 justus
1786 1739 1857 1762 sen-

1091 1793 1163 1814 sum
1177 1783 1271 1813 habet
1284 1782 1500 1822 spiritualem:
1519 1789 1608 1819 ergo,
1621 1782 1679 1810 etc.

1133 1835 1161 1862 4.
1180 1831 1272 1868 Item,
1290 1831 1316 1860 si
1335 1830 1453 1869 aliquid
1470 1828 1642 1868 requiritur
1658 1827 1741 1858 ultra
1755 1827 1858 1858 chari-

1092 1889 1188 1919 tatem
1203 1887 1235 1916 in
1245 1886 1445 1925 suscipiente,
1458 1883 1613 1924 quaeritur
1623 1883 1708 1924 qnod
1719 1883 1760 1913 sit
1770 1882 1859 1921 illud,

1093 1943 1123 1972 et
1137 1949 1222 1981 quae,
1238 1941 1268 1970 et
1282 1940 1370 1978 quot.

1134 1993 1263 2024 Contra:
1289 1991 1466 2031 baptismus
1485 1999 1550 2020 non
1573 1989 1669 2020 habet
1690 1989 1861 2019 efficaciam

1094 2047 1126 2076 in
1150 2046 1271 2083 adulto,
1295 2044 1356 2074 nisi
1378 2053 1410 2074 se
1430 2044 1605 2082 praeparet:
1629 2050 1707 2080 ergo
1729 2050 1748 2071 a
1766 2041 1861 2071 simili

1095 2109 1151 2130 nec
1160 2099 1220 2130 hoc
1231 2099 1464 2129 sacramentum
1474 2096 1568 2126 habet
1577 2095 1710 2126 efficiam
1722 2094 1753 2124 in
1761 2095 1859 2133 Just0‚

1094 2152 1155 2182 nisi
1179 2161 1211 2182 se
1234 2152 1408 2190 praeparet:
1436 2152 1466 2180 et
1488 2149 1526 2180 ad
1548 2149 1608 2179 hoc
1632 2149 1704 2178 facit
1726 2147 1862 2178 verbum

1096 2205 1177 2236 beati
1193 2204 1281 2235 Pauli
1296 2206 1325 2233 t:
1346 2202 1451 2234 Probet
1467 2205 1570 2233 autem
1584 2202 1722 2240 seipsum
1735 2200 1834 2232 homo.

1135 2257 1212 2288 Item
1227 2255 1371 2297 possibile
1383 2254 1524 2293 estquod
1541 2256 1646 2293 Justus
1660 2253 1774 2284 habeat
1788 2260 1862 2283 con-

1095 2310 1257 2341 scientiam
1275 2318 1308 2339 se
1333 2308 1474 2348 graviter
1490 2315 1648 2346 peccasse,
1672 2305 1723 2336 vel
1744 2314 1810 2336 esse
1828 2303 1862 2334 in

1095 2364 1187 2403 gravi
1201 2364 1338 2403 peccato,
1354 2361 1429 2401 quia
1442 2361 1620 2399 frequenter
1634 2360 1796 2398 peccatum
1810 2365 1863 2388 ve-

1095 2416 1177 2447 niale
1196 2417 1410 2456 perpetratum
1430 2414 1594 2452 reputatur
1610 2411 1741 2442 mortale
1755 2419 1773 2440 a
1789 2418 1862 2449 per-

1094 2470 1200 2502 fectis:
1222 2470 1349 2508 propter
1369 2466 1429 2498 hoc
1446 2467 1553 2496 tamen
1571 2473 1636 2495 non
1658 2463 1738 2494 cadit
1755 2472 1774 2493 a
1789 2464 1859 2502 jus-

1095 2535 1141 2556 mt.
1157 2534 1180 2559 ti,
1199 2538 1223 2561 q.
1241 2537 1266 2559 1;
1285 2528 1373 2558 Steph.
1387 2528 1489 2557 Brulef„
1508 2528 1538 2551 lV
1555 2526 1633 2555 Sem„
1649 2525 1706 2549 dist.
1724 2531 1770 2554 xii,
1786 2531 1811 2555 q.
1835 2529 1860 2548 x.

1095 2581 1124 2585 -
1144 2568 1152 2581 ²
1174 2568 1248 2595 Aug„
1265 2565 1294 2588 (le
1314 2565 1381 2588 civit.
1402 2564 1462 2592 Dei,
1481 2562 1524 2586 lib.
1545 2562 1609 2591 xxl,
1631 2568 1654 2584 c.
1671 2565 1733 2588 xxv,
1750 2568 1775 2584 n.
1791 2561 1814 2583 4.
1831 2572 1862 2578 —

1094 2603 1102 2617 ³
1114 2604 1241 2631 Damaso„
1255 2600 1284 2623 de
1300 2599 1356 2623 Fid.
1370 2597 1475 2627 orthod„
1492 2597 1535 2621 lib.
1551 2596 1593 2626 lV,
1609 2603 1630 2620 c.
1646 2601 1699 2625 xw,
1714 2595 1780 2620 circa
1793 2594 1861 2620 med.

1094 2638 1166 2661 „⁸1
1182 2637 1249 2666 Cor„
1264 2641 1302 2665 xr,
1316 2636 1355 2659 28.

1873 896 1905 917 Aa
1921 902 1972 923 opp.

1876 1999 1980 2021 Fundam.
