2017 2948
226 138 284 167 696

226 202 331 233 dotem
349 213 355 232 :
367 214 380 230 »
395 210 475 241 ergo
485 202 611 233 videtur
620 202 705 242 quod
715 202 855 233 confiteri
867 202 920 232 alii
929 209 994 232 non

226 255 370 286 sufficiat.

267 308 359 345 Item,
386 308 501 339 veritas
525 308 615 339 debet
643 308 830 347 respondere
856 308 991 346 fignrae:

226 362 279 393 sed
295 362 328 392 in
344 362 416 401 lege
436 361 543 392 nullus
561 361 763 401 judicabatur
784 360 957 391 mundatus
976 370 994 390 a

226 416 324 456 lepra,
341 424 399 446 nec
414 415 623 455 recipiebatur
633 415 664 445 in
680 416 782 445 castra
791 423 846 453 per
861 413 994 452 aiicujus

222 468 398 507 judicium,
419 471 714 508 quantumcumque
743 469 824 498 esset
848 467 972 506 sapiens
985 490 992 503 ‚

225 522 286 553 nisi
309 530 364 562 per
380 521 538 560 judicium
553 520 720 551 sacerdotis
736 531 743 550 :
766 529 845 558 ergo
870 519 995 549 videtur

225 575 293 615 pari
310 575 432 606 ratione
447 574 530 614 qnod
547 574 654 604 nullus
677 574 775 614 possit
792 572 994 603 reconciliare

225 629 429 668 poenitentem
454 627 599 657 Ecclesiae
611 651 618 664 ‚
636 627 696 657 nisi
713 627 800 657 solus
824 625 968 656 sacerdos
985 636 991 656 ε

225 681 279 712 sed
295 680 449 711 confessio
461 680 625 711 ordinatur
638 680 676 710 ad
691 680 769 710 hoc:
787 689 876 719 ergo,
893 682 951 709 etc.

266 734 343 764 Item
359 733 512 763 consessio
536 733 680 763 ordinata
705 737 751 763 est
779 732 994 772 principaliter

225 786 263 817 ad
278 786 508 817 absolutionem
539 797 545 816 z
575 786 628 816 sed
652 788 789 826 potestas
812 785 934 824 ligandi
964 787 995 815 et

225 839 366 870 solvendi
381 839 453 870 data
466 841 514 870 est
529 839 742 878 principaliter
760 848 886 869 summo
911 837 993 868 Pon-

225 893 311 930 tifici,
327 893 443 923 scilicet
465 892 574 930 Petro,
591 894 621 922 et
636 891 705 922 aliis
723 891 871 931 apostolis
890 902 896 921 :
916 898 994 929 ergo

225 946 301 985 ipsis
328 945 401 975 solis
429 945 664 976 sacerdotibus:
681 954 759 983 ergo
780 944 896 975 abillis
921 944 995 974 solis

224 1001 324 1038 potest
338 999 405 1029 fieri
421 998 578 1029 absolutio
596 1009 602 1028 z
624 1006 704 1037 ergo
720 998 796 1037 ipsis
812 998 885 1028 solis
903 997 994 1028 debet

224 1052 291 1082 fieri
305 1052 466 1082 consessio.

264 1104 353 1142 item,
370 1104 395 1134 51
411 1104 480 1134 aliis
494 1104 611 1134 sufficit
620 1103 774 1140 confiteri,
785 1112 861 1142 ergo
878 1104 994 1133 trustra

223 1159 269 1188 est
293 1166 441 1187 concessa
463 1158 598 1197 potestas
616 1157 799 1187 absolvendi
822 1156 993 1186 sacerdoti-

223 1210 284 1240 bus
299 1221 305 1241 2
325 1210 350 1240 si
366 1219 444 1249 ergo
458 1219 523 1241 non
537 1212 583 1241 est
601 1210 717 1241 trustra
735 1218 893 1247 concessa,
910 1210 995 1249 patet

223 1263 334 1302 igitur,
351 1265 409 1294 etc.

497 1339 720 1371 CONCLUslo.

226 1418 379 1450 Confessio,
395 1420 474 1452 prout
488 1420 523 1444 est
539 1425 603 1452 opus
619 1419 811 1445 sacramentale
822 1439 830 1452 ,
846 1419 897 1444 soli
911 1426 995 1445 sacer-

261 1462 319 1488 doti
334 1464 374 1488 est
387 1462 536 1497 facienda:
551 1463 677 1496 quoniam
692 1465 808 1497 potestas
822 1463 873 1489 hoec
891 1463 996 1495 Ιίυαηιίί

260 1509 282 1532 et
298 1506 450 1533 absoluendi
463 1507 528 1533 sotis
541 1506 724 1533 saccrdotcbus
739 1510 776 1533 est
792 1506 904 1533 tradita.
975 1500 981 1506 ’

266 1582 357 1622 Resp.
374 1583 412 1613 ad
427 1592 497 1622 arg.
513 1582 687 1613 Dicendum
699 1583 782 1622 quod
797 1585 841 1612 851
857 1583 942 1622 loqui
957 1583 995 1613 de

225 1636 421 1666 confessione
433 1635 608 1674 dupliciter.
619 1634 686 1665 Uno
698 1635 802 1672 modo,
816 1638 996 1674 prontopus

225 1691 271 1719 851
286 1688 413 1718 virtutis
427 1688 544 1718 directe
561 1696 748 1727 repugnans
766 1687 946 1727 hypocrisi,
964 1688 996 1718 in

225 1751 290 1781 quo
304 1741 374 1781 quis
398 1750 430 1771 se
446 1741 548 1781 ipsum
572 1743 697 1770 accusat
721 1749 760 1770 ne
783 1740 874 1778 alins,
898 1750 995 1780 qnam

225 1794 275 1831 sit,
293 1795 452 1833 appareat⁷
471 1793 521 1823 vel
540 1793 635 1823 etiam
660 1793 743 1823 mala
759 1802 817 1823 sua
839 1793 938 1832 aperit
958 1793 996 1824 ad

225 1846 483 1886 investigandam
510 1846 611 1876 morbi
638 1847 832 1877 curationem
855 1857 860 1876 :
887 1849 917 1877 et
938 1847 998 1878 1108

227 1900 320 1931 modo
335 1899 487 1930 consessio
506 1899 635 1929 cuilibet
654 1901 755 1939 potest
768 1899 854 1937 fieri,
869 1900 922 1939 qui
939 1909 998 1940 po-

226 1955 287 1984 1851
301 1953 453 1991 adiuvare
466 1952 661 1990 instruendo,
672 1952 722 1983 vel
734 1953 871 1983 orando:
889 1953 926 1983 de
934 1962 996 1993 quo

227 2006 324 2036 homo
340 2007 443 2045 potest
457 2005 640 2036 erubescere
656 2007 686 2035 81
699 2005 882 2044 humiliari,
900 2009 930 2037 et
946 2007 997 2037 ille

228 2059 374 2099 exemplo
389 2058 619 2088 humiliationis
628 2058 799 2097 meliorari,
812 2068 877 2090 0011
891 2069 998 2099 pecca-

228 2115 336 2143 torum
351 2112 533 2150 cognitione
549 2112 715 2151 depravari
733 2123 739 2142 :
755 2112 842 2142 etsie
857 2113 928 2152 quis
941 2123 998 2153 po-

228 2167 289 2196 test
303 2166 463 2205 peccatum
487 2173 581 2194 suum
605 2164 733 2195 cuilibet
753 2166 913 2204 confiteri,
931 2167 998 2197 sive

229 2219 353 2256 clerico,
371 2218 438 2248 sive
453 2218 542 2254 laico,
559 2217 638 2248 sicut
657 2218 750 2248 etiam
769 2219 842 2249 dicit
862 2219 996 2250 Bernar-

230 2272 300 2309 dus,
323 2279 418 2310 super
443 2271 573 2302 Cantica
591 2280 597 2299 :
619 2269 700 2300 «Vir
717 2272 872 2309 perfectus
893 2275 998 2304 tantus

231 2326 276 2355 est
286 2324 426 2355 veritatis
436 2325 569 2361 amator,
582 2323 665 2363 quod
680 2324 771 2354 vellet
783 2334 893 2356 omnes
907 2335 998 2357 nosse

231 2385 289 2408 sua
305 2376 399 2414 mala,
418 2376 494 2407 dum
508 2378 613 2406 tamen
635 2376 680 2407 eis
700 2386 763 2407 non
780 2381 861 2408 esset
877 2380 998 2411 occasio

230 2430 315 2468 mali,
328 2430 381 2460 sed
390 2430 497 2460 11001.»
504 2429 573 2459 Alio
582 2429 687 2467 modo,
700 2430 854 2461 confessio
863 2433 998 2472 85101105

229 2482 465 2520 sacramentale,
477 2484 572 2522 prout
588 2482 754 2513 ordinatur
766 2483 805 2513 ad
820 2485 998 2516 reconcilia·

228 2536 359 2574 11008111,
379 2544 451 2576 quae
461 2536 497 2566 fit
511 2544 566 2575 per
581 2535 811 2567 absolutionem
823 2539 853 2567 et
867 2537 995 2576 ligatio·

229 2597 301 2620 nem
320 2599 326 2618 z
344 2590 373 2618 et
393 2588 542 2628 quoniam
568 2589 635 2619 haec
657 2591 792 2627 potestas
816 2590 927 2620 collata
952 2594 997 2622 851

783 134 1089 166 ΞΕΝΤΗΝΊῚΑΒΠΜ
1114 135 1186 165 LlB.
1211 135 1260 166 lv.

1051 201 1125 232 solis
1139 203 1363 241 sacerdotibus,
1374 204 1454 235 sicut
1467 205 1580 235 melius
1592 204 1709 245 patebit
1725 206 1818 244 intra,

1052 254 1122 285 ideo
1133 255 1202 286 haec
1217 256 1297 286 nulli
1313 257 1373 286 nisi
1390 257 1464 287 solis
1477 257 1693 288 sacerdotibus
1707 260 1754 288 est
1772 259 1816 290 sa-

1051 308 1173 338 cienda.
1191 308 1228 339 Et
1243 309 1449 340 concedendae
1465 313 1540 341 511111
1554 311 1692 342 rationes
1707 310 1747 342 ad
1761 311 1821 343 hoc

1052 361 1198 392 inductae.

1092 417 1106 444 1
1125 418 1154 446 et
1174 419 1203 446 2.
1229 417 1275 446 Ad
1299 417 1373 447 illud
1388 416 1471 456 quod
1495 416 1644 455 objicitur
1661 427 1668 447 :
1685 417 1818 458 Confite-

1052 469 1136 499 mz'm'
1147 469 1333 501 alterum-um
1347 472 1474 509 peccata
1493 472 1611 507 vestra,
1634 473 1706 508 etc.,
1723 471 1819 511 aliqui

1051 520 1161 550 dicunt
1177 521 1226 551 liic
1240 522 1358 552 dictum
1377 522 1414 551 dc
1430 522 1625 560 venialibuS,
1643 526 1674 554 et
1693 523 1731 554 de
1746 524 1819 564 qui-

1052 572 1122 610 bus,
1140 573 1220 604 sicut
1236 574 1363 613 patebit,
1378 584 1440 605 non
1455 577 1501 605 851
1521 584 1647 606 necesse
1665 577 1817 607 confiteri.

1051 626 1150 656 Aliter
1166 629 1261 666 potest
1275 627 1345 665 dici,
1361 628 1446 667 qnod
1463 630 1508 658 cst
1523 629 1677 660 confessio
1691 630 1819 670 duplex,

1051 679 1167 709 58111881
1192 680 1223 710 iu
1247 682 1409 720 generali,
1435 684 1470 712 ut
1499 682 1626 721 qnando
1651 683 1723 722 quis
1747 683 1821 714 dicit

1052 741 1148 762 suum
1166 732 1343 771 Confiteor;
1357 736 1386 763 81
1403 734 1433 764 in
1449 735 1587 774 speciali,
1604 736 1733 775 quando
1749 737 1820 777 quis

1051 784 1124 815 (11811
1140 788 1265 824 peccata
1277 796 1345 817 sua.
1364 787 1398 817 In
1415 790 1550 827 utraque
1565 788 1680 819 harum
1694 790 1816 821 confes-

1051 838 1178 869 sionum
1202 842 1249 870 est
1273 840 1460 872 alternatio:
1484 841 1536 872 sed
1567 842 1598 872 in
1627 842 1820 874 confessione

1051 892 1178 931 speciali
1190 894 1236 922 est
1254 893 1421 924 alternatio
1437 897 1592 933 qnantum
1616 894 1654 925 ad
1675 895 1757 926 solos
1770 905 1820 926 sa-

1051 943 1202 982 cerdoteS,
1219 945 1251 975 in
1268 946 1408 984 generali
1423 956 1500 977 vero
1514 949 1672 986 quantum
1693 948 1732 978 ad
1747 957 1818 979 om-

1051 1006 1106 1027 1185
1122 1008 1128 1027 :
1147 1000 1177 1027 et
1196 998 1265 1029 ideo
1287 1002 1371 1038 patet
1391 1000 1578 1036 auctoritas,
1595 1003 1625 1031 et
1647 1000 1772 1039 Glossa3
1791 1003 1822 1032 et

1050 1049 1194 1080 innuitur
1207 1051 1266 1081 hoc
1280 1060 1319 1082 ex
1335 1052 1480 1091 pluribus
1491 1053 1686 1093 verbis‚quae
1699 1063 1821 1093 ponun-

1050 1104 1103 1133 tur
1118 1102 1149 1132 in
1164 1103 1280 1134 Glossa.

1087 1158 1115 1193 3,
1132 1158 1150 1185 4
1164 1158 1193 1186 81
1206 1158 1234 1186 5.
1253 1156 1300 1187 Ad
1321 1157 1372 1187 illa
1387 1166 1459 1196 quae
1474 1158 1669 1198 objiciuntur
1684 1159 1722 1190 de
1744 1167 1818 1190 eru·

1051 1208 1218 1246 bescentia,
1228 1209 1434 1240 instructione
1449 1213 1475 1240 et
1487 1211 1640 1249 oratione,
1652 1211 1820 1243 dicendum

1051 1262 1135 1300 quod
1143 1262 1177 1291 in
1188 1262 1336 1293 omuibus
1347 1264 1599 1302 argumentisest
1613 1273 1819 1305 consequenS,

1052 1323 1108 1354 pro
1124 1324 1161 1346 eo
1182 1315 1266 1355 quod
1288 1325 1351 1345 non
1374 1316 1532 1356 accipiunt
1558 1319 1655 1348 totam
1678 1326 1819 1356 causam,

1051 1377 1108 1399 1188
1123 1369 1217 1399 etiam
1234 1369 1439 1409 principalem
1455 1379 1582 1400 causam
1592 1394 1602 1408 ,
1617 1379 1690 1410 quae
1705 1373 1751 1402 est
1769 1380 1822 1402 re-

1052 1422 1226 1452 conciliatio
1241 1422 1382 1453 facienda
1397 1423 1542 1454 Ecclesiae
1559 1435 1565 1454 :
1582 1427 1613 1454 81
1627 1424 1697 1455 ideo
1709 1433 1822 1456 omncs

1051 1475 1091 1504 ab
1106 1475 1308 1505 insufficienti
1322 1477 1495 1515 procedunt
1512 1477 1550 1507 de
1564 1478 1759 1508 confessione
1773 1488 1823 1509 58-

1051 1529 1191 1559 cundum
1209 1529 1292 1568 quod
1307 1531 1353 1559 est
1369 1532 1601 1560 sacramentum
1622 1542 1628 1561 :
1645 1533 1751 1562 tamen
1765 1540 1820 1562 ve-

1051 1590 1124 1611 rum
1151 1582 1353 1620 concludunt,
1374 1583 1456 1622 quod
1477 1584 1553 1614 utile
1576 1585 1671 1615 etiam
1695 1587 1742 1615 est
1764 1585 1820 1615 ali-

1051 1635 1178 1674 quando
1193 1635 1335 1665 confiteri
1353 1645 1416 1666 non
1436 1636 1588 1666 sacerdoti
1601 1661 1608 1673 ,
1625 1637 1706 1668 sient
1728 1638 1822 1668 etiam

1052 1688 1159 1718 audivi
1180 1688 1217 1718 de
1243 1688 1387 1725 muliere,
1410 1698 1483 1728 quae
1504 1689 1536 1719 in
1558 1692 1660 1720 morte
1682 1691 1822 1721 consessa

1052 1740 1111 1771 fuit
1125 1741 1193 1771 viro
1205 1741 1242 1771 ad
1254 1741 1476 1772 vehementem
1488 1743 1717 1781 contusionem,
1729 1745 1822 1784 cujus

1052 1794 1268 1833 poenitentiam
1284 1803 1339 1833 per
1362 1795 1456 1834 signa
1478 1795 1569 1826 valde
1590 1795 1747 1826 evidentia
1768 1796 1823 1827 Do-

1052 1847 1160 1876 minus
1173 1847 1360 1887 aceeptavi13
1378 1848 1465 1887 prius
1482 1850 1587 1878 tamen
1604 1848 1663 1878 fuit
1681 1849 1822 1880 confessa

1052 1900 1216 1930 sacerdoli.

1092 1957 1122 1983 ti.
1136 1953 1183 1983 Ad
1199 1952 1275 1983 illud
1293 1953 1378 1992 quod
1395 1953 1543 1993 objicitur
1555 1977 1562 1990 ‚
1584 1954 1668 1993 quod
1690 1963 1763 1985 cum
1782 1956 1824 1985 sit

1052 2006 1261 2043 necessitatis,
1278 2006 1384 2037 debuit
1409 2007 1557 2037 omnibus
1581 2008 1752 2046 committi,
1774 2008 1823 2038 di-

1053 2059 1188 2089 cendum
1204 2059 1287 2098 quod
1303 2068 1366 2089 non
1382 2060 1532 2098 oportuit,
1546 2069 1603 2090 088
1613 2060 1721 2090 debuit
1737 2071 1744 2091 ;
1758 2069 1821 2092 0011

1053 2111 1172 2149 debuit,
1189 2111 1266 2151 quia
1286 2112 1440 2143 absolvere
1464 2113 1535 2143 dicit
1563 2116 1668 2144 actum
1686 2114 1822 2154 alicujus

1053 2173 1195 2204 personae
1217 2165 1434 2195 anctoritatem
1456 2166 1614 2204 habentis;
1639 2175 1702 2198 non
1727 2167 1821 2198 etiam

1053 2218 1200 2257 oportuit,
1219 2218 1292 2257 quia
1315 2219 1423 2249 nullus
1447 2219 1556 2250 volens
1577 2220 1694 2251 habere
1715 2230 1821 2252 sacer—

1053 2270 1156 2301 dotem
1169 2295 1176 2307 ,
1193 2275 1222 2301 et
1237 2280 1273 2301 80
1288 2280 1413 2309 carens,
1432 2272 1576 2311 privatur
1590 2273 1691 2303 salute
1709 2285 1715 2304 :
1732 2274 1820 2304 suffi-

1054 2324 1095 2354 cit
1110 2324 1195 2354 enim
1208 2324 1266 2353 51111
1282 2324 1430 2355 voluntas
1452 2325 1642 2356 confitendi:
1660 2327 1691 2356 et
1710 2329 1746 2356 ut
1765 2335 1822 2357 vo-

1053 2376 1158 2406 luntas
1173 2378 1242 2415 eJ'us
1256 2377 1396 2407 exterius
1410 2380 1559 2417 appareat
1572 2403 1578 2415 ,
1596 2378 1649 2408 dat
1671 2379 1821 2418 Magister

1053 2429 1220 2460 consilium
1237 2430 1320 2469 quod
1345 2432 1532 2462 confiteatur
1558 2432 1686 2472 proprio
1710 2433 1820 2464 socio:

1053 2491 1118 2513 non
1132 2483 1217 2522 quod
1231 2482 1284 2513 illa
1299 2484 1451 2514 confessio
1466 2487 1700 2516 sacramentum
1714 2485 1818 2516 Eccle-

1053 2536 1107 2566 siae
1126 2536 1185 2574 sit,
1203 2537 1256 2567 sed
1275 2539 1310 2567 ut
1333 2537 1404 2567 talis
1427 2538 1570 2569 ostendat
1595 2547 1628 2569 58
1650 2539 1818 2578 perfectam

1052 2591 1168 2622 hahere
1184 2591 1391 2631 voluntatem,
1406 2596 1435 2622 et
1450 2593 1550 2624 facere
1566 2593 1650 2633 quod
1665 2593 1697 2625 in
1711 2602 1746 2623 se
1760 2596 1816 2625 est.
