2017 2948
146 584 222 605 Modus

134 615 217 634 dicendi
229 617 234 634 Ι

139 1174 240 1204 Explica-

137 1204 173 1221 uu.

254 134 310 161 3390

526 243 749 277 CONCLUSIO.

253 322 379 350 Possibile
393 323 430 349 est
441 321 543 348 homini
556 321 710 352 satisfacere
726 318 786 348 Deo,
799 317 822 342 ct
834 322 882 349 per
895 314 1024 345 satisfac-

289 369 384 395 tionem
405 375 432 394 se
453 367 626 394 reconciliare
652 364 716 394 Deo,
735 362 795 388 licet
817 359 916 393 offensa
938 358 1024 390 fuerit

289 413 420 446 infinita:
435 412 499 446 quia
515 410 600 437 libido
619 409 673 441 fuit
688 407 777 440 finita,
793 406 816 431 et
832 405 925 430 nostra
940 403 1023 429 satis-

288 458 371 490 factio
398 457 527 483 inm'titur
555 451 739 485 satisfactioni
775 448 877 476 Chr-isti
890 468 896 480 ,
926 455 943 473 α
972 454 1025 481 qua

290 502 390 536 accipit
404 502 538 527 virtutem.

295 575 387 614 Resp.
399 573 437 604 ad
448 581 518 611 arg.
533 570 704 601 Dicendum
714 568 800 609 quod
813 566 866 598 hic
880 567 926 597 est
941 572 1026 595 unus

256 628 367 660 modus
377 625 499 658 dicendi
510 625 584 656 satis
594 622 775 664 probabilis,
791 619 875 661 quod
888 619 926 650 de
938 617 1025 649 omni

254 691 290 712 eo
312 680 396 720 quod
420 681 466 710 est
483 679 515 709 in
536 679 679 718 peccato,
700 684 765 706 non
787 674 822 704 fit
839 671 1024 708 satisfactio,

254 734 406 775 quoniam
426 733 486 763 hoc
506 734 551 762 est
574 728 778 770 impossibile.
797 726 885 757 Unde
899 727 929 756 et
945 725 1026 755 Deus

254 797 318 819 non
337 786 438 826 exigit
452 784 695 816 satisfactionem
713 782 751 812 de
767 780 856 811 omni
872 788 924 817 eo,
943 777 1027 818 quod

254 842 300 872 est
314 841 346 871 in
361 840 468 880 culpa;
487 839 539 870 sed
555 837 673 877 aliquid
691 835 847 867 condonat
862 842 918 874 per
932 832 1026 863 mise-

255 894 439 932 ricordiam,
456 893 494 924 de
510 892 616 931 aliquo
634 890 767 930 requirit
786 886 1028 919 satisfactionem

256 958 312 989 per
323 948 493 988 justitiam,
507 948 543 977 ut
559 944 655 975 simul
670 944 711 973 sit
730 943 781 973 hic
796 939 1027 976 misericordia,

257 1004 287 1033 et
304 1001 433 1033 veritas.
455 999 517 1031 Nec
536 1007 679 1038 unquam
701 999 746 1027 est
764 993 948 1029 satisfactio,
970 992 1028 1022 nisi

258 1055 416 1096 praecedat
446 1052 650 1089 condonatio;
680 1050 761 1080 sicut
789 1056 955 1087 nunquam
984 1047 1031 1076 est

257 1109 423 1146 meritum,
440 1107 501 1137 nisi
524 1105 680 1145 praecedat
699 1104 818 1134 donum
839 1101 1028 1141 gratuitum.

257 1161 345 1194 Unde
365 1160 558 1197 notandum,
575 1158 659 1198 quod
679 1157 712 1187 in
726 1157 851 1196 peccato
867 1154 930 1185 duo
945 1155 1028 1189 sunt,

257 1215 373 1246 scilicet
387 1214 508 1245 offensa
524 1212 589 1250 Dei,
604 1214 634 1242 et
648 1210 743 1241 libido
759 1207 953 1239 deordinata.
969 1205 1030 1237 Sed

257 1269 378 1300 offensa
401 1267 454 1298 Dei
480 1269 527 1298 est
546 1265 687 1301 infinita,
710 1265 741 1294 et
761 1271 819 1303 pro
838 1261 891 1291 illa
910 1269 975 1290 non
997 1259 1032 1289 fit

257 1321 440 1359 satisfactio,
466 1320 520 1351 sed
547 1319 601 1349 Dei
631 1316 847 1348 misericordia
870 1314 957 1344 illam
980 1322 1031 1343 re-

259 1376 370 1414 mittit,
388 1383 479 1406 suam
501 1372 605 1403 dando
629 1370 782 1410 gratiam3
806 1368 903 1399 libido
925 1368 1032 1398 autem

258 1436 408 1467 perversa
422 1425 512 1456 finita
529 1426 584 1455 est.
608 1423 644 1454 Et
658 1422 734 1462 quia
754 1420 835 1451 Deus
846 1421 955 1460 justus
968 1419 1030 1455 est,

258 1490 322 1512 non
338 1481 463 1510 tantum
478 1477 625 1514 remittit,
647 1475 700 1506 sed
716 1484 774 1515 pro
786 1474 839 1504 illa
854 1472 955 1511 exigit
969 1479 1033 1511 poe-

258 1543 332 1564 nam
352 1533 566 1571 condignam:
587 1531 618 1560 et
637 1530 794 1568 quantum
814 1526 853 1557 ad
867 1525 942 1563 hoc,
960 1532 1033 1564 pos-

258 1586 349 1617 sibile
363 1588 409 1617 est
424 1585 487 1616 Deo
501 1583 689 1614 satisfacere.

299 1643 329 1678 1,
346 1642 376 1678 ⁶2,
392 1641 410 1670 3
425 1640 456 1669 et
470 1640 500 1668 4.
517 1637 555 1667 Et
570 1636 613 1666 sie
635 1635 720 1675 patet
735 1631 898 1673 responsio
912 1630 952 1661 ad
969 1629 1032 1660 duo

258 1693 380 1734 prima:
396 1691 435 1722 ad
447 1691 604 1731 primum,
622 1687 705 1728 quod
729 1695 793 1717 non
812 1686 848 1715 fit
866 1682 1033 1714 satisfactio

258 1748 297 1779 de
306 1747 442 1784 offensa;
460 1746 499 1776 ad
511 1743 698 1781 secundum,
713 1741 800 1782 quod
814 1738 958 1770 diabolus
970 1745 1033 1768 non

259 1803 361 1842 potest
388 1800 564 1832 satisfacere
593 1799 721 1837 propter
748 1792 1033 1835 impossibilitatem

258 1853 450 1895 percipiendi
472 1852 621 1891 gratiam,
640 1851 672 1880 in
692 1858 755 1889 qua
775 1847 954 1879 remittatur
975 1843 1034 1875 sibi

259 1907 368 1939 divina
381 1906 513 1937 offensa.
532 1905 622 1935 Patet
636 1903 733 1933 etiam
743 1899 908 1941 responsio
919 1897 959 1929 ad
974 1899 1035 1928 ter-

259 1961 359 1991 tium:
380 1959 463 1990 Deus
482 1958 568 1989 enim
587 1966 644 1997 per
664 1953 916 1987 misericordiam
936 1950 1034 1982 relin-

260 2014 328 2054 quit
345 2012 475 2044 omnino
495 2011 667 2048 offensam,
684 2008 788 2040 dando
801 2006 955 2047 gratiam3
981 2005 1035 2036 sed

261 2065 504 2097 satisfactionem
526 2062 630 2103 exigit
650 2062 688 2093 de
704 2061 770 2101 ipso
792 2060 925 2096 damno,
949 2056 1035 2098 quod

262 2119 370 2150 intulit
388 2118 447 2149 sibi
467 2119 610 2158 peccator
624 2124 680 2155 per
701 2114 827 2154 culpam
853 2114 884 2143 et
903 2111 1034 2143 delecta-

261 2174 382 2204 tionem
412 2170 626 2202 libidinosam.
652 2168 690 2199 Et
710 2167 784 2206 quia
807 2166 910 2197 Adam
928 2163 1035 2194 intulit

262 2227 323 2258 sibi
335 2226 489 2257 damnum
501 2222 624 2260 mortis,
641 2224 672 2252 et
688 2221 745 2252 toti
759 2218 931 2260 posteritati
940 2229 948 2256 3
965 2218 1035 2248 ideo

263 2290 326 2312 non
337 2279 439 2320 potuit
451 2278 540 2318 plene
555 2275 742 2311 satisfacere,
754 2274 814 2304 nisi
831 2273 893 2311 ille⁷
905 2272 960 2312 qui
972 2280 1035 2302 non

263 2336 344 2366 esset
359 2334 469 2364 mortis
483 2330 616 2367 debitor,
634 2330 665 2359 et
685 2328 804 2359 valeret
816 2328 919 2356 totum
932 2333 1036 2364 genus

265 2389 454 2419 humanum.
473 2385 533 2415 Sed
550 2385 691 2424 peccator
709 2380 852 2420 quilibet,
869 2379 947 2409 dum
968 2386 1037 2417 pec-

265 2443 329 2478 cat,
354 2439 449 2470 infert
470 2437 624 2467 damnum
649 2434 684 2463 in
706 2431 858 2470 imaginis
878 2429 1035 2460 deforma-

299 2504 304 2516 ¹
324 2502 364 2532 Cf.
381 2501 452 2525 Alex.
468 2499 564 2526 Alens.,
583 2505 608 2528 p.
629 2496 670 2526 tv,
687 2503 712 2526 q.
733 2499 786 2524 xiv,
801 2492 897 2517 memb.
914 2493 936 2520 3,
951 2493 997 2515 art.
1012 2492 1035 2520 2,

266 2539 281 2569 {j
296 2539 325 2568 '⁴3
339 2539 364 2562 S.
379 2537 480 2565 Thom.‚
496 2542 521 2566 p.
538 2534 579 2563 tlt,
596 2540 621 2563 q.
638 2536 744 2560 Lxxxw,
760 2531 809 2553 art.
822 2530 854 2558 33
872 2530 896 2551 et
912 2528 942 2551 tv
959 2527 1036 2556 Sent.‚

267 2574 323 2598 dist.
347 2578 399 2602 xxv,
419 2579 444 2602 q.
464 2578 486 2601 1,
505 2571 551 2594 art.
573 2570 603 2599 35
622 2570 646 2592 et
669 2567 694 2590 iu
712 2564 801 2596 Suppl.
822 2571 846 2595 p.
870 2564 911 2592 ut,
935 2570 959 2594 q.
982 2568 1035 2591 xrv,

267 2611 313 2632 art.
341 2610 364 2638 ¹3
384 2607 510 2635 tiit-hard„
532 2604 562 2628 tv
586 2604 663 2632 Scyth,
690 2602 747 2625 dist.
771 2606 813 2629 SV,
833 2606 858 2629 q.
882 2604 920 2628 νη
947 2596 1034 2627 steph.

817 119 1123 155 sttN't'tTN'tlAtttjxt
1148 118 1218 148 [th.
1246 118 1293 148 tv.

1080 186 1176 223 tione,
1187 193 1260 225 quae
1275 183 1458 224 reparabilis
1473 184 1530 221 est,
1546 184 1576 214 et
1590 182 1684 214 infert
1696 182 1851 214 damnum

1079 239 1151 276 sibi,
1168 247 1231 269 non
1246 237 1329 268 aliis:
1349 239 1379 267 et
1394 236 1464 266 ideo
1478 244 1542 266 non
1557 236 1604 266 est
1617 235 1730 266 simile.

1119 291 1209 322 Atius
1230 294 1276 321 est
1300 289 1413 320 modus
1434 288 1555 319 dicendi
1575 288 1670 319 etiam
1689 288 1764 318 satis
1782 297 1852 328 pro-

1080 344 1204 382 babilis,
1222 346 1252 374 et
1267 343 1393 373 videtur
1408 341 1618 379 rationabilis,
1635 341 1721 381 quod
1735 341 1793 372 etsi
1808 341 1854 372 di-

1080 397 1155 428 viua
1169 395 1382 426 misericordia
1393 395 1550 434 relinquat
1560 393 1714 424 offensam
1727 393 1853 424 homini

1081 450 1184 481 dando
1196 449 1345 487 gratiam,
1359 457 1423 478 non
1438 450 1545 478 tamen
1560 447 1603 477 ita
1617 447 1747 477 omnino
1762 445 1854 476 relin-

1081 503 1164 542 quit,
1185 502 1262 542 quin
1282 502 1378 532 ctiam
1393 501 1502 540 exigat
1521 500 1559 531 de
1581 500 1702 531 offensa
1716 498 1855 530 satisfac-

1083 556 1199 586 tionem
1213 564 1268 595 per
1281 555 1449 594 jiistitiam.
1468 554 1504 585 Et
1521 554 1597 594 quia
1611 553 1708 584 homo
1723 561 1787 583 non
1801 561 1856 592 po-

1082 609 1139 639 tuit
1158 618 1214 648 pro
1232 611 1317 638 tanta
1334 608 1452 638 offensa
1468 607 1660 645 satisfacere;
1683 606 1754 637 ideo
1773 605 1855 636 Deus

1082 663 1165 693 dedit
1180 662 1207 692 ci
1224 661 1436 699 Mediatorem,
1455 661 1509 700 qui
1524 660 1713 691 satisfaceret
1731 668 1789 699 pro
1804 659 1852 690 of-

1082 717 1178 746 fensa.
1196 716 1282 746 Unde
1297 716 1328 746 in
1345 715 1411 746 sola
1427 715 1486 745 tide
1507 714 1660 754 passionis
1675 713 1788 744 Christi
1803 722 1852 744 re-

1083 769 1218 802 mittitur
1232 769 1336 800 omnis
1349 768 1451 808 eulpa,
1465 770 1495 799 et
1508 768 1576 798 sine
1590 767 1652 798 fide
1667 768 1736 806 ejus
1746 765 1854 798 nullus

1079 823 1283 863 justificatur.
1301 822 1339 853 Et
1357 822 1532 852 secundum
1547 822 1607 852 hoc
1625 820 1748 858 dicunt,
1771 819 1855 859 quod

1083 878 1186 908 omnis
1199 877 1364 907 satisfactio
1381 878 1489 906 nostra
1500 875 1650 906 virtutem
1665 874 1759 905 habet
1775 883 1794 904 a
1808 883 1855 904 sa-

1084 930 1257 960 tisfactione
1267 929 1390 960 Christi.
1408 928 1469 959 Sed
1485 929 1551 968 ipsa
1566 926 1733 958 satisfactio
1743 926 1856 957 Christi

1085 983 1178 1013 hahet
1187 984 1333 1014 effectum
1346 982 1378 1012 ia
1390 982 1543 1012 membris
1552 989 1608 1020 per
1621 982 1856 1011 sacramentum

1085 1036 1231 1076 baptismi
1242 1036 1386 1076 plenum3
1398 1044 1454 1075 per
1464 1037 1698 1065 sacramentum
1705 1033 1860 1074 poeniten-

1086 1090 1136 1121 tia}
1149 1089 1324 1120 secundnm
1334 1091 1471 1128 partem;
1486 1097 1542 1128 per
1551 1088 1646 1118 fidem
1657 1089 1730 1118 ante
1740 1095 1858 1118 novam

1085 1143 1191 1183 legem
1205 1155 1212 1181 ;
1229 1145 1259 1174 et
1273 1143 1366 1173 ctiam
1380 1144 1449 1182 post
1464 1142 1496 1172 in
1511 1141 1561 1172 his
1574 1141 1629 1180 qui
1646 1149 1712 1172 non
1726 1142 1860 1180 possunt

1087 1196 1244 1234 confiteri,
1269 1196 1417 1226 effectum
1442 1194 1538 1226 habet
1560 1194 1663 1224 adhuc
1687 1193 1857 1224 minorem.

1088 1249 1175 1281 Unde
1195 1249 1300 1280 onmis
1321 1247 1490 1279 satisfactio
1507 1255 1572 1277 non
1590 1248 1716 1277 tantum
1735 1246 1774 1278 de
1791 1255 1860 1286 pec-

1088 1306 1156 1334 eato
1171 1302 1265 1343 primi
1281 1301 1438 1342 parentis,
1456 1300 1509 1331 sed
1528 1300 1623 1330 etiam
1637 1299 1676 1330 de
1689 1299 1774 1337 aliis,
1791 1299 1860 1330 fun-

1087 1358 1160 1388 data
1175 1359 1220 1387 est
1235 1364 1331 1396 super
1350 1354 1592 1386 satisfactionem
1607 1352 1797 1384 Mediatoris.

1128 1410 1165 1441 Et
1179 1409 1355 1441 secundum
1367 1408 1449 1439 hanc
1463 1407 1549 1438 viam
1563 1406 1660 1437 facilis
1674 1408 1720 1437 est
1734 1415 1860 1446 respon-

1088 1465 1134 1495 sio
1152 1464 1192 1494 ab
1213 1463 1345 1502 objecta.
1371 1462 1457 1492 Sicut
1480 1461 1565 1492 enim
1583 1460 1703 1491 offensa
1723 1462 1769 1490 est
1786 1459 1860 1490 infi-

1088 1518 1169 1555 nita;
1190 1517 1235 1547 sic
1260 1515 1344 1555 quod
1369 1515 1450 1546 Deus
1473 1514 1601 1554 patitur,
1622 1514 1669 1543 est
1693 1511 1860 1543 satisfactio

1089 1571 1222 1602 infinita.
1240 1569 1390 1600 Similiter
1406 1567 1581 1598 secundum
1596 1568 1691 1606 patet,
1707 1566 1783 1606 quia
1797 1565 1861 1597 dia-

1088 1624 1178 1655 bolus
1192 1632 1257 1653 non
1277 1622 1389 1653 habuit
1406 1621 1627 1656 mediatorem,
1649 1628 1745 1660 super
1764 1627 1860 1659 quem

1089 1680 1195 1718 posset
1209 1676 1334 1707 fundari
1345 1677 1413 1715 ejus
1423 1675 1600 1705 satisfactio.
1614 1673 1766 1704 Similiter
1776 1675 1861 1713 patet

1089 1731 1218 1762 tertium
1238 1731 1276 1760 de
1292 1730 1416 1761 Adam:
1440 1728 1591 1768 quoniam
1612 1727 1692 1757 sicut
1711 1726 1778 1766 ipse
1797 1734 1861 1756 non

1089 1782 1193 1823 potuit
1207 1781 1384 1812 satisfacere
1405 1780 1443 1810 de
1464 1781 1591 1819 peccato
1608 1787 1682 1816 suo,
1702 1777 1747 1808 sic
1767 1785 1861 1808 nemo

1090 1837 1191 1877 potest
1214 1834 1408 1866 sufficienter
1430 1832 1608 1863 satisfacere
1635 1831 1674 1862 de
1701 1838 1777 1868 suo,
1801 1829 1862 1860 nisi

1091 1898 1185 1929 super
1214 1887 1454 1919 satisfactionem
1482 1884 1636 1926 passionis
1666 1883 1779 1914 Christi
1807 1891 1863 1922 per

1090 1942 1185 1974 fidem
1201 1943 1282 1973 esset
1297 1940 1460 1971 fundatus.

1883 300 1959 320 Modu-

1867 331 1950 351 dica-ud·
1962 333 1971 350 2

1361 2054 1538 2093 QUAESTlo
1562 2054 1598 2084 ΙΙ.

1122 2140 1167 2167 An
1181 2140 1215 2166 sit
1230 2139 1353 2174 possibile
1367 2138 1522 2170 satisfacere
1536 2137 1588 2163 Deo
1603 2142 1652 2170 pro
1666 2141 1717 2162 uno
1727 2136 1835 2169 peccato

1400 2183 1457 2208 sine
1472 2182 1528 2208 alio
1540 2182 1559 2207 ¹.

1132 2264 1244 2296 Utrum
1260 2262 1408 2304 possibile
1423 2262 1461 2292 sit
1479 2262 1540 2291 Deo
1555 2259 1731 2291 satisfacere
1745 2258 1784 2289 de
1797 2265 1863 2288 uno
1876 2267 1906 2292 Λα
1929 2272 1980 2294 opp.

1092 2320 1218 2358 peccato
1227 2317 1293 2347 sine
1300 2316 1361 2347 alio
1369 2326 1376 2353 ;
1389 2318 1419 2346 et
1427 2314 1510 2354 quod
1523 2314 1577 2352 sic,
1589 2312 1744 2344 videtur²:
1755 2311 1861 2343 Pietas

1093 2370 1231 2404 valetud
1244 2370 1353 2402 omnia
1365 2369 1402 2408 (a)
1411 2381 1424 2404 ,·
1440 2368 1564 2398 Glossa:
1584 2378 1598 2396 a
1613 2365 1746 2396 Summa
1767 2362 1862 2394 chris-

1092 2425 1186 2456 tianae
1208 2423 1379 2463 discipliuae
1402 2422 1435 2452 in
1462 2421 1575 2460 pietate
1596 2422 1627 2450 et
1650 2415 1863 2449 misericordia

1098 2508 1336 2540 nruler.‚1vsent.,
1358 2507 1414 2531 dist.
1437 2512 1476 2531 xv.
1497 2513 1522 2536 q.
1539 2511 1571 2534 1¹3
1596 2505 1682 2528 Petrus
1699 2501 1729 2525 de
1750 2501 1863 2528 Tar-ant„

1095 2546 1125 2570 IV
1140 2546 1217 2573 San,
1230 2544 1286 2568 dist.
1302 2549 1381 2574 xt',11.
1401 2548 1432 2566 vi.
1449 2554 1479 2560 ·-
1493 2541 1501 2554 ²
1516 2542 1522 2564 Ι
1540 2541 1662 2568 1ἰ“ηι.,1ν,
1677 2538 1699 2562 8.

1127 2595 1160 2625 (a)
1179 2594 1250 2623 Vutg.
1262 2592 1300 2616 Aa
1311 2592 1393 2615 omnia
1409 2590 1481 2614 uta'lts
1495 2592 1539 2613 est.
