2017 2948
86 926 163 953 Opinio
171 928 188 945 2.

101 1933 197 1961 Improb.

201 152 260 181 280

201 218 257 247 aut
270 216 393 248 bonum
404 240 413 255 ‚
429 219 485 248 aut
497 217 618 248 malum
635 228 642 249 :
658 226 723 248 non
736 217 857 248 bonum
869 226 876 246 ι
889 223 969 254 ergo

203 269 324 301 malum
340 278 348 301 τ
364 278 430 301 non
453 270 575 301 malum
594 279 699 311 poenae
718 271 844 300 tantum
861 277 869 298 ε
892 276 971 307 ergo

202 322 305 363 culpae
323 333 330 354 :
349 323 402 354 sed
415 323 509 364 culpa
523 326 569 354 est
580 323 714 364 privatio
726 346 733 359 ‚
750 330 822 362 quae
837 330 903 352 non
918 329 973 351 au-

204 377 314 415 fertur,
336 376 397 408 nisi
419 377 540 417 aliquid
561 377 603 408 ibi
622 379 759 417 ponatur
782 387 790 407 :
811 383 891 414 ergo
915 383 972 404 ne-

203 438 288 460 cesse
301 431 348 461 est
361 429 488 470 [aliquid
503 430 578 470 poni
597 440 604 461 :
621 429 675 460 sed
696 429 775 460 nihil
797 428 925 468 ponitur
940 427 972 457 in

203 483 327 522 anima,
343 483 427 523 quod
446 482 581 523 expellat
599 482 724 522 culpam
738 506 747 520 ,
772 482 832 513 nisi
856 480 970 520 gratia.

204 536 274 567 Alia
286 536 367 567 ratio
383 538 449 574 est,
467 535 543 576 quia
557 535 583 565 si
603 535 746 566 debitum
763 537 892 574 ⁴tautum
909 542 973 564 non

205 590 433 630 imputaretur,
458 590 490 619 et
513 588 618 628 gratia
640 597 704 619 non
723 588 873 624 daretur,
901 595 974 617 cum

206 642 312 674 nullus
335 641 433 682 possit
453 641 561 673 videre
579 641 679 672 Deum
692 666 699 680 ,
728 641 807 682 quin
828 640 976 671 habuerit

207 695 344 734 gratiam
361 705 369 726 ι
385 696 461 725 tunc
473 703 553 734 ergo
564 696 673 735 justus
688 694 727 725 ab
741 694 892 734 originali
907 702 976 734 pcc-

206 750 273 779 cato
289 747 461 778 mundatus
481 756 539 788 per
553 747 826 779 circumcisionem
837 771 844 785 ,
863 747 889 777 si
904 755 975 777 mo-

205 802 317 840 riatur,
334 810 406 832 cum
428 809 493 832 non
507 800 657 832 habuerit
672 800 809 840 gratiam
821 824 830 838 ,
846 809 911 831 non
925 800 974 832 vi-

205 854 290 886 debit
304 854 424 885 Deum:
441 863 519 893 ergo
534 854 678 885 eamdem
694 863 822 894 poenam
835 853 975 892 habebit,

206 918 240 940 ac
257 908 283 938 51
297 907 429 939 haberet
443 907 610 946 originale.
627 906 697 937 Alia
717 906 829 946 positio
843 907 850 924 ¹
873 907 977 947 magis

206 961 289 992 ultra
301 960 462 1001 processit,
471 962 501 991 et
510 960 588 991 dixit
599 960 683 1000 quod
696 960 728 991 in
739 960 978 991 circumcisione

207 1015 340 1046 dabatur
346 1014 461 1053 gratia,
473 1015 503 1044 et
515 1013 679 1044 delebatur
689 1014 799 1053 culpa:
815 1014 867 1043 sed
886 1014 978 1053 culpa

208 1067 370 1099 delebatur
390 1066 422 1098 vi
449 1066 713 1104 circumcisioni53
741 1069 844 1106 gratia
871 1070 978 1098 autem

210 1129 271 1151 uon
288 1120 422 1151 dabatur
436 1119 468 1150 vi
485 1121 572 1159 eJus,
589 1120 642 1150 sed
657 1128 694 1150 ex
710 1119 897 1151 liberalitate
913 1121 977 1159 Dei,

211 1174 284 1214 quia
308 1182 373 1204 non
395 1172 477 1204 delet
498 1172 643 1212 culpam,
669 1172 746 1212 quin
767 1173 893 1204 decoret
910 1174 978 1204 ani-

211 1235 297 1258 mam
313 1228 344 1257 et
357 1227 482 1265 gratam
498 1225 557 1255 sihi
574 1226 678 1264 faciat,
705 1228 852 1266 quamvis
878 1230 981 1267 posset

210 1280 299 1311 aliter
318 1279 437 1317 faeere,
455 1278 531 1319 quia
551 1279 724 1309 secundum
750 1282 898 1310 naturam
914 1290 980 1311 me—

211 1334 300 1365 dium
315 1335 361 1364 est
374 1333 457 1363 inter
479 1332 604 1372 culpam
630 1335 661 1363 et.
681 1333 818 1372 gratiam
831 1357 840 1371 ,
867 1334 984 1365 59111991

211 1388 279 1426 ipsa
301 1386 481 1417 innocentia
492 1409 500 1423 ‚
527 1388 558 1416 et
582 1385 685 1416 delere
699 1386 825 1426 culpam
836 1411 845 1425 ,
864 1387 924 1418 hoc
939 1389 986 1418 est

212 1439 343 1470 reddere
364 1438 578 1470 innocentiam
601 1449 607 1469 :
636 1439 690 1470 sed
715 1439 797 1470 Deus
818 1449 986 1480 nunquam

214 1492 317 1524 reddit
339 1492 552 1523 innocentiam
567 1516 575 1530 ‚
600 1492 679 1531 quin
700 1493 889 1532 superaddat
909 1503 984 1533 gra-

216 1546 305 1576 tiam.
321 1545 360 1576 Et
375 1554 431 1585 per
450 1545 510 1575 hoc
527 1545 718 1584 respondent
744 1546 782 1576 ad
805 1546 926 1585 objecta
949 1547 987 1578 de

217 1598 439 1630 contrarietate
450 1622 457 1635 ‚
475 1597 512 1628 dc
526 1597 638 1628 habitu
649 1622 657 1636 ‚
682 1600 712 1628 et
734 1598 772 1629 de
788 1599 966 1638 privatione
978 1624 986 1639 ,

219 1654 294 1693 quia
309 1651 413 1692 gratia
427 1660 491 1682 non
506 1653 554 1681 est
572 1651 687 1682 directe
702 1653 733 1682 et
750 1652 788 1691 (a)
806 1652 989 1685 immediate

220 1705 348 1737 habitus
357 1705 521 1745 oppositus
532 1704 651 1744 culpae,
668 1705 720 1735 sed
735 1705 924 1736 innocentia.
941 1707 989 1738 Ad

219 1759 302 1790 hanc
314 1758 548 1795 innocentiam,
565 1758 740 1788 secundum
762 1759 847 1798 quod
862 1761 909 1789 est
924 1760 989 1799 pri-

220 1812 306 1843 vatio
318 1812 430 1852 culpae‚
441 1811 606 1842 ordinatur
615 1811 812 1842 circumcisio
822 1812 992 1852 disponens

222 1875 261 1896 ex
284 1867 372 1905 parte
396 1865 614 1904 suscipientis,
637 1865 689 1895 sed
711 1865 815 1904 gratia
840 1874 879 1896 ex
902 1869 991 1906 parte

223 1918 359 1958 agentis.
385 1918 446 1949 Sed
470 1918 538 1949 haec
561 1918 675 1958 positio
699 1927 763 1949 non
785 1921 884 1958 potest
908 1922 992 1950 stare

224 1971 339 2012 duplici
357 1971 478 2002 ratione
495 1981 502 2002 t
519 1971 623 2010 prima
637 1971 767 2011 quidem
780 1996 789 2010 ,
806 1972 883 2012 quia
897 1973 923 2003 si
943 1973 992 2004 in-

223 2024 371 2056 nocentia
384 2026 465 2055 esset
489 2024 629 2055 medium
647 2025 823 2055 secundum
844 2028 992 2057 naturam

224 2078 306 2108 inter
321 2077 447 2117 culpam
464 2078 495 2108 et
518 2077 674 2116 gratiam,
692 2077 780 2117 prius
806 2079 994 2110 naturaliter

224 2130 443 2161 restitueretur
457 2130 647 2168 innocentia,
664 2132 693 2160 et
706 2131 917 2170 expelleretur
930 2132 994 2163 cul-

225 2193 265 2224 pa
271 2207 281 2222 ,
305 2192 402 2224 quam
417 2182 636 2213 infunderetur
651 2183 766 2221 gratia.
784 2184 844 2214 Sed
866 2184 926 2215 hoc
947 2188 994 2216 cst
1025 2177 1029 2181 ⁸

224 2236 389 2267 manifeste
403 2235 518 2267 salsum
531 2260 541 2274 ,
559 2235 635 2276 quia
648 2238 725 2266 tunc
740 2237 843 2275 gratia
857 2247 921 2268 non
936 2238 992 2269 dc—

224 2290 302 2321 leret
315 2289 440 2330 culpam
455 2298 463 2320 :
478 2289 521 2320 sic
536 2289 622 2319 enim
637 2289 725 2329 prius
740 2291 930 2321 naturaliter
945 2291 995 2322 de-

223 2344 342 2374 leretur
357 2342 449 2382 culpa
463 2351 520 2382 per
534 2342 761 2381 innocentiam,
778 2352 876 2383 quam
891 2345 995 2384 gratia

223 2396 454 2428 infunderetur.
477 2394 546 2426 Alia
566 2395 646 2425 ratio
661 2397 726 2434 est,
745 2396 821 2436 quia
840 2396 897 2427 etsi
911 2397 995 2428 Deus

224 2452 327 2490 posset
338 2448 442 2481 delere
456 2447 580 2488 culpam
594 2448 661 2478 sine
674 2449 790 2487 gratia,
808 2458 873 2480 non
890 2454 995 2482 tamen

223 2502 361 2534 decrevit
382 2501 486 2532 delere
509 2501 570 2532 nisi
595 2510 650 2541 per
673 2502 809 2540 gratiam
830 2513 836 2532 :
854 2512 948 2542 ergo,
967 2503 994 2533 si

259 2584 264 2599 ¹
281 2584 306 2606 5.
320 2582 421 2610 Τ110111.,
436 2581 477 2610 111,
493 2588 518 2612 (1.
536 2586 605 2610 mxu
626 2583 672 2604 art.
695 2583 758 2604 1.-
774 2582 784 2597 ²
798 2582 878 2609 Quam
895 2582 994 2606 videtur

223 2620 309 2642 teucro
325 2618 424 2647 scotus,
440 2616 496 2641 dist,
515 2623 532 2646 1,
545 2623 569 2647 (1,
586 2622 620 2639 vi.

759 146 1067 181 SENTENTIARUM
1090 147 1162 179 LlB.
1187 148 1236 179 lv.

1027 214 1080 245 dat
1102 215 1252 247 virtutem
1275 218 1472 247 sacramento
1487 216 1712 247 consonantem
1737 223 1796 246 suo

1027 267 1152 299 decreto
1161 292 1168 306 ‚
1185 277 1249 300 non
1263 269 1317 300 dat
1329 269 1482 300 virtutem
1495 269 1535 300 ad
1549 268 1675 309 culpam
1689 268 1795 299 delen-

1028 320 1121 359 dam,
1145 321 1205 352 nisi
1229 322 1422 362 disponendo
1447 322 1486 353 ad
1506 322 1660 361 gratiam.
1691 320 1796 352 Tertia
1810 332 1915 361 Opinioz.

1028 374 1140 414 positio
1155 376 1216 413 est,
1233 376 1317 415 quod
1333 375 1367 406 in
1381 375 1619 406 circumcisione
1633 374 1796 405 delebatur

1029 426 1141 467 culpa,
1156 429 1187 458 et
1200 429 1422 459 conserebatur
1436 428 1542 468 gratia
1552 452 1560 466 ‚
1576 429 1607 459 et
1622 427 1661 459 ad
1675 429 1798 459 utrum-

1030 489 1091 520 que
1119 481 1326 513 ordinabatur
1359 482 1554 513 circumcisio
1581 491 1589 512 :
1618 481 1672 512 sed
1695 481 1798 520 gratia

1030 534 1185 573 quosdam
1212 535 1342 566 effectus
1361 534 1457 566 habet
1481 534 1671 575 privativos‚
1701 542 1799 574 quos-

1030 586 1104 617 dam
1121 587 1273 627 positivos
1288 598 1295 619 ε
1313 589 1346 618 91
1359 587 1556 619 circumcisio
1579 597 1644 619 non
1669 586 1799 618 ordina-

1031 640 1125 671 batur
1140 641 1244 680 primo
1258 643 1288 672 et
1304 650 1361 681 per
1375 651 1425 679 se,
1453 641 1514 671 nisi
1531 643 1686 681 quantum
1701 640 1741 671 ad
1754 640 1799 671 ef-

1029 694 1130 724 fectus
1142 693 1318 734 privativos
1334 705 1341 725 ε
1356 696 1386 725 et
1397 694 1467 725 ideo
1483 693 1586 725 solum
1601 693 1800 733 significabat

1031 747 1235 778 ablationem.
1252 747 1313 778 Sed
1328 748 1403 787 quia
1421 748 1551 778 effectus
1565 747 1716 787 privativi
1736 755 1801 778 non

1031 801 1107 831 sunt
1121 800 1188 830 sine
1203 801 1365 840 positivis,
1381 810 1420 831 ex
1436 801 1640 840 consequenti
1654 802 1743 832 erant
1757 800 1799 831 ibi

1032 854 1162 885 effectus
1174 853 1301 893 positivi
1314 864 1321 885 ε
1337 856 1367 884 91
1379 854 1454 894 quia
1467 863 1507 885 ex
1520 854 1724 895 consequenti
1735 863 1799 885 non

1032 907 1196 946 oportebat
1211 916 1264 937 eos
1283 907 1474 946 significari,
1491 908 1560 938 ideo
1575 907 1742 938 ablationis
1764 907 1800 947 (b)

1033 960 1081 991 cul
1086 969 1134 1000 pae
1163 960 1359 1000 privativum
1385 961 1532 992 effectum
1546 961 1649 992 solum
1674 961 1801 1001 signifi-

1033 1014 1134 1044 cabat.
1150 1013 1343 1053 Exemplum
1357 1016 1465 1045 autem
1480 1014 1682 1045 manifestum
1701 1016 1748 1046 est
1768 1015 1802 1046 in
1832 1022 1925 1075 luxem-

1817 1060 1831 1082 p
1841 1059 1885 1075 um.

1034 1067 1241 1098 conversione
1254 1068 1344 1107 panis
1359 1068 1391 1098 in
1403 1076 1516 1107 corpus
1531 1067 1662 1106 Christi,
1687 1068 1720 1099 in
1739 1078 1804 1109 quo

1035 1123 1081 1151 est
1096 1122 1324 1160 consequenter
1339 1123 1369 1150 et
1382 1121 1528 1160 sanguis;
1546 1121 1599 1152 sed
1614 1123 1720 1153 tamen
1739 1131 1804 1153 non

1036 1174 1058 1204 si
1064 1174 1234 1213 gnificatur
1247 1174 1303 1204 ibi.
1318 1174 1456 1205 Effectus
1470 1175 1578 1205 autem
1592 1175 1705 1214 gratiae
1717 1175 1801 1215 posi—

1037 1227 1093 1258 tivi
1113 1229 1202 1265 sunt,
1225 1227 1304 1258 sicut
1327 1227 1493 1258 habilitare
1514 1228 1552 1259 ad
1579 1228 1662 1259 bona
1685 1237 1800 1268 opera;
1820 1229 1915 1257 Improb-

1038 1280 1202 1319 privativi,
1221 1280 1303 1310 sicut
1320 1289 1484 1311 removere
1508 1280 1644 1320 culpam.
1662 1280 1723 1312 Sed
1743 1282 1804 1312 ista

1037 1333 1150 1373 positio
1175 1342 1241 1364 non
1269 1335 1371 1373 potest
1397 1336 1480 1364 stare
1501 1334 1617 1373 duplici
1644 1334 1769 1366 ratione
1796 1346 1802 1365 :

1040 1387 1143 1426 prima
1164 1386 1293 1426 quidem
1315 1410 1322 1423 ,
1349 1387 1423 1426 quia
1448 1387 1472 1417 si
1500 1387 1531 1418 vi
1561 1388 1810 1419 circumcisionis

1039 1439 1170 1480 ponitur
1190 1439 1295 1478 gratia
1316 1439 1350 1470 in
1365 1440 1471 1470 anima
1483 1465 1490 1478 ,
1509 1442 1540 1471 et
1555 1441 1717 1480 potentiis,
1733 1441 1810 1482 quia

1040 1493 1121 1524 delet
1135 1493 1262 1532 culpam
1274 1502 1346 1532 quae
1363 1493 1396 1523 in
1410 1493 1460 1524 his
1475 1495 1538 1531 cst,
1555 1503 1628 1524 cum
1644 1494 1719 1534 poni
1735 1503 1808 1534 gra-

1041 1547 1118 1577 tiam
1128 1546 1161 1576 in
1171 1546 1278 1577 anima
1290 1556 1353 1577 non
1363 1546 1404 1576 sit
1416 1546 1500 1577 aliud
1511 1556 1608 1587 quam
1623 1547 1808 1587 gratificari,

1042 1600 1119 1630 etin
1144 1599 1307 1639 potentiis,
1333 1608 1431 1638 quam
1447 1601 1604 1639 potentias
1629 1600 1807 1638 halwilitari,

1043 1662 1123 1692 ergo
1144 1661 1209 1683 non
1230 1655 1416 1691 separantur
1439 1661 1497 1683 nec
1523 1653 1698 1684 secundum
1725 1663 1810 1692 rem,

1044 1715 1102 1736 nec
1113 1705 1287 1736 secundum
1303 1705 1496 1736 intellectum
1509 1716 1514 1735 :
1532 1715 1610 1745 ergo
1621 1706 1812 1746 impossibile

1045 1761 1092 1789 est
1105 1767 1237 1798 ponere,
1253 1758 1305 1789 vel
1326 1758 1505 1797 intelligere
1516 1783 1525 1797 ,
1543 1759 1629 1798 quod
1645 1759 1811 1790 circumci-

1046 1812 1091 1843 sio
1105 1812 1219 1842 haheat
1232 1811 1299 1842 vim
1315 1811 1354 1842 ad
1368 1821 1482 1850 uuum,
1499 1812 1575 1852 quin
1589 1812 1684 1843 etiam
1699 1812 1814 1844 habeat

1046 1865 1086 1895 ad
1107 1864 1280 1904 reliquum.
1307 1864 1377 1895 Alia
1396 1865 1476 1895 ratio
1498 1867 1562 1904 est,
1586 1866 1662 1906 quia
1685 1865 1815 1897 effectus

1047 1918 1173 1958 positivi
1201 1918 1298 1958 aliqui
1327 1918 1502 1949 secundum
1530 1927 1598 1949 rem
1627 1919 1710 1950 idem
1739 1922 1815 1951 sunt

1047 1981 1120 2002 cum
1135 1970 1300 2012 privativis
1311 1995 1318 2008 ‚
1341 1971 1416 2010 quia
1434 1971 1514 2002 sieut
1528 1971 1638 2002 lumen
1652 1972 1815 2004 materiale

1047 2033 1212 2065 nunquam
1240 2024 1321 2055 delet
1349 2025 1494 2055 tenebras
1516 2024 1579 2055 nisi
1606 2024 1815 2057 illuminando

1047 2087 1131 2115 aera,
1148 2077 1191 2108 sic
1203 2087 1260 2108 nec
1274 2077 1383 2108 lumen
1399 2077 1512 2116 gratiae
1525 2077 1669 2108 tenebras
1682 2079 1811 2118 peccati.

1049 2131 1167 2168 Quarta
1181 2130 1293 2170 positio
1307 2131 1317 2146 ²
1331 2130 1408 2168 fuit,
1425 2130 1510 2170 quod
1525 2130 1558 2160 in
1574 2130 1816 2162 circumcisione
1830 2135 1908 2164 Opinio
1915 2137 1934 2156 ⁴-

1048 2184 1182 2215 dabatur
1195 2183 1314 2222 gratia⁷
1333 2182 1387 2213 sed
1403 2184 1509 2213 tamen
1524 2183 1659 2223 parvula
1672 2187 1816 2225 respectu

1049 2238 1117 2277 ejus
1133 2245 1205 2276 (1019
1220 2236 1312 2266 datur
1327 2236 1359 2266 ln
1375 2236 1543 2276 baptismo.
1569 2236 1608 2267 Et
1622 2237 1701 2268 ratio
1719 2237 1818 2278 huJus

1049 2289 1206 2322 videbitur
1222 2289 1254 2319 in
1277 2288 1420 2328 sequenti
1444 2288 1641 2320 distinctione
1654 2314 1662 2328 ,
1685 2299 1759 2322 cum
1780 2291 1818 2322 de

1048 2343 1189 2383 prosectu
1218 2343 1488 2373 sacramentorum
1524 2342 1746 2382 disputabitur.
1781 2343 1818 2375 Et

1049 2396 1123 2436 quia
1140 2396 1244 2435 gratia
1264 2397 1560 2435 quantumcumque
1575 2405 1672 2435 parva
1687 2396 1816 2436 plenum

1049 2448 1195 2479 effectum
1212 2448 1302 2478 habet
1318 2448 1354 2478 ad
1368 2448 1532 2479 delendam
1546 2457 1673 2478 0111119111
1691 2450 1814 2488 culpam

1050 2502 1231 2539 mortalem,
1248 2502 1300 2532 sed
1320 2502 1530 2541 s‹·111iplenum
1548 2501 1587 2531 ad
1602 2501 1812 2532 habilitandas

1048 2555 1203 2596 potentias
1217 2554 1332 2586 auimae
1347 2554 1385 2585 ad
1402 2554 1629 2594 proficiendum
1642 2563 1649 2590 ;
1667 2554 1736 2585 ideo
1751 2554 1811 2584 cir-

1081 2618 1114 2647 (a')
1129 2616 1190 2641 Caet.
1205 2617 1265 2642 edit.
1284 2617 1365 2640 omttl.
1381 2618 1453 2639 et.—
1469 2615 1501 2645 (It)
1519 2614 1586 2639 Edit.
1607 2615 1662 2639 Veri.
1679 2615 1815 2641 ablatione,
