2017 2948
95 414 182 433 undant.

78 1203 111 1224 Ad
130 1211 181 1231 opp.

71 2482 148 2509 Opinio
156 2485 175 2503 ί.

625 118 718 149 mST.
742 119 819 150 XVI.
844 118 958 150 PART.
985 119 1007 150 1.
1030 119 1119 149 ART.
1145 119 1167 149 Ι.
1190 120 1338 156 QUAEST.
1366 122 1401 152 ΙΙ.

463 238 642 277 QUAESTIO
665 238 702 268 ΙΙ.

341 322 387 348 An
402 321 528 348 contritio
543 321 579 346 sit
594 320 666 345 actus
682 320 792 346 virtutis
809 318 826 344 ¹.

240 400 319 437 Quid
349 400 388 430 sit
415 399 561 429 contritio
590 399 622 428 in
653 407 770 437 genere
795 399 907 436 moris3
940 401 970 429 et

199 454 283 493 quod
298 453 337 482 sit
351 453 440 482 actus
461 452 606 488 virtutis,
623 451 758 485 videtur,
777 452 851 490 quia
866 452 969 482 omnis

199 508 288 536 actus
303 505 438 535 difficilis
455 507 483 534 et
499 504 685 534 meritorius
700 507 745 534 est
761 506 848 534 actus
864 505 969 535 virtu-

198 559 250 596 tis,
268 558 317 588 vel
332 557 422 595 doni,
448 557 499 588 vel
514 557 715 587 beatitudinis
733 568 739 587 :
757 557 809 587 sed
825 557 970 587 contritio

198 614 244 641 est
259 610 463 650 hujusmodi,
478 612 509 640 et
524 619 589 640 non
602 613 647 640 est
662 610 751 647 doni,
764 619 822 640 nee
837 610 970 640 beatitu—

198 664 298 695 dinis:
314 674 392 703 ergo
407 667 453 695 θεῖ
469 665 607 694 virtutis.

239 718 317 748 Item
337 719 441 748 omnis
463 720 551 748 actus
572 718 755 748 meritorius
778 717 967 757 spiritualis,

197 770 253 810 qui
278 771 440 810 egreditur
465 780 482 800 a
507 771 647 811 potentia
673 771 897 808 determinata,
924 774 970 801 est

197 823 324 853 virtutis
343 824 517 863 spiritualis
533 833 541 853 :
558 824 610 854 sed
626 824 773 854 contritio
788 826 835 853 est
854 824 968 863 hujus-

198 877 283 907 modi
301 887 308 907 :
325 886 405 915 ergo
421 877 566 907 contritio
582 881 626 907 est
642 877 768 907 virtutis
784 877 966 916 spiritualis.

238 929 328 968 Item,
350 931 535 970 poenitentia
556 932 600 960 est
625 929 714 960 dolor
738 932 767 959 θῖ
791 930 969 959 amaritudo

199 983 337 1013 mentis:
362 983 415 1013 sed
440 985 559 1013 constat
584 983 661 1013 illud
681 991 747 1013 esse
773 982 891 1012 dietum
913 991 969 1021 per

197 1044 337 1072 causam,
350 1036 424 1075 quia
434 1036 629 1075 poenitentia,
640 1038 675 1065 ut
684 1035 758 1065 dicit
771 1035 966 1072 Ambrosius,

197 1088 269 1119 facit
277 1088 417 1118 dolorem
433 1099 439 1118 :
450 1097 528 1127 ergo
537 1088 562 1118 si
572 1088 720 1118 contritio
734 1090 780 1117 est
789 1087 888 1124 dolor,
898 1097 969 1118 con-

198 1141 280 1171 tritio
289 1143 334 1171 est
342 1143 429 1171 actus
439 1141 566 1170 virtutis
574 1141 769 1180 poenitentiae
785 1150 891 1180 :ergo,
907 1144 966 1171 ete.

237 1193 297 1224 Sed
308 1196 416 1224 contra
429 1202 435 1222 :
450 1197 478 1224 1.
490 1194 641 1224 Contritio
651 1197 697 1224 est
707 1194 809 1224 dolor:
820 1194 872 1224 sed
880 1194 968 1224 dolor

197 1249 243 1276 est
264 1247 367 1285 passio
384 1258 390 1277 ς
408 1249 438 1277 θῖ
453 1247 557 1286 passio
573 1256 637 1277 non
652 1249 697 1277 est
720 1249 807 1276 aetus
823 1246 966 1283 virtutis,

197 1308 255 1329 nec
270 1299 382 1338 gratiae
399 1308 406 1329 :
425 1308 505 1338 ergo
520 1308 578 1329 nec
594 1299 739 1329 contritio
757 1309 764 1329 ε
781 1300 864 1339 quod
879 1300 968 1330 dolor

196 1352 237 1382 sit
251 1352 364 1392 passio,
382 1354 476 1392 patet,
493 1353 567 1391 quia
582 1352 671 1383 dolor
685 1353 856 1392 opponitur
880 1353 967 1384 dele—

195 1405 334 1435 ctationi.

234 1461 264 1489 ⁶2.
288 1458 380 1497 Item,
407 1458 553 1489 contritio
574 1461 620 1488 est
642 1458 807 1498 expulsiva
822 1459 939 1498 peccati
957 1470 964 1490 :

194 1511 248 1542 sed
265 1514 427 1551 peccatum
443 1511 623 1552 expellere,
647 1514 693 1542 est
711 1512 812 1551 ipsius
827 1513 940 1551 gratiae
957 1524 963 1542 ε

195 1574 272 1604 ergo
287 1565 433 1595 contritio
456 1567 502 1595 est
527 1565 639 1604 gratiae
654 1567 754 1595 actus.
771 1564 803 1595 Si
824 1567 860 1595 tu
882 1565 966 1595 dieas

193 1618 253 1649 hoc
265 1627 333 1649 esse
346 1618 487 1655 virtutis;
504 1619 614 1648 contra
634 1629 640 1646 :
657 1620 711 1647 aut
726 1618 785 1647 hoc
799 1620 846 1648 θεῖ
861 1619 963 1649 virtu-

192 1671 232 1701 tis
254 1680 310 1710 per
331 1671 486 1710 gratiam,
515 1673 570 1701 aut
593 1680 610 1701 θ
635 1679 787 1701 converso
811 1681 817 1700 :
845 1674 966 1702 constat

192 1723 276 1764 quod
291 1724 433 1761 virtutis,
452 1724 573 1753 ratione
590 1723 702 1762 gratiae
716 1746 723 1759 ‚
739 1732 811 1762 quae
826 1726 872 1753 est
887 1724 963 1761 vita,

192 1780 223 1808 et
235 1777 305 1808 ideo
321 1777 450 1817 expellit
463 1779 598 1807 mortem
612 1787 617 1807 :
636 1785 709 1806 eum
726 1785 804 1814 ergo
819 1777 964 1807 contritio

192 1837 248 1868 per
263 1838 296 1858 se
311 1828 351 1858 sit
365 1827 531 1867 expulsiva
547 1828 676 1866 peceati,
693 1829 777 1867 patet
789 1827 873 1867 quod
887 1836 964 1858 eon-

191 1881 276 1912 tritio
290 1883 336 1912 est
349 1883 437 1911 actus
452 1880 577 1920 gratiae.

231 1937 261 1965 3.
279 1934 371 1972 Item,
388 1934 575 1964 contrItione
591 1933 700 1964 omnia
713 1936 839 1973 peecata
851 1934 962 1973 expel-

189 1988 300 2018 luntur
314 1998 321 2018 ι
337 1988 390 2018 εθ(1
405 1996 499 2017 omne
514 1987 574 2017 tale
589 1989 635 2017 est
654 1996 822 2017 commune
837 1987 877 2017 ad
892 1996 963 2017 om-

190 2050 263 2071 nem
288 2041 403 2071 animae
428 2040 600 2080 potentiam
628 2042 659 2070 et
680 2040 826 2070 habitum
851 2052 856 2070 :
883 2049 962 2080 ergo

190 2093 335 2124 contritio
352 2102 417 2124 non
438 2095 484 2124 est
502 2095 590 2123 actus
606 2092 748 2130 virtutis;
767 2095 836 2131 aut,
854 2094 879 2124 si
895 2096 960 2132 est,

190 2155 256 2178 non
269 2149 316 2178 θεῖ
331 2148 419 2178 actus
434 2146 560 2177 virtutis
574 2145 728 2185 specialis.

461 2251 688 2284 CONCLUSIO.

209 2333 343 2360 Contrieio
358 2335 395 2360 est
403 2334 528 2368 specialis
542 2335 627 2360 motus
640 2334 750 2359 virtutis
764 2335 942 2367 paem'tentz‘ae.

231 2413 322 2454 Resp.
348 2414 386 2444 ad
404 2422 473 2453 arg.
499 2413 671 2444 Dicendum
688 2413 772 2453 quod
794 2413 875 2444 circa
902 2414 961 2445 hoe

191 2466 306 2507 triplex
320 2467 378 2497 fuit
392 2466 498 2506 opinio
514 2475 521 2497 ε
535 2466 694 2506 quaedam,
712 2466 797 2505 quod
813 2468 961 2498 contritio

224 2548 284 2577 ¹Cf.
301 2547 371 2572 Alex.
389 2547 482 2577 Mens„
498 2554 524 2578 p.
542 2547 582 2575 lv,
599 2553 623 2577 q.
642 2552 707 2575 xvii,
724 2546 818 2570 memb.
837 2550 858 2578 1,
875 2550 920 2572 art.
940 2551 960 2578 1,

192 2582 207 2612 ἓ
224 2585 254 2612 2;
278 2583 303 2606 S.
323 2582 428 2611 Thera„
452 2583 477 2606 in
500 2581 586 2613 Suppl.
614 2589 638 2611 p.
660 2581 706 2611 lli,
729 2587 755 2611 q.
778 2587 799 2611 1,
817 2584 864 2606 art.
886 2585 915 2613 2;
936 2586 961 2607 et

1741 126 1796 155 631

1026 188 1071 216 est
1093 187 1199 216 motus
1222 186 1314 216 liberi
1341 188 1464 218 arbitrii
1487 189 1648 220 informati
1672 189 1796 229 gratia,

1027 248 1091 269 non
1107 240 1234 277 virtute,
1255 242 1380 279 propter
1392 241 1476 280 quod
1491 244 1538 271 est
1551 242 1717 281 expulsiva
1728 252 1798 282 pee-

1027 292 1101 329 cati3
1114 292 1185 328 alia,
1195 292 1279 331 quod
1289 295 1335 322 est
1345 296 1451 324 motus
1466 295 1610 326 omnium
1622 296 1794 335 virtutum,
1812 298 1916 325 Opinio&

1026 345 1102 383 quia
1117 347 1226 375 contra
1240 346 1348 376 omnia
1363 349 1503 385 peecata3
1521 349 1615 378 tertia
1627 372 1634 386 ,
1653 350 1737 388 quod
1752 351 1798 380 est
1811 353 1876 381 Opin-
1896 355 1918 376 ⁸·

1026 399 1133 427 motus
1144 398 1271 428 virtutis
1287 399 1440 438 specialis,
1458 399 1573 429 seilicet
1588 401 1794 439 poenitentiae.

1027 450 1064 479 Et
1079 450 1195 480 habent
1210 451 1276 481 istae
1292 454 1355 481 tres
1373 452 1535 490 opiniones
1553 455 1659 483 ortum
1674 454 1713 483 ab
1728 454 1796 494 opi-

1027 503 1174 532 nionibus
1195 504 1233 534 de
1249 504 1432 542 poenitentia
1449 514 1455 534 z
1473 506 1547 544 quia
1566 505 1695 545 quidam
1711 507 1793 538 diee-

1027 555 1101 585 bant
1116 557 1200 594 quod
1216 557 1399 595 prenitentia
1414 560 1494 588 esset
1510 559 1632 597 gratia;
1649 559 1796 598 quidam,

1026 608 1110 647 quod
1134 609 1236 639 virtus
1261 611 1434 648 generalis;
1458 611 1604 650 quidam,
1626 612 1711 651 quod
1726 621 1796 652 spe-

1026 661 1123 691 cialis.
1149 662 1210 692 Sed
1235 671 1308 693 cum
1335 665 1626 703 supra‘ostensum
1643 666 1682 696 sit
1696 666 1796 705 ipsam

1026 723 1092 744 esse
1116 715 1267 746 virtutem
1295 717 1478 756 specialem,
1506 719 1598 757 quus
1623 721 1728 749 motus
1752 721 1799 751 est

1026 771 1152 807 peccatu
1160 778 1189 798 m
1201 769 1345 799 detestari
1354 771 1559 802 commissum
1567 772 1606 802 ad
1616 773 1795 811 emendam,

1025 824 1056 850 et
1070 820 1137 851 haec
1162 824 1207 852 est
1226 823 1333 861 arbom
1355 823 1524 855 dicendum
1548 826 1633 864 quod
1652 826 1797 858 contritio

1025 876 1071 904 θεῖ
1096 877 1200 905 motus
1222 876 1366 915 specialis
1392 877 1534 915 virtutis,
1554 878 1671 909 scilieet
1696 880 1796 919 poeni-

1026 927 1146 957 tentiae.

1066 983 1094 1010 1.
1107 980 1154 1010 Ad
1166 980 1243 1011 illud
1254 982 1338 1021 quod
1353 983 1511 1021 objicitur,
1527 985 1611 1023 quod
1626 987 1671 1015 est
1683 986 1796 1024 passio,

1024 1033 1193 1063 dicendum
1222 1034 1307 1074 qnod
1335 1035 1423 1066 dolor
1453 1037 1567 1067 dieitur
1596 1037 1764 1077 dupliciter
1786 1047 1794 1068 z

1024 1094 1089 1115 uno
1111 1087 1221 1124 modo,
1239 1087 1398 1119 dissensus
1422 1089 1593 1120 voluntatis
1614 1091 1794 1129 rationalis;

1024 1138 1084 1169 alio
1101 1139 1208 1177 modo,
1228 1141 1330 1179 passio
1346 1141 1525 1172 redundans
1540 1143 1571 1173 in
1588 1144 1794 1181 sentientem,

1024 1192 1074 1223 vel
1098 1194 1344 1225 sensualitatem.
1370 1195 1476 1226 Primo
1500 1197 1593 1228 modo
1620 1200 1666 1228 est
1691 1200 1796 1229 motus

1023 1245 1211 1283 voluntatis,
1229 1248 1258 1276 et
1277 1247 1321 1277 sic
1343 1248 1488 1278 contritio
1503 1251 1548 1279 est
1571 1249 1659 1280 dolor
1672 1259 1728 1289 per
1743 1259 1795 1281 es-

1023 1298 1172 1335 sentiam;
1190 1299 1251 1330 alio
1275 1301 1367 1331 modo
1382 1303 1428 1331 est
1443 1303 1556 1341 passio,
1572 1304 1602 1332 et
1617 1302 1659 1333 sic
1675 1304 1794 1334 contri-

1022 1350 1065 1380 tio
1081 1354 1128 1381 est
1143 1352 1231 1382 dolor
1247 1362 1302 1391 per
1319 1355 1606 1386 concomitantiam.

1063 1406 1091 1433 2.
1116 1404 1164 1435 Ad
1192 1405 1269 1435 illud
1292 1407 1374 1445 quod
1397 1407 1554 1446 objicitur,
1579 1408 1663 1447 quod
1692 1408 1795 1440 delere

1021 1457 1147 1497 eulpam
1162 1461 1209 1489 θεῖ
1224 1460 1353 1498 gratiae,
1371 1460 1539 1491 dicendum
1555 1461 1642 1501 quod
1662 1462 1719 1492 etsi
1736 1462 1795 1493 de-

1021 1510 1085 1541 lere
1100 1512 1225 1551 culpam
1242 1513 1281 1543 sit
1297 1514 1425 1552 gratiae,
1442 1516 1548 1543 tamen
1564 1514 1596 1543 in
1610 1514 1719 1544 adulto
1739 1514 1794 1553 qui

1022 1567 1179 1603 praeparat
1193 1574 1225 1595 se
1240 1575 1296 1604 per
1308 1575 1405 1596 usum
1419 1566 1510 1597 liberi
1526 1567 1665 1604 arbitrii,
1682 1567 1791 1597 infun-

1020 1617 1106 1647 ditur
1123 1619 1242 1657 gratia,
1267 1621 1302 1649 ut
1327 1619 1360 1649 in
1382 1620 1433 1649 tali
1457 1629 1518 1650 usu
1541 1622 1609 1650 est:
1628 1622 1658 1650 et
1679 1620 1791 1651 deletio

1019 1671 1120 1710 culpae
1136 1671 1167 1701 in
1181 1671 1234 1701 illo
1250 1672 1284 1702 fit
1299 1681 1354 1711 per
1368 1673 1516 1711 gratiam,
1532 1675 1567 1703 ut
1583 1673 1685 1703 induit
1699 1674 1792 1705 ratio-

1019 1732 1093 1753 nem
1109 1724 1248 1762 virtutis;
1267 1727 1297 1755 et
1312 1726 1381 1756 ideo
1394 1735 1450 1765 per
1466 1726 1700 1765 poenitentiam,
1717 1734 1790 1766 quae

1019 1778 1179 1807 concernit
1195 1778 1334 1816 gratiam
1349 1780 1379 1808 et
1393 1778 1539 1808 habitum
1555 1779 1692 1809 virtutis.

1059 1832 1088 1860 3.
1113 1830 1160 1860 Ad
1183 1831 1260 1860 illud
1283 1831 1367 1870 quod
1391 1831 1549 1870 objicitur,
1574 1831 1658 1871 quod
1683 1832 1790 1863 omnia

1018 1883 1156 1922 expellit,
1172 1883 1340 1914 dicendum
1349 1884 1432 1923 quod
1447 1884 1574 1923 expellit
1590 1893 1644 1924 per
1657 1884 1789 1915 modum

1018 1933 1213 1971 detestantis;
1230 1937 1260 1964 et
1275 1934 1370 1965 unius
1385 1935 1511 1965 virtutis
1534 1937 1580 1965 est
1603 1944 1698 1966 omne
1720 1944 1789 1966 ma-

1018 1987 1084 2017 lum
1109 1988 1254 2018 detestari
1276 1988 1334 2018 sub
1358 1997 1395 2018 ea
1418 1988 1557 2026 ratione,
1581 1998 1644 2028 qua
1668 1990 1713 2019 est
1735 1989 1789 2020 Dei

1017 2041 1224 2079 ostensivum,
1249 2043 1279 2071 et
1296 2041 1371 2080 quia
1393 2041 1598 2072 commissum
1617 2044 1663 2072 est
1679 2044 1788 2072 contra

1017 2093 1116 2124 Deum
1133 2105 1139 2124 :
1156 2096 1186 2124 et
1201 2094 1245 2124 sie
1260 2094 1407 2124 contritio
1418 2094 1589 2125 detestatur
1603 2097 1633 2125 et
1647 2094 1786 2134 expellit,

1016 2149 1046 2178 et
1058 2149 1104 2177 est
1117 2147 1218 2177 virtus
1232 2147 1434 2186 pcenitentiae.
1449 2147 1535 2178 Unde
1548 2148 1628 2178 siout
1641 2147 1788 2178 obedien-

1017 2200 1061 2230 tia
1074 2209 1169 2240 opera
1182 2200 1328 2230 omnium
1343 2200 1500 2231 virtutum
1518 2200 1643 2240 respicit
1657 2200 1716 2230 suh
1731 2208 1787 2230 ra-

1017 2255 1101 2284 tione
1125 2254 1281 2291 mandati,
1306 2262 1362 2284 neo
1386 2256 1514 2293 propter
1536 2254 1596 2283 hoc
1617 2255 1663 2283 est
1683 2252 1787 2284 virtus

1016 2306 1172 2345 generalis
1186 2330 1194 2344 ,
1217 2307 1291 2346 quia
1312 2307 1384 2337 licet
1408 2307 1466 2337 ista
1487 2306 1633 2337 differant
1653 2315 1708 2345 per
1733 2314 1785 2336 es-

1016 2360 1169 2397 sentiam,
1194 2362 1299 2390 tamen
1319 2360 1398 2390 ratio
1422 2360 1561 2390 formalis
1586 2361 1632 2389 est
1651 2367 1715 2388 una
1742 2367 1786 2388 se-

1016 2413 1156 2444 cuudum
1171 2413 1322 2452 speciem3
1340 2413 1384 2442 sie
1399 2415 1429 2443 et
1444 2412 1477 2442 in
1495 2411 1666 2452 proposito.
1682 2410 1720 2441 Et
1734 2412 1784 2442 est
1802 2424 1901 2453 Exempi.

1018 2513 1046 2535 ΙΥ
1065 2513 1142 2538 Sent.‚
1159 2511 1214 2535 dist..
1233 2517 1288 2540 xvi,
1307 2517 1331 2541 q.
1352 2516 1368 2540 ι,
1383 2512 1430 2533 art.
1450 2512 1473 2539 Ι,
1489 2516 1514 2539 q.
1532 2515 1554 2539 i;
1574 2508 1660 2538 steph.
1682 2508 1784 2539 ssrnlesv,

1018 2548 1046 2570 lv
1064 2547 1141 2574 Sena,
1160 2547 1216 2570 dist.
1232 2552 1287 2576 xvi,
1302 2554 1327 2577 (1.
1344 2552 1378 2575 iij,
1394 2546 1461 2569 Petr.
1477 2545 1507 2567 ile
1525 2544 1636 2574 Terent„
1655 2543 1685 2567 lV
1705 2545 1784 2573 Sem..

1015 2582 1152 2612 dist.xv11,
1168 2589 1192 2612 q.
1211 2587 1248 2606 111.
1267 2594 1290 2598 -
1307 2581 1316 2596 ²
1330 2581 1455 2610 Dist.x1v,
1472 2586 1497 2610 p,
1513 2585 1534 2610 1,
1546 2580 1629 2609 art.1‚
1645 2584 1670 2610 q.
1686 2583 1704 2603 1.
