2017 2948
783 221 968 253 DISTINCT.
992 220 1110 252 XXXII.

1723 223 1761 250 29

217 291 264 325 De
278 290 423 336 reprobis
437 301 527 331 vero,
543 290 601 334 qui
616 289 787 334 praeparati
802 299 867 321 non
883 288 1008 321 suntad
1025 288 1140 329 vitam,
1151 288 1205 321 sed
1215 288 1255 322 ad
1272 288 1456 328 mortem,si
1467 291 1634 331 quaeratur
1643 290 1755 320 utrum
1786 295 1829 314 Deo
1849 300 1889 313 uno

174 349 288 382 debeat
301 347 429 381 concedi
444 348 531 392 quod
548 348 633 380 Deus
647 347 687 380 ab
703 351 821 380 aeterno
832 346 945 378 dilexit
960 356 1012 378 eos
1025 372 1032 386 ‚
1047 345 1187 378 dicimus
1204 345 1243 378 de
1267 345 1375 378 electis
1395 345 1471 377 solis
1488 345 1677 388 simpliciter
1698 344 1758 377 hoc

174 418 240 439 esse
255 404 509 446 concedendum,
524 405 612 449 quod
629 404 715 437 Deus
730 405 770 437 ab
785 408 905 437 aeterno
921 415 974 436 eos
988 403 1114 444 dilexit,
1131 415 1212 448 quos
1226 403 1266 436 ad
1280 403 1440 447 justitiam
1456 406 1486 434 et
1501 414 1652 435 coronam
1674 413 1757 447 pree-

177 464 312 508 paravit.
331 462 376 495 De
390 473 456 495 non
472 462 580 495 electis
596 473 672 494 vero
688 461 877 505 simpliciter
890 465 936 493 est
960 461 1202 493 concedendum
1227 461 1314 505 qnod
1332 461 1405 493 odio
1428 460 1555 500 habuit,
1576 460 1607 491 id
1630 463 1686 498 est,
1711 471 1760 492 re-

174 519 332 565 probavit,
349 520 431 552 sicut
444 517 582 562 legitur¹
602 531 608 550 :
625 519 725 552 Jacob
740 519 851 558 dilexi,
869 519 962 551 Esau
987 517 1062 550 odio
1083 518 1194 551 habui.
1213 518 1276 550 Sed
1292 529 1357 550 non
1373 521 1419 550 est
1437 517 1626 561 simpliciter
1651 517 1759 548 dicen-

175 577 254 610 dum
269 577 357 621 quod
372 576 534 616 dilexerit,
553 588 593 609 ne
607 576 825 620 praedestinati
840 575 1068 618 intelligantur
1082 589 1089 617 ;
1117 575 1171 608 sed
1185 587 1261 608 cum
1275 575 1453 619 adjectione
1476 574 1682 615 concedatur,
1709 573 1757 606 di-

174 634 253 667 lexit
266 645 320 667 eos
333 634 367 666 in
382 638 543 678 quantum
558 645 639 678 opus
654 633 723 678 ejus
737 633 842 666 futuri
858 637 962 674 erant,
980 633 1012 666 id
1025 637 1083 675 est,
1101 644 1182 677 quos
1197 638 1228 666 et
1242 633 1355 677 quales
1372 632 1518 665 facturus
1532 642 1586 664 eos
1601 634 1679 664 erat.

366 758 568 790 EXPOSlTIO
590 757 752 789 TEXTUS.

208 838 349 862 Praemissis
364 838 535 868 adjiciendum
547 841 585 862 est
597 839 628 862 de
643 838 777 861 dilectione
791 837 852 866 Dei,
865 839 913 861 etc.

218 916 320 956 Supra
333 916 401 955 egit
411 914 562 955 Magister
573 916 611 947 de
623 915 775 946 charitate
788 916 945 955 quantum

178 970 217 1000 ad
231 969 503 1006 diffinitionem,et
515 970 672 1008 quantum
684 968 723 999 ad
740 967 945 1007 diligibilium

179 1023 420 1060 distinctionem,
431 1025 462 1053 et
478 1024 635 1062 quantum
648 1022 687 1052 ad
700 1021 853 1060 diligendi
867 1021 948 1052 ordi-

179 1085 265 1114 nem,
279 1078 310 1107 et
324 1078 480 1116 quantum
494 1075 533 1106 ad
546 1075 651 1106 meriti
666 1074 902 1114 perfectionem,
918 1076 949 1105 et

179 1129 274 1160 etiam
289 1131 445 1169 quantum
460 1128 500 1159 ad
509 1128 726 1165 durationem;
743 1127 776 1157 in
790 1127 849 1158 hac
860 1129 950 1167 parte

179 1182 248 1222 agit
268 1182 307 1213 de
325 1181 435 1213 eadem
451 1190 508 1222 per
524 1181 793 1221 comparationem
808 1180 847 1211 ad
864 1181 949 1211 divi-

179 1244 255 1266 nam
275 1234 487 1266 dilectionem.
505 1234 663 1265 Dividitur
676 1236 783 1265 autem
801 1233 863 1264 ista
877 1242 950 1273 pars

179 1288 214 1319 in
231 1289 296 1319 tres
308 1289 422 1328 partes,
438 1287 473 1318 in
485 1296 624 1327 quarum
641 1287 743 1327 prima
761 1286 951 1317 determinat

180 1341 218 1372 de
242 1340 311 1381 ipsa
331 1340 385 1371 Dei
399 1340 576 1378 dilectione,
592 1339 668 1379 quid
684 1339 723 1369 sit
743 1339 812 1378 ipsa
830 1338 885 1369 Dei
907 1338 951 1369 di-

180 1394 289 1431 lectio;
303 1394 336 1424 in
346 1393 484 1424 secunda
497 1402 574 1423 vero
586 1392 775 1423 determinat
786 1400 868 1431 quos
881 1391 952 1422 dili-

180 1447 238 1486 git,
253 1446 299 1476 ibi
316 1457 324 1477 ;
341 1446 418 1477 Cum
433 1449 539 1478 autem
557 1445 686 1477 dilectio
700 1445 760 1476 Dei
775 1446 820 1477 sit
834 1445 950 1476 immic-

181 1498 288 1531 tabilis
307 1502 337 1531 et
358 1502 498 1538 aetermz,·
511 1498 545 1528 in
566 1498 658 1528 tertia
674 1506 748 1528 vero
764 1497 952 1528 determinat

180 1560 259 1592 quos
281 1561 347 1583 non
368 1551 483 1591 diligit,
499 1551 620 1583 ibitDe
635 1551 776 1590 reprobis
790 1557 872 1588 vero,
892 1551 951 1589 qui

179 1606 356 1644 proeparaci
386 1613 450 1637 non
478 1608 553 1636 szmt
580 1603 623 1635 ad
651 1605 751 1636 vitam
784 1607 948 1636 (eternam.

182 1657 288 1688 Prima
301 1659 331 1688 et
346 1657 458 1687 ultima
474 1659 562 1697 parte
580 1657 816 1688 remanentibus
832 1655 949 1687 indivi-

182 1708 234 1746 sis,
259 1708 362 1739 media
384 1717 457 1748 pars
477 1708 628 1739 dividitur
643 1708 675 1738 in
695 1710 758 1737 tres
778 1709 893 1747 partes,
917 1707 951 1737 in

181 1770 319 1801 quarum
350 1762 454 1800 prima
486 1761 633 1800 proponit
668 1760 832 1799 Magister,
867 1759 952 1800 quod

181 1814 264 1846 Deus
274 1823 339 1844 non
349 1814 458 1845 omnia
466 1813 631 1853 aequaliter
639 1813 690 1843 dili
695 1814 757 1852 git;
772 1813 804 1843 iu
815 1813 954 1843 secunda

181 1877 258 1899 vero
277 1868 410 1899 ostendit
426 1876 482 1907 pro
499 1869 619 1907 quanto
629 1866 752 1897 dicatur
769 1875 869 1896 unum
887 1866 953 1896 dili-

184 1930 260 1960 gere
283 1921 398 1959 inagis,
422 1929 520 1960 quam
540 1920 688 1957 alterum,
710 1920 773 1949 ibi:
793 1919 869 1950 Cum
893 1927 953 1950 au-

184 1976 242 2004 tem
268 1973 395 2004 dilectio
421 1974 480 2004 Dei
504 1974 548 2004 sit
572 1972 794 2010 immutabilis,
820 1974 891 2009 etc.;
922 1972 953 2001 in

182 2026 275 2057 tertia
293 2035 369 2056 vero
391 2025 578 2056 determinat
590 2034 687 2064 quare
701 2033 802 2055 unum
815 2026 846 2055 et
864 2033 955 2054 eum-

183 2079 255 2110 dem
266 2078 427 2109 hominem
435 2078 608 2109 secundum
618 2078 743 2108 diversa
753 2080 895 2117 tempora
904 2077 955 2108 di-

183 2132 264 2162 citur
273 2131 405 2171 diligere
419 2131 488 2171 plus
496 2133 526 2161 et
538 2131 655 2167 minus,
671 2130 713 2160 ibi
727 2139 733 2160 :
753 2131 955 2170 Sc'veroquoe-

183 2188 275 2216 ratur
294 2184 332 2216 dc
352 2185 459 2224 aliquo
474 2191 549 2222 uno,
572 2185 630 2214 etc.
649 2183 888 2214 Subdivisiones
903 2193 957 2214 au-

184 2240 248 2268 tem
269 2238 407 2277 partium
424 2237 499 2267 satis
514 2236 687 2267 manifestae
701 2238 775 2267 sunt
789 2236 822 2267 in
840 2236 954 2267 littera.

224 2290 392 2321 Dubitatur
412 2290 465 2320 hic
486 2290 524 2320 de
544 2289 607 2320 situ
627 2289 726 2328 hujus
745 2289 854 2328 partis.
878 2289 956 2320 Cum

185 2343 271 2374 enim
286 2352 380 2382 agere
397 2343 435 2374 de
451 2343 616 2374 dilectione
629 2343 683 2373 Dei
703 2345 820 2382 spectet
836 2343 874 2373 ad
890 2343 956 2382 pri-

186 2407 278 2428 mum
307 2397 436 2435 librum,
462 2397 588 2429 videtur
613 2397 698 2438 quod
721 2399 873 2427 tractatus
900 2397 957 2428 iste

186 2451 267 2481 male
282 2451 315 2481 in
329 2450 388 2480 hoc
402 2451 493 2481 tertio
507 2450 653 2481 situetur.
666 2450 754 2487 Quod
770 2450 795 2480 si
812 2453 847 2480 tu
860 2450 955 2489 dicas,

185 2503 270 2543 quod
288 2503 350 2534 hoc
368 2502 473 2542 magis
487 2503 569 2541 facit,
585 2504 661 2543 quia
676 2503 785 2534 eadem
804 2506 850 2534 est
867 2504 958 2534 dilec-

186 2556 230 2587 tio
254 2565 318 2596 qua
337 2565 394 2587 nos
411 2556 578 2595 diligimus
590 2556 702 2595 Deum,
722 2560 752 2587 et
766 2566 830 2596 qua
851 2557 957 2597 diligit

189 2619 256 2647 nos,
274 2613 351 2640 tunc
368 2609 516 2649 objicitur
528 2610 615 2648 quod
628 2612 694 2641 tota
710 2610 769 2641 ista
783 2619 866 2650 pars,
883 2619 957 2650 quae

221 2673 229 2688 ¹
244 2671 360 2701 Malach„
377 2678 395 2702 1,
410 2674 439 2702 2;
455 2673 578 2702 1tom.,ix,
596 2673 630 2695 ¹3.
646 2684 675 2688 ——
689 2673 699 2687 ²
717 2671 813 2696 Ὀυσίκ,

1003 759 1049 788 est
1055 757 1093 787 de
1099 757 1259 795 charitate,
1267 757 1349 787 male
1356 756 1407 786 hic
1415 756 1561 786 situetur.
1569 755 1601 786 Si
1609 756 1695 786 enim
1702 756 1775 786 cha-

1003 810 1079 840 ritas
1093 819 1157 840 non
1173 812 1219 840 est
1237 809 1363 840 habitus
1379 809 1517 846 virtutis,
1537 809 1591 839 sed
1606 809 1710 848 potius
1722 809 1775 840 do-

1004 872 1080 892 num
1096 863 1272 893 increatum
1281 863 1332 901 (a),
1340 862 1422 902 quod
1433 864 1479 892 est
1489 862 1625 901 Spiritus
1634 863 1773 899 sanctus,

1004 915 1129 946 videtur
1153 915 1236 954 quod
1257 915 1294 944 de
1316 915 1383 954 ipsa
1405 924 1469 944 non
1491 914 1603 945 debeat
1628 915 1776 945 determi-

1004 969 1075 999 nari
1097 968 1180 998 inter
1201 968 1278 998 alias
1300 967 1443 997 virtutes.
1463 967 1644 1006 Respondeo
1665 966 1775 997 dicen-

1005 1023 1095 1060 dum,
1108 1022 1193 1062 quod
1201 1022 1278 1053 ordo
1291 1021 1468 1052 situationis
1483 1021 1571 1052 istius
1587 1022 1716 1061 capituli
1729 1024 1777 1052 at-

1006 1076 1147 1106 tenditur
1164 1075 1339 1105 secundum
1354 1074 1537 1113 opinionem
1548 1074 1702 1113 Magistri,
1715 1084 1779 1114 qua

1009 1128 1124 1169 posuit,
1140 1128 1220 1158 sicut
1231 1128 1264 1158 in
1279 1128 1379 1158 littera
1390 1126 1505 1166 tangit,
1518 1127 1603 1166 quod
1614 1127 1724 1158 eadem
1734 1130 1780 1158 est

1007 1181 1141 1219 dilectio⁷
1158 1190 1220 1221 qua
1236 1181 1318 1211 Deus
1333 1180 1437 1219 diligit
1453 1188 1522 1217 nos,
1537 1182 1567 1210 et
1582 1189 1646 1220 qua
1662 1189 1720 1211 nos
1737 1180 1779 1211 di-

1006 1234 1138 1274 ligimus
1162 1234 1274 1264 Deum.
1293 1233 1331 1264 Et
1349 1233 1375 1263 si
1396 1235 1432 1263 tu
1447 1233 1578 1273 objicias
1596 1233 1681 1273 quod
1704 1236 1779 1264 tunc

1008 1296 1071 1318 non
1097 1287 1307 1318 determinare
1329 1285 1437 1317 debuit
1460 1286 1498 1317 de
1521 1286 1673 1317 charitate
1696 1287 1780 1317 inter

1008 1340 1085 1370 alias
1100 1340 1245 1377 virtutes,
1261 1339 1435 1379 respondeo
1448 1348 1504 1378 pro
1519 1339 1598 1378 ipso,
1615 1339 1700 1379 quod
1720 1339 1780 1370 hoc

1008 1403 1071 1424 non
1093 1393 1164 1424 fecit
1187 1393 1263 1432 quia
1282 1392 1418 1423 charitas
1441 1392 1482 1422 sit
1506 1392 1623 1433 species
1642 1393 1777 1431 virtutis,

1009 1447 1062 1477 sed
1085 1446 1160 1486 quia
1183 1446 1319 1476 charitas
1343 1447 1389 1476 est
1409 1445 1499 1476 radix
1518 1446 1663 1476 omnium
1682 1446 1781 1477 virtu-

1009 1501 1089 1530 tum.
1114 1499 1149 1529 In
1165 1499 1248 1530 dono
1267 1499 1353 1529 enim
1374 1499 1502 1536 amoris,
1518 1499 1603 1538 quod
1620 1501 1665 1530 est
1684 1499 1780 1539 Spiri-

1008 1555 1058 1582 tus
1073 1555 1210 1590 sanctus,
1229 1552 1323 1583 ceteri
1337 1553 1494 1583 virtutum
1515 1552 1642 1582 habitus
1658 1552 1778 1583 donan-

1009 1609 1071 1636 tur.
1090 1605 1193 1636 Potest
1210 1609 1238 1636 et
1261 1606 1350 1636 aliter
1369 1605 1442 1643 dici,
1462 1605 1545 1645 quod
1561 1605 1613 1635 hic
1630 1614 1686 1645 per
1703 1606 1781 1636 acci-

1008 1658 1084 1689 dens
1094 1658 1305 1689 introducitur
1315 1658 1398 1689 istud
1409 1659 1594 1698 capitulum.
1606 1658 1686 1696 Quia
1693 1658 1780 1689 enim

1008 1711 1131 1742 dilectio
1150 1711 1203 1742 Dei
1218 1713 1266 1742 est
1281 1711 1443 1751 exemplar
1462 1714 1576 1742 nostrae
1595 1712 1779 1750 dilectionis,

1009 1764 1078 1795 ideo
1104 1765 1143 1795 ad
1172 1765 1326 1804 maj0rem
1351 1764 1542 1796 evidentiam
1568 1765 1779 1796 introducitur

1009 1816 1060 1847 hic
1075 1819 1223 1847 tractatus
1236 1817 1273 1848 de
1288 1817 1375 1857 ipsa;
1388 1818 1439 1849 vel
1453 1820 1536 1848 certe
1551 1820 1587 1848 ut
1600 1818 1780 1857 assignetur

1009 1869 1061 1900 hic
1072 1870 1248 1901 differentia
1262 1870 1437 1901 dilectionis
1451 1870 1567 1901 divinae
1584 1871 1623 1901 ad
1640 1871 1779 1901 dilectio-

1011 1933 1083 1954 nem
1106 1927 1259 1961 nostram,
1278 1924 1345 1955 sive
1364 1924 1586 1963 praecellentia,
1609 1924 1685 1964 quia
1707 1934 1780 1955 cum

1010 1976 1134 2007 dilectio
1156 1979 1263 2007 nostra
1286 1976 1325 2007 sit
1341 1976 1463 2008 affectto
1487 1977 1640 2015 ordinata,
1658 1977 1781 2008 dilectio

1011 2028 1064 2059 Dei
1080 2037 1144 2059 non
1160 2031 1207 2060 est
1220 2029 1281 2060 nisi
1294 2029 1402 2061 divina
1416 2029 1601 2068 substantia,
1615 2030 1665 2061 vel
1680 2030 1779 2062 usia2.

1341 2140 1408 2161 DUB.
1433 2140 1453 2160 1.

1115 2218 1218 2242 Dilectio
1234 2221 1318 2242 autem
1333 2219 1379 2242 Dei
1393 2219 1479 2243 divina
1493 2220 1547 2243 usia
1564 2222 1617 2250 est,
1634 2222 1681 2244 cte.

1054 2293 1167 2324 Contra
1185 2304 1192 2324 :
1209 2293 1241 2324 Si
1256 2293 1378 2325 dilectio
1392 2294 1447 2325 Dei
1460 2297 1507 2325 est
1521 2295 1628 2326 divina
1640 2295 1783 2326 substan·

1014 2347 1066 2383 tia,
1094 2346 1145 2377 vel
1168 2347 1312 2385 essentia,
1329 2357 1406 2387 ergo
1428 2348 1554 2378 videtur
1577 2349 1662 2388 quod
1684 2348 1783 2379 Deum

1013 2399 1146 2438 diligere
1164 2402 1211 2431 est
1224 2400 1324 2431 Deum
1342 2411 1423 2439 esse;
1440 2411 1515 2432 cum
1530 2411 1607 2441 ergo
1623 2402 1705 2432 Deus
1719 2411 1784 2432 non

1014 2453 1053 2483 sit
1066 2453 1151 2483 aliud
1167 2462 1186 2484 a
1200 2463 1244 2490 se,
1257 2454 1382 2485 videtur
1392 2455 1477 2494 quod
1493 2464 1550 2485 nec
1563 2455 1648 2485 allud
1663 2465 1681 2485 a
1695 2464 1728 2486 se
1740 2456 1784 2486 di-

1014 2506 1102 2545 ligat.
1126 2506 1205 2537 Item
1232 2506 1313 2537 Deus
1336 2507 1446 2547 incipit
1463 2508 1602 2547 aliquem
1627 2508 1759 2547 diligere
1773 2517 1782 2540 z

1014 2568 1092 2598 ergo
1107 2559 1132 2589 si
1148 2559 1270 2590 dilectio
1281 2561 1352 2600 ejus
1362 2563 1408 2591 est
1420 2562 1489 2600 ejus
1499 2561 1642 2599 essentia,
1658 2561 1785 2593 videtur

1013 2612 1099 2651 quod
1120 2611 1201 2642 Deus
1216 2612 1347 2651 incipiat
1363 2622 1440 2643 esse.
1460 2612 1535 2643 Item
1553 2613 1679 2644 nullum
1696 2616 1785 2645 aeter-

1045 2674 1078 2702 (n)
1097 2671 1162 2695 Edit.
1184 2672 1238 2695 ch.
1255 2673 1376 2696 creatum.

1785 327 1888 351 tempore,

1807 362 1868 381 quain

1812 387 1861 406 alio.

1788 417 1821 437 An
1835 417 1890 437 Deus

1824 448 1850 467 ab

1799 481 1877 498 aeterno

1787 510 1885 529 dilexerit

1787 540 1891 566 reprobos
