2017 2948
742 158 932 190 DISTINCT.
953 158 1020 197 XII.
1044 157 1144 188 PARS
1168 157 1190 187 Ι.
1697 161 1754 190 505

217 230 285 264 Α111
300 241 378 263 vero
389 230 514 270 dicunt,
531 228 618 272 quod
633 227 715 259 sicut
729 226 775 258 ihi
790 225 910 270 species
923 225 1018 270 panis
1031 229 1090 265 est,
1103 228 1134 257 et
1145 235 1211 257 non
1226 228 1273 257 est
1288 225 1334 257 ibi
1344 235 1395 257 res
1408 225 1502 269 cujus
1517 226 1569 258 vel
1584 225 1618 258 in
1633 236 1699 270 qua
1714 226 1754 259 sit
1769 236 1864 269 ⁴³¹³9rt¹¹¹¹

172 287 231 320 illa
245 287 384 332 species,
402 287 447 320 ita
463 289 510 319 est
532 285 578 317 ibi
601 283 714 317 fractio
739 294 813 327 quae
838 294 904 315 non
918 283 953 315 fit
967 282 1000 315 in
1016 282 1127 326 aliqua
1143 293 1176 314 re
1190 308 1197 323 ,
1215 282 1293 326 quia
1307 282 1391 314 nihil
1404 283 1448 314 ibi
1465 283 1627 325 frangitur
1641 295 1647 314 :
1664 284 1752 326 quod
1778 273 1858 293 (ΨΜ

173 344 366 377 mirabiliter
379 344 437 376 Dei
453 343 595 387 potentia
610 341 681 373 fieri
697 340 829 381 dicunt,
845 343 882 372 ut
896 340 940 372 ibi
955 340 995 371 sit
1011 339 1143 379 fractio,
1160 339 1217 371 ubi
1232 339 1315 371 nihil
1331 339 1506 381 frangitur.

216 402 284 435 Alii
299 401 433 434 tradunt
445 412 562 445 corpus
576 398 694 432 Christi
709 397 922 430 essentialiter
936 397 1043 439 frangi
1057 401 1087 429 et
1102 396 1205 429 dividi
1220 422 1227 437 ,
1244 401 1275 428 et
1290 400 1398 429 tamen
1414 397 1579 439 integrum
1596 401 1626 429 et
1649 397 1754 430 incor-
1769 407 1863 441 Αιιῳμηι

172 459 327 503 ruptibile
341 458 489 491 existere.
515 457 609 496 Quod
624 468 656 488 se
670 455 823 496 colligere
839 459 987 487 asserunt
1002 466 1041 487 ex
1055 454 1254 487 confessione
1272 454 1460 497 Bereugarii
1479 458 1501 495 ¹,
1518 455 1574 498 qui
1590 455 1754 488 confessus
1780 444 1859 463 ⁰¹''n'0'

171 520 219 548 est
241 526 348 548 coram
364 515 497 548 Nicolao
512 514 600 558 Papa
613 540 620 554 ‚
638 517 668 546 et
682 512 833 557 pluribus
847 511 1004 556 episcopis
1018 538 1026 553 ,
1043 524 1159 556 panem
1175 516 1206 544 et
1221 512 1353 553 vinum,
1371 523 1444 555 quac
1462 511 1496 544 in
1518 512 1612 544 altari
1627 523 1754 556 ponun-

172 576 242 615 tur,
259 577 329 617 post
343 572 614 606 consecrationem
630 582 695 603 non
717 569 824 602 solum
840 573 1079 602 sacramentum
1092 596 1100 610 ,
1117 569 1171 602 sed
1195 570 1291 602 etiam
1310 581 1424 603 verum
1447 581 1563 614 corpus
1578 573 1609 602 et
1622 570 1755 613 sangni-

172 641 246 663 nem
263 630 383 663 Christi
398 641 481 672 esse3
501 633 531 662 et
553 628 749 661 sensibiliter
775 638 841 660 non
865 626 972 659 solum
993 627 1053 659 sub
1078 631 1296 668 sacramento,
1314 627 1369 660 sed
1393 627 1427 659 in
1453 627 1587 660 veritate
1605 627 1756 660 manibus

172 687 375 721 sacerdotum
389 687 519 720 tractari
533 691 564 719 et
577 686 685 728 frangi
698 712 706 728 ‚
725 689 755 718 et
771 684 919 718 fidelium
934 684 1086 717 dentibus
1102 685 1207 717 atteri.

217 745 281 778 Sed
295 746 373 789 quia
393 755 510 789 corpus
523 744 643 777 Christi
666 742 913 786 incorruptibile
928 746 993 782 est,
1010 752 1086 774 sane
1099 742 1161 774 dici
1178 746 1281 786 potest
1300 741 1413 774 fractio
1428 742 1485 775 illa
1500 746 1530 775 et
1545 743 1674 786 partitio
1690 754 1756 776 non
1782 756 1869 788 sonun-

172 803 206 835 in
221 803 402 835 substantia
416 803 559 846 corporis
572 828 580 843 ,
597 801 651 834 sed
668 801 703 833 in
718 801 787 844 ipsa
802 801 906 833 forma
920 799 1013 843 panis
1033 800 1307 832 sacramentaliter
1331 799 1402 831 fieri
1421 812 1427 831 :
1445 804 1480 832 ut
1499 811 1576 833 vera
1598 801 1712 833 fractio
1727 804 1759 834 ct
1773 788 1875 836 {St-illlis

172 860 304 903 partitio
320 860 361 892 sit
374 860 440 901 ibi,
456 871 528 904 quae
548 859 584 891 lit
606 870 673 891 non
693 859 727 890 in
753 857 933 890 substantia
954 858 1098 901 corporis
1111 884 1119 899 ,
1136 857 1191 889 sed
1214 857 1248 889 in
1267 861 1466 890 sacramento
1479 884 1487 899 ,
1506 858 1538 890 id
1554 863 1622 900 est,
1640 859 1755 902 specie.

171 916 220 950 Ne
234 921 344 950 autem
361 917 486 950 miseris
501 917 553 950 vel
569 916 717 957 insultes,
731 915 758 948 si
772 915 951 948 accidentia
960 915 1135 947 videantur
1149 914 1273 957 frangi,
1288 926 1362 947 cum
1378 915 1424 947 ibi
1438 915 1503 947 sint
1514 915 1583 947 sine
1594 915 1755 959 subjecto;

172 974 247 1007 licet
261 974 396 1018 quidam
411 978 554 1007 asserant
569 985 606 1007 ea
620 973 752 1006 fundari
767 973 801 1005 in
817 983 890 1005 aere
900 986 908 1014 3
927 975 974 1004 est
988 972 1033 1004 ibi
1050 982 1125 1003 vera
1141 971 1254 1004 fractio
1270 976 1301 1004 et
1315 971 1458 1015 partitio,
1471 983 1544 1015 quae
1561 972 1596 1005 fit
1612 973 1645 1004 in
1661 984 1755 1016 pane,

171 1031 204 1064 id
221 1038 283 1073 est,
300 1032 335 1064 in
357 1031 461 1064 forma
482 1031 584 1075 panis.
601 1030 695 1063 Unde
715 1029 892 1073 Apostolus
911 1030 956 1061 ait
972 1030 982 1045 ²
999 1041 1005 1060 :
1021 1029 1140 1070 Panis,
1159 1040 1252 1072 quem
1264 1029 1455 1073 frcmqimus
1469 1041 1480 1068 ,¹
1495 1030 1571 1073 quia
1585 1030 1690 1062 forma
1705 1042 1761 1074 pa-

173 1089 223 1121 nis
248 1089 293 1122 ibi
314 1089 494 1131 frangitur,
511 1092 542 1120 et
563 1087 597 1119 in
622 1091 728 1131 partes
750 1087 930 1127 dividitur-3
948 1086 1095 1120 Christus
1120 1097 1196 1119 vero
1224 1086 1349 1129 integer
1370 1091 1497 1128 manet,
1515 1091 1545 1119 et
1562 1091 1646 1120 totus
1662 1088 1759 1120 estin

171 1146 322 1190 singulis.
340 1146 434 1179 Unde
449 1145 698 1188 Augiistinus³z
722 1144 891 1183 «Quando
916 1144 1063 1177 Christus
1086 1144 1320 1185 manducatur,
1347 1144 1413 1176 vita
1439 1144 1664 1177 manducatur.
1692 1144 1754 1177 Sed

172 1204 246 1248 quis
260 1203 377 1236 audeat
394 1203 591 1235 manducare
606 1202 782 1235 Dominum
798 1204 920 1234 suum‘?
937 1201 978 1233 Et
991 1205 1099 1234 tamen
1116 1201 1245 1233 Veritas
1263 1201 1405 1234 invitans
1419 1213 1478 1234 nos
1499 1202 1538 1234 ad
1560 1202 1759 1235 manducan-

172 1261 251 1294 dum
266 1261 311 1294 ait
328 1273 335 1293 z
357 1261 421 1301 Qui
433 1260 614 1293 manducat
630 1271 681 1292 me
694 1286 701 1299 ,
718 1259 799 1292 vivit
813 1265 947 1303 propter
971 1270 1034 1291 me.
1051 1259 1115 1291 Nee
1131 1258 1286 1291 occiditur
1301 1258 1448 1291 Christus
1465 1264 1501 1291 ut
1525 1260 1757 1301 manducetur,

172 1319 227 1351 sed
248 1322 392 1351 mortuos
417 1318 561 1351 viviticat
582 1317 712 1361 quando
738 1316 973 1356 manducatum
1000 1316 1102 1348 reficit
1118 1343 1125 1357 ‚
1152 1328 1218 1349 non
1245 1316 1354 1348 deficit
1373 1329 1380 1357 ;
1408 1316 1490 1348 vivit
1521 1317 1735 1350 manducatus
1751 1344 1757 1359 ,

173 1375 251 1420 quia
279 1376 420 1408 surrexit
438 1376 578 1416 occisus3
596 1385 654 1407 nec
678 1373 810 1418 quando
836 1373 1091 1413 manducamus,
1115 1378 1222 1418 partes
1242 1374 1280 1406 dc
1306 1374 1362 1406 illo
1388 1374 1525 1406 facimus
1541 1400 1548 1414 ,
1574 1379 1604 1406 et
1626 1375 1759 1418 quidem

173 1433 207 1465 in
223 1436 422 1465 sacramento
444 1433 487 1464 sic
512 1433 559 1464 fit.
585 1444 601 1462 ))
620 1432 723 1464 Item:
744 1445 759 1462 (1
776 1431 907 1463 Norunt
931 1430 1043 1469 fideles
1066 1432 1230 1476 quomodo
1253 1431 1450 1464 manducent
1471 1443 1601 1464 carnem
1617 1432 1756 1473 Christi3

175 1490 398 1534 unusquisque
425 1490 540 1534 accipit
563 1494 686 1534 partem
709 1500 822 1530 suam;
851 1488 937 1521 unde
959 1493 989 1521 et
1014 1489 1083 1533 ipsa
1111 1489 1215 1531 gratia
1238 1493 1343 1533 partes
1366 1493 1536 1521 vocantur.
1568 1489 1630 1521 Per
1656 1494 1761 1533 partes

173 1547 406 1589 manducatur,
423 1552 454 1580 et
467 1552 575 1580 manet
590 1547 716 1588 integer
733 1551 817 1579 totus
835 1559 842 1578 ε
860 1558 916 1590 per
930 1551 1036 1591 partes
1057 1547 1273 1579 manducatur
1298 1546 1332 1578 in
1356 1550 1556 1579 sacramento
1571 1573 1578 1587 ‚
1598 1551 1629 1578 et
1651 1550 1761 1580 manet

172 1605 297 1648 integer
312 1609 397 1638 totus
411 1605 445 1637 in
461 1604 541 1638 coelo
555 1630 563 1646 ,
581 1609 691 1637 manet
708 1604 832 1647 integer
848 1608 934 1636 totus
953 1605 988 1636 in
1002 1604 1097 1637 corde
1112 1608 1181 1637 tuo.
1197 1604 1272 1636 Ideo
1288 1604 1349 1636 ista
1367 1604 1522 1636 dicuntur
1537 1609 1736 1637 sacramenta
1750 1632 1758 1646 ,

172 1663 250 1706 quia
273 1663 308 1694 in
332 1662 377 1695 eis
399 1662 489 1695 aliud
510 1662 656 1703 videtur,
681 1666 711 1694 et
733 1661 823 1694 aliud
850 1661 1065 1704 intelligitur;
1083 1661 1215 1694 videtur
1239 1662 1332 1706 panis
1353 1666 1383 1694 et
1403 1662 1505 1703 calix,
1523 1662 1610 1706 quod
1627 1667 1657 1694 et
1673 1663 1759 1695 oculi

171 1719 387 1760 renunciant;
405 1719 493 1764 quod
512 1724 621 1752 autem
643 1719 722 1751 tides
746 1719 936 1751 instruenda
959 1719 1119 1763 postulat,
1137 1719 1230 1763 panis
1248 1723 1295 1751 est
1314 1730 1430 1763 corpus
1450 1719 1589 1760 Christi,
1606 1719 1690 1752 calix
1714 1724 1760 1752 est

170 1777 314 1820 sanguis.
333 1789 349 1807 »
368 1777 417 1809 Ex
432 1777 482 1809 his
497 1777 593 1809 datur
609 1776 749 1819 intelligi
764 1802 771 1816 ,
789 1776 877 1820 quod
893 1776 1004 1808 fractio
1019 1781 1050 1809 et
1065 1781 1170 1820 partes
1185 1802 1193 1817 ,
1210 1787 1282 1820 quae
1307 1776 1351 1808 ibi
1375 1776 1528 1809 videntur
1552 1777 1622 1809 fieri
1636 1802 1644 1818 ,
1662 1777 1695 1809 in
1712 1789 1762 1810 sa-

170 1839 336 1867 cramento
352 1834 438 1866 fiunt
452 1860 459 1874 ,
477 1834 508 1865 id
526 1837 572 1866 est
587 1833 621 1865 in
634 1833 737 1877 specie
756 1833 888 1866 visibili.
905 1833 1047 1878 Ideoque
1062 1834 1120 1866 illa
1132 1834 1322 1877 Berengarii
1338 1834 1438 1866 verba
1462 1834 1507 1866 ita
1531 1834 1761 1876 distinguenda

172 1896 264 1932 sunt,
282 1896 318 1923 ut
340 1891 533 1923 sensualiter
554 1902 621 1923 non
640 1890 737 1923 modo
762 1891 796 1922 in
818 1895 1043 1933 sacramento,
1068 1891 1122 1924 sed
1146 1892 1181 1924 in
1205 1891 1339 1924 veritate
1363 1891 1491 1924 dicatur
1509 1902 1625 1935 corpus
1641 1891 1760 1924 Christi

171 1949 301 1981 tractari
317 1949 469 1981 manibus
491 1948 693 1980 sacerdotum
708 1960 715 1987 3
733 1948 840 1991 frangi
860 1959 937 1981 vero
960 1953 991 1981 et
1014 1949 1107 1981 atteri
1130 1949 1302 1990 dentibus,
1320 1960 1395 1981 vere
1419 1949 1551 1993 quidem
1566 1974 1574 1989 ,
1594 1949 1697 1981 sedin
1713 1960 1761 1981 sa-

174 2010 339 2039 cramento
356 2010 494 2038 tantum.
516 2005 599 2038 Vera
614 2016 690 2048 ergo
707 2010 753 2037 est
768 2005 812 2037 ibi
829 2005 951 2039 attritio
966 2010 996 2038 et
1011 2007 1160 2050 partitio;
1181 2007 1235 2039 sed
1248 2007 1281 2038 in
1297 2007 1436 2049 singulis
1451 2006 1599 2050 partibus
1614 2010 1701 2039 totus
1715 2010 1761 2038 est

173 2063 332 2095 Christus.
350 2063 446 2096 Unde
460 2063 681 2106 Hieronymus
695 2065 704 2080 '⁴
723 2075 729 2094 ι
751 2076 766 2094 «
782 2062 913 2106 Singuli
937 2064 1099 2108 accipiunt
1117 2064 1282 2096 Christum
1298 2064 1497 2105 Dominum,
1517 2068 1547 2095 et
1568 2064 1602 2095 in
1622 2063 1762 2106 singulis

171 2120 377 2164 portionibus
392 2123 479 2152 totns
493 2124 540 2152 est
556 2132 562 2152 :
580 2131 638 2152 nec
652 2130 710 2164 per
726 2120 872 2163 singulas
887 2121 1069 2163 minuitur3
1087 2122 1141 2154 sed
1157 2121 1321 2164 integrum
1338 2133 1370 2153 se
1386 2121 1508 2165 praebet
1524 2121 1558 2153 in
1573 2121 1723 2164 singulis.
1744 2134 1759 2151 ))

172 2177 253 2210 Item
267 2176 414 2210 Hilarius
430 2189 436 2209 z
455 2190 471 2208 «
490 2176 553 2210 Ubi
569 2189 642 2221 pars
656 2182 702 2210 est
716 2178 875 2222 corporis,
893 2178 937 2210 ibi
953 2183 1000 2211 est
1015 2183 1045 2211 et
1061 2183 1177 2211 totum.
1196 2191 1212 2209 »

217 2234 304 2273 Quid
328 2239 436 2268 autem
461 2239 568 2279 partes
587 2235 651 2268 illae
673 2235 877 2278 significent,
894 2236 1028 2279 Sergius
1052 2237 1141 2281 Papa
1166 2237 1264 2270 tradit
1286 2237 1438 2282 inquiens
1453 2243 1462 2257 '⁵
1480 2249 1486 2269 ε
1506 2250 1521 2267 «
1538 2237 1700 2269 Triforme
1715 2241 1760 2268 est
1775 2246 1879 2270 ouimnae

173 2303 290 2336 eorpus
303 2291 434 2324 Christi.
452 2292 531 2324 Pars
545 2292 654 2325 oblata
668 2293 702 2325 in
717 2293 849 2326 calicem
867 2294 980 2333 missa,
999 2305 1116 2338 corpus
1133 2294 1269 2336 Christi,
1294 2295 1381 2339 quod
1400 2295 1467 2338 jam
1494 2295 1650 2334 surrexit,
1670 2304 1759 2326 mon·
1788 2280 1866 2333 hiliis?

174 2353 254 2382 strat
272 2362 278 2382 :
297 2359 371 2392 pars
385 2353 542 2389 comesta,
560 2350 782 2383 ambulantem
799 2351 904 2383 adhuc
926 2362 1023 2395 super
1038 2356 1179 2393 terram;
1198 2364 1271 2396 pars
1292 2353 1325 2384 in
1351 2353 1446 2385 altari
1469 2363 1571 2395 usque
1596 2351 1634 2383 ad
1659 2351 1759 2383 finem
1775 2343 1828 2359 '‘⁰⁰‘'

174 2407 280 2439 Missae
296 2417 484 2447 remanens,
500 2417 617 2451 corpus
628 2408 739 2451 jacens
753 2408 788 2440 in
803 2409 974 2453 sepulchro
989 2409 1152 2451 significat
1162 2436 1170 2450 ,
1184 2410 1262 2454 quia
1277 2421 1381 2454 usque
1402 2410 1434 2441 in
1450 2410 1548 2441 finem
1565 2409 1676 2442 saeculi
1690 2420 1760 2441 cor-

174 2475 253 2508 pora
274 2468 460 2497 sanctorum
482 2464 516 2497 in
537 2466 716 2509 sepulchris
732 2471 839 2499 erunt.
856 2467 897 2500 Et
910 2467 992 2500 sicut
1009 2472 1114 2511 partes
1129 2468 1194 2501 illae
1221 2468 1389 2511 mysticam
1416 2471 1525 2499 tenent
1550 2466 1759 2509 significatio-

207 2555 212 2567 ¹
225 2553 350 2583 Confessio
365 2554 511 2583 Berenqarz'z
527 2562 535 2577 :
550 2556 572 2577 et
588 2554 704 2583 habetur,
720 2555 749 2578 {le
764 2555 847 2585 Com,
861 2556 918 2579 dist.
934 2562 962 2585 11,
975 2564 996 2579 c.
1014 2558 1065 2587 qu
1082 2558 1256 2588 Berenynrius.
1270 2570 1299 2574 --
1313 2558 1336 2579 2}
1350 2558 1417 2585 coen,
1430 2562 1454 2585 x,
1472 2557 1508 2579 16.
1523 2569 1546 2572 ψ
1566 2556 1574 2569 ³*
1591 2557 1664 2585 Aug„
1683 2562 1757 2580 serm.

175 2588 204 2611 de
219 2588 282 2612 verb.
302 2589 407 2619 Eruny„
421 2590 446 2612 et
459 2588 575 2618 habetur,
590 2589 618 2612 112
630 2590 753 2620 Consecr„
770 2591 827 2615 nist.
843 2597 873 2621 11,
888 2599 911 2615 c.
928 2592 1020 2615 Invitat
1033 2592 1072 2616 vel
1083 2593 1211 2616 Invitavit.
1228 2606 1258 2610 —
1268 2592 1278 2608 ⁵
1291 2592 1410 2620 liabetur,
1431 2591 1460 2614 (le
1477 2591 1599 2621 Comen-r„
1615 2591 1672 2614 dist.
1687 2596 1717 2620 11,
1736 2598 1758 2614 c.

176 2623 277 2653 sinquli
285 2623 417 2655 accipiunt.
427 2636 458 2643 —-
465 2624 476 2641 ⁸
484 2624 605 2655 nabetur,
615 2624 644 2649 de
653 2624 778 2656 Com-een,
788 2625 844 2650 dist.
855 2632 885 2656 11,
895 2634 918 2652 c.
931 2626 1060 2657 Triforme.
