2017 2948
117 1305 148 1326 Ad
166 1312 216 1333 opp.

230 116 288 144 636

231 180 399 211 dicendum
410 181 494 220 quod
509 189 573 211 non
590 181 739 221 intelligit
751 183 872 213 viscera
887 190 999 212 secun-

231 232 311 263 dum
329 233 495 264 veritatem
517 234 576 264 sibi
597 234 676 265 velle
695 236 823 272 siccari,
841 234 895 265 sed
910 237 1001 266 vocat

231 286 274 316 ibi
291 286 410 317 viscera
427 287 554 318 intimos
571 289 675 318 carnis
698 288 865 327 appetitus.
883 287 939 318 Vel
953 288 1000 317 di-

231 340 385 377 cendum,
404 341 487 380 quod
509 341 709 371 siccationem
735 341 894 371 viscerum
909 343 1001 372 vocat

231 393 363 424 vulnera
382 394 564 432 charitatis,
588 404 651 434 qua
675 394 781 424 anima
804 394 937 434 languet
961 404 1001 425 ex

231 446 372 477 absentia
388 447 486 487 ipsius
501 447 626 478 Christi.

451 567 693 601 ARTICULUS
722 569 777 602 ΙΙΙ.

271 660 518 700 Consequenter,
537 663 693 701 quantum
717 662 755 692 ad
778 662 909 692 tertium
925 662 1001 692 arti-

230 713 354 751 culum,
371 714 526 753 quaeritur
540 714 578 745 de
593 714 761 745 duratione
783 715 999 753 contritionis3

230 768 261 796 et
281 767 362 797 circa
382 767 443 797 hoc
460 767 523 798 duo
546 770 759 807 quaeruntur:
784 768 888 807 primo
910 777 999 808 quae-

230 819 312 850 ritur
322 821 431 850 utrum
441 821 587 851 contritio
601 821 640 851 sit
649 824 754 851 motus
768 821 1000 859 instantaneus,

230 872 281 902 vel
304 874 517 911 successivu53
541 874 678 904 secundo
698 874 854 914 quaeritur
874 875 911 905 de
935 875 1001 905 dlu-

231 926 381 957 turnitate
403 927 615 966 contritionis,
637 930 746 958 utrum
772 929 868 959 homo
891 928 1002 960 debeat

231 989 356 1020 semper
370 980 500 1011 conteri.

503 1085 683 1123 QUAESTlo
706 1087 728 1117 Ι.

231 1167 277 1194 An
285 1168 409 1194 contritio
418 1168 455 1194 sit
465 1169 550 1194 motus
559 1169 727 1200 successivus,
737 1169 778 1195 vel
787 1169 973 1195 instantaneus
983 1170 989 1186 ¹
995 1189 1000 1195 .

273 1248 360 1285 Quod
377 1249 524 1279 contritio
540 1249 578 1279 sit
595 1250 702 1280 motus
717 1249 915 1280 successivus
927 1274 935 1287 ,
951 1259 1000 1280 os-

232 1301 374 1332 tenditur
402 1302 461 1332 hoc
483 1302 600 1333 modo:
623 1305 652 1332 1.
676 1302 787 1333 Omnis
806 1305 893 1333 actus
921 1303 1002 1334 circa

232 1364 327 1395 quem
346 1357 392 1385 est
415 1355 520 1386 minus
535 1355 736 1393 diuturnum,
757 1358 787 1386 et
811 1357 914 1395 magis
929 1356 1000 1387 diu-

236 1410 378 1445 turnum,
399 1411 445 1439 est
465 1409 682 1439 successivus:
705 1409 759 1440 sed
776 1409 848 1439 talis
865 1412 911 1440 est
925 1419 1001 1441 con-

232 1462 338 1493 tritio:
359 1471 454 1502 ergo,
472 1464 533 1493 etc.

273 1517 301 1546 2.
324 1515 401 1546 Item
417 1517 561 1546 nostrum
582 1515 760 1554 intelligere
775 1518 822 1546 est
838 1525 910 1546 cum
927 1525 1000 1547 con-

233 1568 322 1599 tinuo
345 1570 502 1608 tempore,
520 1570 557 1598 ut
576 1568 649 1598 dicit
664 1568 910 1608 Phssosophus',
928 1569 1003 1608 quia

233 1624 278 1652 est
302 1621 418 1652 animae
440 1623 476 1652 ut
494 1621 617 1661 corpori
637 1621 757 1652 unitae:
781 1621 834 1652 sed
856 1622 1002 1652 contritio

232 1674 376 1705 similiter
397 1676 443 1705 est
467 1675 583 1705 animae
608 1676 643 1705 ut
663 1674 786 1714 corpori
807 1675 926 1706 unitae:
951 1685 1000 1706 er-

234 1736 288 1767 go,
305 1731 364 1759 etc.

273 1784 302 1812 3.
326 1782 402 1812 Item
419 1783 520 1813 omnis
534 1784 679 1823 aspectus
694 1782 859 1813 collativus
873 1784 918 1813 est
930 1792 1002 1822 suc-

233 1835 394 1866 cessivus:
427 1836 480 1866 sed
509 1836 542 1866 in
570 1836 759 1867 contritione
787 1840 833 1866 est
859 1839 1003 1876 aspectus

233 1889 409 1926 collativus,
431 1889 506 1929 quia
520 1889 604 1920 dolet
626 1889 664 1920 de
685 1891 812 1929 peccato
827 1890 859 1920 in
874 1899 1004 1930 compa-

233 1942 355 1973 ratione
368 1943 405 1973 ad
422 1942 531 1979 Deum,
549 1952 645 1982 quem
660 1943 791 1974 offendit
808 1954 814 1973 :
831 1952 924 1982 ergo,
943 1945 1000 1974 etc.

273 1998 302 2026 4.
327 1995 404 2026 Item
417 2020 424 2033 ,
441 1996 526 2036 quod
542 1996 716 2027 successive
738 1996 908 2027 inducatur
927 2005 1001 2027 con·

233 2049 338 2085 tritio,
364 2049 503 2087 videtur,
530 2050 605 2089 quia
631 2050 732 2079 omnis
757 2050 859 2080 forma
885 2049 1004 2080 habens

233 2104 355 2141 partem
368 2104 398 2132 et
414 2104 546 2142 partem,
564 2103 725 2134 inducitur
740 2103 930 2133 successive:
949 2103 1003 2134 sed

234 2155 379 2186 contritio
395 2155 488 2186 habet
509 2158 630 2195 partem
644 2158 676 2186 et
694 2159 816 2196 partem
829 2180 837 2193 ‚
856 2156 933 2196 quia
947 2166 1003 2196 po-

234 2210 293 2238 test
308 2208 427 2238 intendi
442 2210 472 2239 et
492 2209 609 2239 remitti
628 2219 634 2239 :
660 2218 738 2248 ergo
753 2209 913 2240 inducitur
928 2219 1003 2240 suc-

233 2261 362 2292 cessive.

273 2317 302 2345 5.
327 2314 405 2345 Item
419 2315 523 2345 omnis
537 2315 639 2345 forma
650 2338 659 2352 ,
678 2324 751 2355 quae
768 2316 862 2347 habet
878 2318 1003 2346 contra-

232 2367 313 2397 riam
340 2368 576 2408 dispositionem
600 2368 632 2398 in
661 2369 811 2407 materia,
845 2369 1004 2400 inducitur

267 2449 325 2479 ¹Cf.
342 2449 411 2473 Alex.
430 2449 524 2479 Meus,
540 2456 565 2479 p.
583 2450 624 2480 IV,
643 2456 667 2480 q.
682 2455 745 2479 xvii,
759 2450 866 2473 membr
883 2452 906 2480 2,
919 2454 965 2475 art.
980 2454 1003 2480 2,

232 2484 246 2513 ἓ
262 2486 290 2513 1;
312 2484 375 2508 Guil.
392 2484 516 2514 Altisiod„
535 2485 567 2508 IV
585 2486 665 2514 δοιώ,
680 2487 752 2508 tract.
773 2491 806 2515 εἰ,
826 2494 848 2508 c.
866 2492 910 2515 vii,
930 2494 955 2517 q.
974 2493 1002 2516 v;

232 2519 320 2549 Steph.
339 2520 442 2549 mules„
463 2520 494 2544 lv
516 2520 595 2549 Sent.‚
618 2520 675 2544 dist.
695 2526 750 2550 xiv,
770 2528 795 2551 q.
817 2526 844 2550 νς
865 2522 952 2545 Petrus
972 2522 1002 2546 de

231 2554 343 2584 Terent„
361 2555 391 2578 IV
405 2555 482 2583 Sem„
499 2555 555 2579 dist.
571 2561 634 2584 xvn,
651 2563 674 2586 q.
692 2561 750 2579 5111.
763 2569 793 2573 —-
808 2555 959 2585 ³Colligitur
973 2564 1002 2581 ex

232 2588 275 2614 lib.
297 2590 303 2613 l
323 2590 432 2621 Postea,
448 2593 514 2615 cont.
533 2592 587 2622 5-7,
607 2592 633 2615 et
647 2598 676 2615 ex
694 2591 701 2615 1
717 2591 746 2614 u'e
760 2591 864 2622 Anima,
880 2595 948 2617 cont.
965 2594 1002 2623 48,

786 114 1093 147 SENTENTIARUM
1115 115 1188 146 LIB.
1214 115 1262 147 lv.

1055 184 1232 213 successive
1250 194 1256 213 :
1284 183 1337 214 sed
1364 184 1513 214 contritio
1541 185 1636 216 habet
1663 186 1768 217 induci
1790 188 1824 218 iu

1055 235 1192 267 liberum
1214 236 1382 267 arbitrium
1406 237 1586 275 subJectum
1607 241 1752 278 peccato,
1769 249 1825 279 per

1056 289 1141 328 quod
1158 289 1301 328 privatur
1318 289 1440 328 gratia,
1457 292 1487 320 et
1510 290 1545 320 tit
1558 290 1596 320 ad
1613 291 1733 321 malum
1750 301 1823 332 pro-

1056 351 1108 379 na,
1123 351 1195 382 quae
1210 343 1350 383 pronitas
1364 352 1403 373 cx
1417 344 1559 383 opposito
1573 345 1740 385 respondet
1755 354 1826 376 cou-

1055 396 1192 433 tritioni,
1224 396 1304 426 sicut
1332 396 1424 436 culpa
1448 406 1487 427 cx
1511 397 1653 437 opposito
1683 398 1822 437 gratiae:

1056 457 1136 487 ergo
1154 449 1316 479 inducitur
1328 450 1513 480 successive.

1096 502 1228 533 Contra:
1253 502 1402 533 Contritio
1418 503 1593 534 necessaria
1613 506 1660 535 est
1669 504 1824 544 justifica·
1841 513 1945 535 fund-m.

1056 556 1132 586 tioni
1155 556 1263 595 impii,
1280 558 1310 586 et
1325 556 1378 586 illa
1399 559 1445 587 est
1470 557 1501 587 in
1528 557 1676 588 instanti:
1702 566 1782 598 ergo
1796 559 1827 589 et

1056 610 1212 640 contritio.

1098 662 1174 693 ltem
1196 663 1271 693 dicit
1293 663 1516 702 Augustinus,
1534 663 1615 695 libro
1638 667 1751 705 quarto
1772 665 1827 696 de-

1056 716 1137 746 cimo
1153 716 1191 747 de
1210 716 1377 753 Trinitate,
1394 719 1465 755 etc,
1483 717 1567 757 quod
1583 718 1607 748 si
1623 718 1733 749 oculus
1747 720 1828 749 esset

1056 772 1127 799 actu
1144 770 1253 800 videns
1265 794 1273 807 ,
1290 773 1319 799 ct
1334 770 1493 809 objectum
1517 780 1556 800 ex
1575 771 1718 811 opposito
1738 780 1824 802 crea-

1056 825 1156 859 retur,
1173 822 1266 853 simul
1278 825 1359 853 esset
1372 825 1403 853 et
1413 823 1573 854 videretur
1586 835 1592 854 :
1605 833 1685 864 ergo
1698 825 1722 855 si
1738 826 1827 856 actus

1056 876 1144 906 visus
1159 878 1259 915 potest
1281 885 1347 906 esse
1363 876 1394 906 in
1418 876 1565 915 instanti,
1589 877 1690 908 multo
1712 878 1828 909 fortius

1056 931 1144 959 actus
1165 929 1360 967 intellectm,
1378 932 1407 960 et
1431 929 1583 961 affectus:
1607 939 1686 970 ergo
1702 933 1733 961 et
1751 940 1826 962 con-

1056 982 1151 1013 tritio.

1098 1036 1176 1066 Item
1192 1036 1354 1067 delectatio
1376 1038 1422 1067 est
1445 1037 1478 1067 in
1500 1037 1647 1075 instanti,
1664 1037 1746 1068 sicut
1759 1037 1827 1069 vult

1057 1089 1268 1129 Philosophus
1286 1092 1312 1127 ³,
1329 1089 1402 1128 quia
1418 1091 1463 1119 est
1478 1090 1598 1120 habens
1619 1099 1652 1121 se
1676 1099 1732 1130 per
1755 1100 1826 1121 mo-

1056 1142 1132 1172 dum
1160 1143 1291 1182 quietis,
1321 1144 1350 1172 et
1374 1151 1438 1172 non
1465 1143 1565 1182 ipsius
1593 1143 1826 1183 conjunctionis

1057 1195 1273 1225 convenientis
1292 1204 1365 1225 cum
1389 1196 1588 1226 convenienti
1606 1207 1612 1226 ε
1631 1205 1711 1235 ergo
1725 1198 1756 1227 et
1771 1196 1826 1227 do-

1057 1248 1105 1278 lor
1120 1249 1176 1288 qui
1188 1248 1359 1288 opponitur
1374 1248 1402 1278 ei
1415 1258 1422 1278 :
1436 1248 1489 1279 sed
1505 1249 1650 1279 contritio
1662 1251 1708 1279 est
1717 1248 1825 1280 dolor:

1057 1311 1146 1341 ergo,
1165 1304 1223 1332 etc.

1098 1356 1176 1387 Item
1199 1356 1238 1387 ad
1263 1356 1527 1386 illuminationem
1551 1355 1697 1386 distantia
1720 1355 1853 1386 localis-

1057 1410 1221 1450 exigitur:
1238 1411 1268 1440 et
1288 1412 1394 1439 tamen
1414 1408 1605 1439 illuminatio
1621 1409 1653 1439 in
1673 1409 1781 1448 oculo,
1798 1412 1830 1440 et

1057 1473 1124 1494 esse
1139 1463 1270 1494 luminis
1285 1462 1377 1493 estin
1391 1462 1539 1492 instanti:
1558 1471 1636 1501 ergo
1650 1462 1751 1493 multo
1765 1463 1829 1493 for·

1058 1518 1120 1548 tius
1133 1517 1165 1547 in
1181 1517 1285 1556 primo
1298 1517 1370 1546 actu
1386 1516 1499 1555 gratiae
1508 1518 1554 1546 est
1569 1516 1700 1547 mutatio
1713 1515 1827 1547 subita.

1331 1630 1553 1662 CONCLUSIO.

1059 1723 1191 1752 contritio
1210 1721 1298 1757 quoad
1313 1723 1539 1757 proeparationem
1559 1722 1589 1748 in
1606 1723 1680 1755 steri,
1699 1724 1725 1749 et
1741 1723 1830 1757 quoad

1095 1767 1281 1801 durationem,
1299 1768 1338 1793 est
1356 1767 1523 1799 successiva3
1540 1768 1668 1800 quantum
1686 1766 1722 1793 ad
1734 1766 1828 1794 induc-

1096 1814 1191 1839 tionem
1207 1813 1311 1845 formoe,
1325 1818 1382 1845 quae
1396 1813 1434 1838 est
1449 1810 1578 1838 dissensus
1593 1812 1699 1845 animoe,
1711 1813 1736 1838 et
1746 1819 1830 1846 quan-

1096 1859 1149 1884 tum
1163 1856 1199 1883 ad
1214 1863 1277 1888 csse,
1293 1858 1329 1882 est
1345 1856 1374 1881 in
1390 1856 1515 1882 instanti.

1100 1944 1190 1984 Resp.
1208 1944 1247 1975 ad
1261 1953 1331 1983 arg.
1349 1943 1522 1975 Dicendum
1536 1944 1620 1984 quod
1633 1946 1680 1975 est
1693 1945 1778 1983 loqui
1792 1945 1830 1977 de

1059 1998 1246 2029 contritione
1280 2000 1437 2037 quantum
1473 1998 1512 2028 ad
1547 1997 1763 2036 durationem,
1801 2001 1830 2030 et

1059 2054 1213 2091 quantum
1237 2051 1276 2082 ad
1295 2060 1381 2088 esse,
1400 2054 1431 2081 et
1452 2053 1609 2091 quantum
1633 2051 1671 2082 ad
1689 2051 1770 2082 fieri.
1797 2051 1830 2083 Si

1060 2107 1216 2144 quantum
1240 2104 1278 2134 ad
1294 2104 1493 2134 durationem
1504 2128 1512 2141 ,
1529 2113 1602 2134 cum
1617 2104 1710 2135 duret
1730 2104 1830 2144 longo

1058 2160 1214 2198 tempore,
1231 2157 1275 2187 sic
1295 2157 1363 2187 dico
1379 2157 1462 2196 quod
1478 2159 1523 2187 est
1538 2157 1713 2188 successiva
1724 2182 1734 2196 ,
1750 2158 1831 2190 sicut

1058 2214 1104 2242 est
1118 2211 1226 2242 vivere
1237 2210 1386 2240 hominis
1400 2209 1432 2240 Si
1443 2212 1598 2250 quantum
1610 2211 1648 2241 ad
1663 2220 1740 2249 esse,
1753 2212 1829 2252 quia

1059 2267 1106 2295 est
1128 2266 1217 2295 actus
1244 2264 1329 2294 fixus
1352 2264 1385 2294 in
1411 2263 1616 2294 detestatione
1640 2264 1776 2303 peccati,
1799 2267 1830 2295 et

1059 2320 1146 2349 actus
1160 2320 1197 2348 ut
1211 2317 1316 2357 quies,
1334 2316 1377 2346 sic
1399 2316 1484 2354 dico,
1508 2317 1593 2356 quod
1615 2326 1682 2347 esse
1697 2318 1768 2357 eJus
1782 2319 1829 2348 est

1059 2372 1090 2402 in
1107 2370 1237 2401 instanti
1252 2370 1272 2400 Β.
1289 2369 1321 2400 Si
1336 2371 1491 2409 quantum
1506 2369 1545 2400 ad
1560 2370 1639 2408 fieri,
1653 2372 1700 2400 est
1713 2370 1823 2401 distin-

1059 2454 1083 2475 et
1096 2451 1125 2474 ΙΙΙ
1141 2450 1169 2473 cle
1181 2451 1288 2479 Antrum·
1303 2456 1335 2472 ex
1347 2449 1388 2472 Xll
1407 2448 1527 2480 Μείαρὶμ,
1540 2451 1608 2473 cont.
1620 2451 1663 2479 51;
1676 2456 1707 2473 ex
1719 2450 1738 2474 V
1755 2449 1826 2480 Phys.

1058 2493 1104 2517 per
1122 2486 1225 2516 longum
1245 2491 1403 2516 processum,
1419 2497 1450 2502 -
1466 2484 1476 2501 ⁸
1491 2484 1622 2515 Colligitur
1640 2492 1671 2508 ex
1693 2485 1756 2509 libro
1773 2485 1827 2515 ΧΗ,

1059 2521 1183 2551 Metam,
1195 2523 1264 2545 cont.
1280 2521 1318 2544 39.
1335 2520 1392 2543 Vid.
1410 2521 1562 2549 Aver1·..111,
1575 2519 1697 2551 Coll1·9iae.,
1715 2527 1736 2543 c.
1753 2525 1826 2544 xxn.

1058 2571 1088 2574 —
1106 2557 1114 2570 ⁴
1135 2556 1201 2580 Alex.
1228 2556 1322 2582 Mens..
1343 2557 1412 2579 tenet
1430 2556 1496 2586 quod
1516 2555 1563 2580 iste
1587 2557 1657 2580 actus
1675 2555 1707 2580 sit
1729 2561 1828 2579 succes-

1059 2599 1136 2616 sivus.
