2017 2948
536 162 632 193 DIST.
655 161 748 193 XVII.
771 161 890 193 PART.
914 161 937 192 1.
960 161 1050 192 ΛΒΤ.
1074 160 1112 192 ll.
1135 160 1284 197 QUAEST.
1310 162 1346 191 ll.

146 228 262 260 Forma
285 228 372 260 enim
394 237 467 268 quae
499 227 660 259 inducitur
683 229 716 259 in
748 228 914 258 materiam

145 282 294 322 aliquam,
307 282 394 321 prius
402 284 447 311 est
457 281 500 311 ibi
508 283 545 311 ut
555 281 706 320 potentia,
723 281 790 311 sive
801 290 910 320 agens,

145 344 242 374 quam
258 335 297 364 sit
311 337 347 364 ut
361 334 541 374 perficiens,
569 334 636 364 sive
660 336 695 364 ut
717 336 815 364 aetus.
839 334 913 364 Sive

145 388 246 426 igitur
260 386 401 426 expulsio
417 387 517 425 culpae
533 387 573 416 sit
588 386 671 416 idem
687 386 772 425 quod
789 387 914 416 mundi-

145 439 266 477 ficatio,
283 439 349 469 sive
364 448 446 475 non,
472 439 615 478 sequitur
630 439 819 469 infusionem
836 448 914 477 gra-

146 492 199 522 tiae
211 502 218 521 :
232 492 335 530 gratia
349 491 434 521 enim
449 491 634 521 mundificat
652 503 657 521 :
674 493 703 521 et
717 491 777 522 hoc
792 501 847 531 per
862 501 915 522 na-

144 547 250 575 turam
265 545 353 584 prius
368 544 462 575 habet
483 545 599 581 facere,
622 553 719 584 quam
735 545 914 584 subjeetum

143 597 358 628 denominare.

183 653 212 681 3.
225 651 271 681 Ad
284 651 362 681 illud
374 651 459 690 quod
468 650 625 689 objicitur,
641 650 724 689 quod
741 650 913 687 munditia,

143 704 194 734 vel
211 704 403 742 innocentia,
420 707 467 734 est
481 704 623 734 medium
638 704 719 734 inter
735 703 870 742 gratiam
886 705 916 734 et

143 756 268 796 culpam
278 781 286 795 ,
296 757 462 788 dicendum
477 757 561 797 quod
578 765 692 787 verum
708 759 770 794 est3
788 757 840 787 sed
852 766 915 787 non

144 813 270 850 propter
284 810 344 841 hoc
368 813 414 840 est
435 811 522 850 prius
542 810 658 840 animae
680 810 914 847 munditie-atio,

143 872 239 902 quam
256 864 368 902 gratiae
384 864 511 893 infusio.
533 863 638 893 Gratia
662 863 748 893 enim
763 866 866 893 creata
883 863 916 893 in

143 916 250 946 anima
267 917 367 956 ipsam
390 917 539 947 informat
557 928 563 946 :
591 919 621 946 et
643 917 718 956 quia
744 916 916 946 informare

143 978 206 999 non
221 972 336 1008 potest,
348 970 490 1009 quandiu
502 970 546 999 ibi
557 969 757 999 obstaculum
773 971 829 1005 est,
848 969 917 999 ideo

144 1023 321 1062 subJectum
352 1023 494 1062 opposito
524 1022 635 1052 habitu
675 1022 823 1051 informat
844 1045 850 1056 ,
887 1023 917 1051 et

144 1076 269 1115 culpam
284 1075 420 1114 expellit.
448 1075 535 1105 Unde
557 1075 645 1114 prius
669 1077 715 1104 est
734 1075 836 1113 culpae
860 1083 917 1104 ex-

144 1129 247 1168 pulsio
261 1128 459 1165 naturaliter,
477 1137 573 1167 quam
588 1127 702 1157 animae
717 1127 914 1165 informatio.

144 1182 181 1212 Et
200 1184 271 1212 ante
296 1181 365 1211 haec
385 1181 449 1211 duo
471 1181 559 1220 prius
581 1182 627 1211 est
649 1180 913 1219 gratiaecreatio,

143 1243 239 1274 quam
256 1234 382 1274 aliquod
396 1234 533 1264 horum:
551 1233 663 1272 gratiae
678 1234 784 1263 autem
800 1233 916 1263 infusio

144 1296 206 1318 non
220 1289 265 1317 est
275 1287 374 1324 aliud,
386 1296 483 1326 quam
494 1286 593 1326 ipsius
604 1286 729 1316 creatio.
745 1285 831 1315 Unde
843 1295 914 1316 cum

144 1341 232 1378 dicit,
249 1340 334 1380 quod
351 1340 463 1379 gratiae
479 1339 595 1369 infusio
610 1341 656 1368 est
671 1339 768 1378 ipsius
784 1339 915 1377 subjecti

144 1392 336 1429 habilitatio,
353 1392 413 1422 hoc
433 1390 552 1421 dictum
572 1393 617 1420 est
632 1399 687 1429 per
702 1390 915 1420 concomitan-

144 1445 230 1475 tiam.

183 1501 213 1529 ll.
230 1499 277 1529 Ad
292 1498 370 1528 illud
387 1498 469 1537 quod
487 1497 657 1537 quaeritur,
678 1496 806 1535 quando
824 1496 916 1535 eulpa

143 1552 318 1592 expellatur
326 1552 364 1591 (a)
372 1575 378 1587 ‚
387 1553 441 1581 aut
451 1550 577 1590 quando
586 1552 643 1585 est,
653 1551 708 1579 aut
718 1549 845 1589 quaudo
853 1558 915 1578 non

143 1607 208 1643 est,
225 1604 397 1635 dicendum
413 1604 496 1643 quod
519 1603 595 1642 quia
615 1602 759 1641 expulsio
774 1603 820 1631 est
844 1611 914 1631 niu-

144 1659 218 1688 tatio
233 1657 351 1695 subita,
368 1659 399 1687 et
410 1657 443 1686 in
454 1657 626 1686 mutatione
642 1654 746 1684 subita
760 1654 854 1683 simul
870 1657 915 1684 est

145 1712 225 1749 fieri,
238 1714 267 1741 et
282 1711 399 1741 factum
414 1719 482 1740 esse
493 1721 499 1747 ;
512 1709 582 1740 ideo
593 1708 687 1738 simul
702 1710 748 1737 est
759 1707 912 1746 expulsio,

142 1768 170 1795 et
187 1764 355 1804 expulsum
372 1772 437 1793 esse
458 1773 465 1792 2
491 1762 576 1792 unde
591 1760 770 1800 expellitur,
788 1760 915 1799 quando

143 1819 245 1858 primo
254 1826 317 1847 non
332 1819 387 1847 est.
400 1816 518 1846 Dicitur
531 1824 609 1853 ergo
621 1823 677 1854 pro
689 1815 776 1843 tanto
788 1813 912 1852 expelli,

142 1871 217 1912 quia
232 1871 321 1910 prius
337 1870 409 1908 fuit,
427 1872 456 1899 et
473 1869 575 1899 adhuc
591 1871 670 1898 esset
682 1892 689 1905 ,
711 1867 771 1897 nisi
789 1869 912 1897 contra-

143 1924 226 1954 rium
242 1926 450 1963 repugnaret3
468 1926 498 1953 et
512 1931 576 1952 non
593 1929 716 1960 semper
731 1920 845 1950 dicitur
862 1929 915 1949 ex-

143 1977 229 2017 pelli,
242 1976 295 2007 sed
308 1975 410 2006 solum
426 1976 458 2005 in
470 1975 572 2014 primo
582 1973 709 2003 instanti
725 1973 756 2002 in
771 1982 834 2012 quo
848 1982 915 2002 esse

141 2030 274 2067 desinit,
296 2031 326 2059 et
340 2030 415 2059 tunc
430 2028 558 2068 quidem
583 2036 645 2057 non
661 2028 717 2056 est.
742 2025 847 2065 Aliqui
864 2028 915 2055 ta.-

143 2092 215 2113 men
231 2082 342 2113 volunt
365 2081 455 2112 aliter
476 2081 598 2118 dicere,
620 2079 703 2120 quod
724 2079 801 2118 quia
823 2078 916 2118 eulpa

142 2135 237 2166 habet
250 2143 318 2165 esse
328 2134 511 2174 temporale,
524 2133 593 2163 ideo
605 2141 668 2163 non
684 2134 729 2162 est
743 2132 776 2161 in
793 2132 841 2161 sui
857 2133 917 2161 ter-

143 2188 246 2225 mino;
270 2188 324 2219 sed
338 2188 442 2227 gratia
455 2187 488 2217 in
504 2187 655 2223 termine,
681 2188 711 2215 et
734 2186 767 2215 in
792 2185 883 2215 initio
906 2195 912 2215 :

143 2243 174 2271 et
188 2240 258 2272 ideo
273 2241 381 2271 dicunt
396 2241 480 2280 quod
500 2249 573 2270 cum
598 2239 702 2278 gratia
726 2238 912 2276 infunditur,

143 2296 174 2324 et
189 2294 307 2334 incipit,
326 2296 356 2324 et
370 2296 417 2324 est
433 2296 524 2331 tunc;
542 2295 704 2332 peceatum
720 2294 825 2321 autem
842 2301 914 2321 cum

142 2346 256 2378 desinit
278 2355 360 2383 esse,
386 2355 450 2376 non
471 2348 527 2376 est.
549 2344 609 2376 Sed
635 2344 788 2384 quidquid
814 2344 853 2373 sit
877 2344 915 2374 de

143 2400 240 2430 verbo
259 2398 448 2437 desinendi,
466 2399 549 2438 quod
568 2398 663 2428 habet
677 2397 835 2437 duplicem
856 2407 914 2428 ex-

143 2453 348 2494 positionem;
376 2455 480 2482 tamen
499 2451 591 2482 credo
613 2451 698 2491 quod
721 2450 814 2490 culpa
835 2451 914 2481 bene

142 2506 237 2537 habet
259 2514 325 2536 esse
348 2505 381 2535 in
408 2505 558 2542 instanti,
583 2504 663 2534 sicut
687 2506 716 2534 et
740 2504 863 2543 gratia,
885 2507 915 2535 ct

178 2586 185 2602 ¹
195 2586 299 2615 Dist.x1,
311 2593 337 2616 p.
350 2586 368 2616 1,
379 2586 426 2608 art.
437 2586 487 2608 1.-
497 2584 565 2608 ²Art.
578 2586 600 2613 l,
609 2584 750 2615 q.1‚liujus
760 2583 847 2607 dist.—
856 2583 864 2597 ⁸
873 2584 913 2612 Cf.

145 2621 215 2646 Alex.
223 2621 317 2652 Alens„
329 2628 354 2652 p.
365 2621 439 2651 lV‚q.
452 2625 516 2650 xvii,
525 2619 633 2644 membr.
648 2621 670 2649 4,
679 2621 726 2658 art.
737 2619 781 2650 7,§
789 2618 911 2650 3;steph.

1681 164 1738 192 667

967 229 1013 258 est
1027 227 1059 257 iu
1074 227 1123 257 sui
1140 227 1292 264 termino,
1308 228 1454 266 termino,
1474 228 1619 267 inquam,
1637 228 1737 259 intra:

967 281 1019 310 sed
1034 280 1177 320 expulsio
1191 282 1236 310 est
1254 281 1409 310 terminus
1426 282 1514 311 extra
1526 306 1534 318 ,
1551 281 1625 320 quia
1643 281 1739 311 simul

967 336 1014 364 est
1033 343 1105 364 cum
1129 334 1297 374 expulsum
1324 343 1402 364 esse.
1426 333 1463 364 Et
1486 335 1511 363 si
1533 336 1567 364 tu
1590 335 1739 373 objicias,

968 387 1051 425 quod
1076 387 1139 417 duo
1161 386 1310 416 instantia
1343 388 1416 416 sunt
1441 386 1641 422 immediata,
1665 389 1741 417 tuno

968 440 1224 479 respondendum
1238 464 1245 477 ,
1268 440 1348 470 sicut
1368 439 1533 479 superius¹
1551 449 1739 479 responsum

968 493 1026 522 fuit
1039 493 1076 523 de
1092 493 1275 523 transitione
1296 493 1386 532 panis
1411 493 1443 522 in
1468 502 1582 531 corpus
1609 492 1740 530 Christi,

970 546 1024 575 ubi
1040 546 1148 584 positae
1164 548 1237 576 sunt
1251 546 1394 585 quinque
1410 546 1627 585 responsiones
1638 568 1646 582 ,
1664 554 1742 584 quas

968 607 1031 627 non
1046 600 1168 637 oportet
1181 598 1294 628 iterare
1306 599 1436 637 propter
1450 597 1636 628 brevitatem
1646 621 1653 634 ,
1666 599 1696 628 et
1710 598 1741 628 in

969 651 1080 681 ultima
1096 652 1188 681 credo
1204 661 1270 682 esse
1284 651 1440 681 standum.

1010 707 1037 734 5.
1056 704 1102 734 Ad
1119 705 1195 734 illud
1211 704 1295 744 quod
1309 704 1477 743 objicitur:
1499 715 1513 731 α
1526 704 1556 734 Si
1573 704 1655 733 Dens
1670 714 1742 744 ope-

970 753 1287 795 raretursuccessive,
1300 759 1358 787 etc.
1369 768 1375 793 ;
1387 768 1400 784 »
1413 756 1581 786 dicendum
1595 757 1675 795 quod
1690 766 1743 796 per

970 811 1055 841 aliud
1071 811 1238 840 mundaret
1253 810 1393 840 animam
1404 833 1413 846 ,
1431 819 1527 848 quam
1542 810 1678 848 gratiam
1689 833 1697 847 ,
1714 811 1745 840 et

971 865 1044 893 tunc
1065 865 1145 893 esset
1166 863 1247 893 alius
1268 863 1344 893 ordo
1360 865 1494 892 naturae.
1512 861 1601 892 Nunc
1616 865 1720 893 autem
1733 888 1740 901 ,

970 926 1043 946 cum
1070 916 1200 946 mundet
1223 924 1278 954 per
1298 916 1452 953 gratiam,
1475 924 1601 945 necesse
1620 918 1666 945 est
1688 925 1740 945 or-

971 969 1042 998 dine
1060 970 1184 997 naturae
1205 967 1303 1006 ipsam
1328 968 1505 1006 praecedere
1525 968 1741 1006 expulsionem

971 1021 1072 1059 culpae
1088 1031 1093 1050 :
1112 1020 1172 1049 hoc
1186 1022 1292 1049 autem
1310 1019 1421 1058 posito,
1439 1020 1523 1058 quod
1538 1029 1593 1058 per
1609 1020 1744 1058 gratiam

972 1074 1113 1111 mundet,
1132 1073 1324 1113 impossihile
1337 1076 1382 1103 est
1392 1074 1571 1112 intelligere
1581 1074 1665 1113 quod
1677 1083 1744 1104 suc-

971 1128 1107 1163 cessive,
1132 1127 1207 1167 quia
1230 1129 1305 1156 tunc
1329 1126 1422 1156 simul
1444 1129 1523 1157 esset
1545 1126 1648 1165 gratia
1669 1136 1742 1156 cum

971 1182 1061 1219 culpa
1075 1180 1194 1218 :gratia
1209 1181 1314 1210 autem
1328 1179 1396 1209 talis
1412 1180 1586 1218 proprietas
1596 1182 1652 1216 est,
1669 1188 1742 1219 quae

971 1234 1072 1273 culpae
1089 1233 1269 1263 nullatenus
1287 1233 1384 1272 possit
1399 1233 1592 1272 permisceri.

1011 1289 1040 1316 6.
1065 1286 1155 1323 Quod
1170 1286 1318 1325 objicitur
1342 1285 1472 1322 ultimo,
1495 1285 1580 1324 quod
1602 1285 1684 1315 idem
1700 1288 1744 1316 est

971 1346 1134 1367 removere
1156 1337 1379 1376 privationem.
1397 1337 1426 1366 et
1441 1336 1515 1366 dare
1530 1336 1685 1373 habitum,
1703 1336 1745 1366 di-

971 1389 1106 1419 cendum
1125 1390 1210 1429 quod
1227 1398 1338 1419 verum
1355 1391 1418 1426 est,
1444 1389 1496 1418 ubi
1517 1391 1563 1418 est
1586 1398 1665 1428 pura
1680 1388 1742 1428 pri-

972 1442 1055 1471 vatio
1075 1453 1081 1472 :
1099 1451 1213 1472 verum
1229 1444 1275 1472 est
1296 1442 1390 1472 etiam
1402 1465 1411 1478 ,
1429 1442 1483 1471 ubi
1506 1441 1598 1471 datur
1613 1441 1743 1471 habitus

962 1496 1102 1534 *praecise
1117 1504 1285 1525 removens
1301 1495 1387 1525 illam
1407 1494 1617 1534 privationem
1632 1505 1637 1525 z
1657 1504 1743 1525 nunc

971 1551 1077 1578 autem
1093 1557 1155 1578 non
1171 1550 1217 1578 est
1238 1548 1297 1584 ita3
1316 1547 1369 1578 sed
1390 1550 1567 1587 peccatum,
1585 1547 1641 1577 etsi
1663 1547 1744 1577 dicat

971 1601 1220 1638 deformitatem,
1241 1601 1448 1631 nihilominus
1478 1603 1583 1630 tamen
1614 1609 1744 1630 concer-

972 1654 1017 1683 nit
1038 1654 1178 1693 aliquam
1197 1653 1360 1683 materiam
1379 1654 1551 1683 secundum
1578 1653 1742 1692 quosdam.

972 1706 1130 1745 Quidquid
1146 1709 1251 1736 tamen
1267 1706 1355 1736 sitde
1370 1706 1445 1743 hoe,
1464 1706 1567 1744 gralia
1587 1715 1650 1736 non
1672 1708 1742 1736 tan-

972 1762 1039 1789 tum
1056 1761 1179 1798 reparat
1194 1759 1337 1789 habitum
1353 1759 1532 1798 oppositum
1548 1759 1661 1798 culpae,
1672 1768 1743 1798 quae

971 1815 1017 1843 est
1047 1812 1245 1848 innocentia,
1272 1812 1325 1842 sed
1350 1811 1531 1851 superaddit
1545 1836 1551 1849 ,
1579 1814 1613 1841 ut
1638 1812 1743 1842 visum

971 1868 1017 1895 est
1039 1874 1135 1904 supra
1149 1866 1159 1881 ²
1177 1876 1182 1894 :
1201 1868 1229 1894 et
1248 1865 1317 1894 ideo
1342 1874 1405 1895 non
1432 1867 1478 1894 est
1506 1865 1637 1895 omnino
1659 1865 1742 1896 idem

971 1918 1097 1957 culpam
1117 1918 1273 1957 expellere
1293 1920 1323 1947 et
1339 1918 1476 1956 gratiam
1499 1918 1584 1948 dare.
1610 1917 1645 1948 Et
1666 1918 1743 1949 illud

971 1973 1053 2002 tenet
1082 1971 1261 2001 eommunis
1284 1970 1406 2010 opinio,
1431 1979 1502 2009 quae
1526 1970 1579 2000 illa
1607 1972 1743 2010 quatuor

971 2025 1139 2064 distinguit
1150 2032 1221 2063 quae
1232 2025 1426 2053 concurrunt
1437 2023 1474 2054 ad
1482 2025 1493 2063 j
1501 2024 1740 2054 ustificationem

972 2078 1071 2117 impii,
1084 2077 1164 2107 inter
1180 2086 1252 2116 quae
1263 2077 1403 2115 primum
1419 2079 1465 2107 est
1482 2077 1594 2115 gratiae
1613 2077 1739 2114 infusio,

973 2131 1082 2161 ultimo
1096 2139 1172 2161 vero
1189 2130 1317 2169 ponitur
1331 2130 1433 2169 culpae
1451 2130 1608 2169 expulsio.

1219 2245 1422 2282 QUAESTIO
1453 2245 1493 2276 ll.

1007 2326 1048 2352 An
1065 2327 1184 2359 empulsio
1200 2326 1282 2360 0quoe
1297 2327 1442 2352 necessario
1456 2325 1588 2360 proecedat
1602 2326 1702 2352 contri-

1291 2371 1387 2396 tionem
1401 2369 1421 2395 ³.

1014 2450 1125 2479 Utrum
1137 2450 1279 2490 expulsio
1290 2450 1392 2488 culpae
1402 2448 1577 2479 necessario
1588 2448 1743 2487 praecedat
1757 2452 1789 2473 Ad
1810 2458 1859 2478 opp-

971 2503 1209 2541 contritionem;
1226 2505 1256 2533 et
1276 2502 1359 2542 quod
1381 2502 1435 2539 sic,
1455 2501 1580 2532 videtur
1597 2512 1602 2530 z
1623 2504 1651 2532 1.
1668 2501 1743 2541 quia

974 2583 1074 2614 Brulef,
1091 2583 1121 2606 lV
1137 2583 1214 2613 Sem„
1231 2582 1287 2606 cist.
1305 2588 1369 2612 xvii,
1382 2588 1406 2614 q.
1421 2587 1461 2613 vl,
1479 2582 1567 2605 Petrus
1582 2581 1612 2604 de
1627 2581 1740 2611 Terent„

973 2619 1003 2642 lv
1021 2618 1099 2649 Sem„
1115 2618 1171 2643 dist.
1188 2624 1251 2649 xvn,
1267 2625 1292 2648 q.
1308 2623 1360 2643 xm.
1372 2629 1401 2635 —
1413 2617 1444 2647 (a)
1461 2616 1504 2640 Al.
1520 2615 1662 2646 expellitur.
