2017 2948
52 1057 115 1085 Opin.
138 1061 155 1080 1.

55 1639 152 1665 Improh.

54 2169 120 2197 Opin:
131 2172 150 2191 2.

588 179 683 212 DlST.
708 179 759 210 111.
785 179 898 211 PARS.
923 179 962 210 11.
985 179 1075 211 ART.
1099 180 1122 211 1.
1147 180 1295 218 QUAEST.
1319 181 1358 212 11.

174 248 341 287 pervenire
356 248 395 279 ad
407 257 506 288 aquas
520 248 580 278 illis
595 246 686 287 aquis
700 246 914 277 discontinuas
931 256 937 277 :

174 309 252 339 ergo
266 301 350 332 idem
364 300 601 332 inconvenieus.

214 353 303 391 Item⁷
312 354 338 384 si
345 353 444 384 virtus
450 353 555 393 aliqua
565 353 674 384 collata
683 354 737 389 ost,
747 360 856 391 quaero
866 351 941 391 qnid

173 407 213 437 sit
228 418 234 438 ε
253 407 328 447 quia
342 407 366 437 si
383 407 519 444 bonum,
543 408 598 437 aut
617 406 654 436 de
671 405 761 436 bonis
781 404 939 440 minimis,

173 462 228 490 aut
247 459 410 497 maximis,
431 462 485 490 aut
509 459 620 489 mediis
639 468 646 490 t
668 459 694 488 si
714 459 751 489 de
775 457 918 489 minimis
931 481 940 496 ‚

173 511 250 543 illud
272 514 318 543 est
338 512 469 543 inferius
491 512 613 550 anima,
636 520 716 551 ergo
738 521 802 542 non
825 511 892 550 agit
908 511 941 541 in

173 565 293 605 ipsam3
309 564 334 595 si
355 564 394 596 de
413 565 540 603 mediis,
557 574 634 604 ergo
653 573 709 604 par
731 566 778 595 est
800 563 917 594 animae
930 587 939 601 ,

173 626 231 648 nec
244 617 347 648 adhuc
362 617 466 648 influit
482 629 488 648 ε
504 617 530 648 51
550 617 586 648 de
606 617 774 655 maximis,
792 625 872 656 ergo
893 619 940 647 est

173 670 245 702 data
259 671 351 711 aquis
366 671 466 702 virtus
480 671 586 711 aliqua
601 670 751 710 gratuita.

445 785 668 818 CONCLUSIO.

171 872 216 898 Em
230 872 364 906 Baptismz·
382 872 547 898 institutione
560 871 636 897 milla
655 872 807 904 proprietas
823 870 942 896 absoluta

208 915 240 942 de
258 923 324 941 novo
337 915 391 947 fuit
406 916 482 950 aquis
498 916 607 949 collata,
621 915 666 941 secl
683 915 765 941 solnm
783 921 852 940 nova
867 914 941 940 ordi*

207 961 282 986 natio
298 960 362 993 ejus,
379 960 415 986 ad
431 960 477 986 hoc
493 962 521 986 ut
539 968 588 994 per
604 967 660 986 eam
675 959 749 986 homo
765 961 939 992 regeneretur.

212 1044 305 1084 Resp.
321 1044 360 1074 ad
375 1053 446 1083 arg.
464 1044 577 1075 Dicunt
596 1044 692 1083 aliqui
705 1067 713 1081 ,
730 1043 815 1083 quod
836 1043 941 1073 Domi-

172 1106 232 1127 nus
249 1099 393 1127 contactu
418 1097 636 1128 mundissimae
661 1097 764 1127 carnis
788 1105 855 1127 snae
874 1096 941 1126 vim

170 1150 301 1181 contulit
322 1151 431 1190 aquis,
449 1159 548 1190 quam
571 1159 636 1181 non
649 1150 808 1181 habebant
825 1160 831 1180 :
849 1151 879 1180 et
894 1149 941 1180 vis

170 1203 229 1234 ista
242 1203 302 1234 fuit
319 1203 424 1243 aliqua
440 1204 613 1244 proprietas
637 1203 781 1234 absoluta
798 1214 804 1234 z
820 1206 850 1234 et
872 1203 941 1233 haee

171 1256 346 1296 proprietas
360 1258 420 1288 fuit
437 1266 529 1296 aquae
545 1257 737 1294 melioratio,
754 1258 785 1287 et
801 1257 941 1287 reductio

168 1309 207 1339 ad
223 1311 338 1339 statum
354 1309 511 1349 primum,
526 1310 558 1339 in
574 1319 637 1349 qno
657 1311 723 1340 erat
739 1311 812 1340 ante
835 1309 939 1339 homi-

167 1361 218 1392 nis
235 1362 360 1402 lapsum
377 1373 382 1392 :
401 1363 477 1402 quia
500 1365 570 1403 post
584 1363 709 1402 lapsum
722 1387 732 1400 ,
748 1362 856 1393 omnia
876 1363 937 1393 ele-

168 1416 274 1445 menta
289 1410 363 1446 su'nt
377 1415 580 1453 deteriorata,
593 1418 627 1446 ut
640 1415 791 1446 habitatio
808 1416 847 1455 (a)
864 1425 938 1446 con-

170 1471 299 1507 grueret
335 1468 503 1499 habitatori
539 1468 740 1499 deteriorato.
778 1468 838 1499 Sed
866 1469 942 1508 (11113

167 1521 263 1552 1101110
279 1530 334 1561 per
349 1530 442 1561 aqnae
458 1523 693 1552 sacramentum
709 1521 869 1552 meliorari
886 1521 940 1552 de<

168 1574 261 1605 hebat
274 1576 304 1605 et
316 1583 487 1614 resurgere
501 1585 507 1612 ;
525 1575 594 1605 ideo
610 1583 693 1614 aqua
708 1574 873 1606 meliorata
884 1599 892 1613 ,
910 1577 941 1606 et

168 1628 206 1658 ad
222 1628 361 1667 primum
381 1630 499 1659 statum
514 1628 643 1658 reducta
658 1630 704 1658 est
724 1638 731 1658 ε
751 1630 781 1658 et
797 1628 878 1658 hane
902 1628 939 1668 (b)

168 1680 418 1712 meliorationem
435 1684 549 1712 vocant
565 1681 644 1712 vim.
668 1680 729 1725 Sed
748 1681 807 1711 ista
827 1681 940 1721 positio

167 1742 230 1764 11011
246 1736 348 1774 potest
366 1736 448 1765 stare
466 1745 472 1765 :
490 1734 609 1774 primo,
626 1734 701 1774 quia
716 1734 786 1764 haec
801 1735 849 1764 vis
868 1734 941 1765 dioi-

167 1789 219 1817 tur
234 1787 282 1818 vis
297 1788 335 1818 ad
347 1787 605 1827 regenerandum
619 1796 627 1817 :
642 1787 696 1817 sed
711 1787 793 1818 hanc
808 1796 873 1818 non
887 1787 941 1818 ha-

167 1839 261 1870 bebat
284 1849 367 1880 aqna
391 1840 426 1870 iu
449 1843 533 1871 statu
556 1840 760 1879 innocentiae,
780 1841 856 1881 quia
875 1850 940 1871 non

167 1895 233 1922 erat
249 1902 329 1932 opus
344 1893 590 1931 regeneratione
605 1903 612 1924 z
628 1894 713 1924 unde
729 1894 784 1924 illa
798 1894 941 1924 meliora-

167 1945 210 1976 tio
226 1945 304 1976 nihil
321 1946 391 1976 facit
404 1946 442 1976 ad
459 1955 538 1976 rem.
557 1946 734 1983 Praeterea,
754 1947 779 1976 si
796 1956 879 1987 aqna
894 1950 940 1977 est

167 1998 346 2036 meliorata,
364 2000 393 2029 et
410 2008 475 2029 non
489 1999 550 2029 alia
564 1999 720 2030 elementa
733 2011 740 2037 ;
755 2008 834 2040 ergo
854 2000 940 2031 vide-

166 2053 233 2090 tur,
251 2051 334 2091 quod
351 2052 508 2083 ordinatio
529 2052 760 2083 elementorum
784 2053 824 2083 sit
845 2053 937 2083 dissi-

167 2106 249 2144 pata,
263 2113 337 2135 eum
352 2114 478 2136 necesse
493 2105 531 2135 sit
547 2105 630 2144 quod
645 2106 783 2136 habeant
798 2106 937 2137 debitam

168 2157 413 2197 proportionem.
429 2157 466 2188 Et
482 2160 610 2198 propter
624 2159 684 2189 hoe
698 2159 805 2190 dieunt
819 2159 915 2199 aliqui
928 2184 935 2197 ,

167 2209 252 2249 quod
266 2210 387 2241 collatio
401 2211 448 2241 vis
460 2213 691 2250 regenerativae
707 2221 770 2243 non
785 2216 830 2243 est
843 2222 936 2253 aquae

168 2261 360 2300 melioratio,
377 2263 428 2294 vel
443 2265 621 2304 purificatio
633 2275 641 2303 3
658 2266 711 2295 sed
726 2265 862 2305 aliquus
875 2267 937 2297 vir-

166 2315 242 2345 tutis
268 2317 517 2355 supernaturalis
538 2318 683 2357 collatio,
707 2328 779 2359 quae
802 2328 866 2350 non
891 2323 938 2350 est

165 2368 238 2398 data
252 2377 345 2408 3111133
361 2370 536 2401 secundum
553 2380 620 2402 esse
635 2372 832 2411 perfeetum,
850 2382 936 2413 quo-

164 2421 306 2461 adusque
331 2421 439 2452 veniat
461 2424 614 2462 verbum,
640 2425 722 2455 sicut
744 2425 793 2456 v1s
814 2426 933 2457 immu-

164 2474 252 2505 tandi
267 2475 373 2505 visum
389 2484 454 2506 non
470 2477 517 2507 est
531 2476 565 2507 in
585 2477 688 2508 colore
703 2479 856 2518 perfecta,
874 2480 935 2510 nisi

164 2528 409 2568 superveniente
427 2528 551 2560 lumine
569 2540 575 2560 ;
594 2532 625 2561 et
640 2531 708 2562 haec
728 2541 824 2572 supra
837 2535 934 2564 natu-

163 2590 233 2612 ram
258 2581 331 2612 data
351 2584 397 2613 est
419 2591 526 2622 aquae,
545 2584 575 2614 et
599 2592 696 2624 supra
718 2586 866 2616 naturam
890 2586 933 2617 ihi

164 2634 286 2673 existit,
300 2636 336 2666 ut
356 2635 505 2667 effectum
527 2635 640 2667 habeat
663 2646 760 2677 supra
785 2641 933 2671 naturam

1711 185 1768 215 315

997 256 1054 286 per
1065 247 1262 278 voluntatem
1277 247 1430 278 divinam.
1447 247 1508 279 Sed
1522 250 1673 288 quoniam
1689 249 1767 281 illud

997 299 1121 330 difficile
1137 302 1184 330 est
1199 300 1390 339 intelligere,
1404 301 1564 340 quomodo
1580 300 1699 340 aliquid
1714 302 1767 333 ab·

997 353 1153 390 solutum,
1170 353 1237 383 sive
1251 354 1427 384 secundum
1444 355 1591 384 naturam
1603 378 1610 391 ,
1627 354 1694 384 sive
1713 364 1764 385 511-

997 414 1054 445 pra
1073 408 1235 443 naturam,
1255 406 1294 436 sit
1316 407 1409 437 1110110
1424 407 1457 436 111
1473 416 1573 446 aqna,
1595 407 1678 446 qnod
1705 417 1767 438 non

997 460 1063 488 erat
1079 458 1181 497 prius,
1200 461 1230 489 et
1253 460 1413 499 quomodo
1429 459 1538 490 (latum
1556 459 1596 488 sit
1621 462 1766 491 contactu

997 512 1099 552 carnis
1123 512 1217 542 etiam
1237 512 1328 552 aquis
1349 512 1478 543 remotis
1499 523 1505 549 ;
1530 515 1695 552 propterea
1718 514 1766 543 di-

997 564 1148 602 cendum,
1165 565 1247 595 sieut
1267 567 1385 596 tactum
1409 566 1467 596 fuit
1487 574 1602 605 supra⁷
1619 566 1703 606 quod
1720 567 1767 596 viS

996 615 1050 646 illa
1070 625 1133 646 non
1155 617 1201 647 est
1222 616 1330 656 aliqua
1355 617 1531 656 proprietas
1556 617 1606 647 vel
1632 618 1768 647 essentia

997 669 1140 700 absoluta
1159 670 1264 701 addita
1287 679 1398 710 aquae,
1414 669 1465 700 sed
1488 670 1591 701 solum
1612 670 1768 701 ordinatio

997 724 1067 762 eJus
1089 723 1128 753 ad
1147 722 1208 753 hoo
1222 723 1305 763 quod
1327 723 1423 753 1101110
1438 725 1657 762 regeneretur.
1677 722 1768 754 Prius

997 775 1081 806 enim
1099 784 1209 806 omnes
1223 776 1363 815 liquores
1377 777 1467 806 erant
1481 775 1697 806 indifferentes
1708 799 1717 813 ,
1736 778 1769 806 et

998 830 1118 867 poterat
1136 852 1145 866 ,
1168 828 1202 858 in
1225 831 1380 867 quantum
1403 830 1449 858 est
1471 828 1508 858 de
1530 837 1581 866 se,
1605 828 1638 858 in
1663 828 1768 868 aliquo

997 880 1057 911 alio
1075 881 1198 920 liquore
1214 881 1361 920 baptizari
1373 905 1380 918 ‚
1397 884 1433 911 ut
1448 881 1479 910 in
1500 890 1593 920 aqua.
1613 881 1673 912 Sed
1695 891 1768 912 cum

998 933 1148 964 Dominw
1170 934 1271 964 voluit
1294 934 1414 972 mergi³
1433 936 1462 963 et
1477 934 1653 973 baptizatus
1668 937 1714 965 est
1737 935 1767 964 in

997 996 1096 1026 aqua,
1110 987 1175 1017 sola
1191 997 1273 1026 aqna
1287 987 1394 1017 habuit
1408 987 1637 1018 ordinationem
1648 988 1686 1018 ad
1697 988 1766 1025 line,

997 1043 1026 1071 et
1043 1040 1112 1070 ideo
1126 1040 1226 1071 solum
1244 1041 1276 1070 in
1299 1050 1334 1070 ea
1359 1041 1459 1079 poluit
1484 1041 1550 1070 fieri
1577 1041 1765 1080 baptismus.

997 1093 1058 1124 Sed
1073 1093 1147 1132 qnia
1165 1103 1227 1123 non
1245 1093 1381 1124 instituit.
1401 1094 1593 1132 lumiminum
1608 1094 1678 1124 fieri
1698 1096 1765 1124 tan-

996 1147 1064 1176 tum
1080 1155 1135 1185 per
1150 1146 1403 1183 immersionenu
1422 1146 1485 1176 imo
1507 1147 1602 1176 eliam
1622 1156 1676 1186 por
1692 1156 1765 1177 ver-

996 1199 1111 1229 borum
1133 1199 1337 1238 prolationem
1352 1223 1359 1236 ³
1386 1201 1417 1229 et
1439 1199 1551 1229 talium
1573 1200 1765 1237 verborum3

997 1252 1140 1282 similiter
1171 1254 1201 1282 et
1222 1252 1317 1282 verba
1343 1252 1380 1281 ad
1408 1252 1466 1281 hoe
1490 1252 1659 1282 ordinavit.
1683 1252 1769 1283 Unde

996 1315 1097 1345 aqua,
1117 1304 1148 1334 111
1172 1314 1268 1344 quam
1292 1314 1415 1335 mersus
1436 1308 1499 1342 est,
1518 1306 1548 1335 et
1564 1305 1679 1342 verba,
1697 1314 1769 1345 quae

997 1359 1122 1399 protulit
1140 1383 1147 1396 ‚
1162 1359 1293 1389 ulterius
1318 1359 1435 1388 habent
1458 1358 1524 1388 vim
1547 1369 1553 1388 ι
1578 1367 1643 1388 11011
1666 1368 1768 1389 unum

996 1412 1062 1442 sine
1078 1412 1193 1449 altero7
1214 1412 1289 1450 quia
1303 1413 1478 1450 utrumqne
1500 1411 1630 1440 insimul
1654 1411 1692 1441 ad
1715 1420 1766 1441 re-

997 1465 1235 1503 generationem
1250 1464 1454 1494 obtinondam
1470 1463 1639 1494 ordinavit.
1663 1464 1699 1494 Et
1724 1465 1769 1494 sio

996 1519 1102 1556 patent
1123 1518 1246 1556 objecta
1275 1518 1314 1547 ad
1334 1519 1504 1556 utramque
1529 1519 1670 1557 partem,
1694 1518 1769 1557 quia

995 1573 1099 1612 prima
1123 1572 1297 1612 procedunt
1319 1572 1356 1602 de
1374 1572 1405 1601 vi
1417 1596 1426 1610 ,
1442 1574 1476 1602 ut
1495 1575 1542 1602 est
1561 1572 1716 1603 ordinatio
1730 1573 1770 1603 ad

995 1626 1287 1665 regenerationem3
1306 1625 1442 1655 secunda
1460 1627 1566 1655 ants-m
1581 1625 1618 1655 (le
1633 1626 1676 1663 vi,
1694 1635 1768 1666 quae

995 1682 1040 1710 est
1063 1680 1198 1719 qualitas
1220 1679 1374 1709 absoluta.
1403 1679 1476 1709 Haec
1499 1681 1606 1709 autem
1632 1680 1681 1709 vis
1704 1689 1768 1710 non

994 1736 1041 1764 est.
1071 1743 1126 1773 per
1152 1733 1400 1763 transfusionem
1422 1757 1430 1770 ‚
1464 1733 1514 1762 sed
1549 1742 1605 1772 per
1638 1733 1767 1763 institu-

995 1787 1123 1817 tionem.
1143 1786 1230 1817 Unde
1248 1810 1256 1824 ,
1285 1786 1365 1816 sient
1386 1786 1538 1816 Dominus
1560 1795 1623 1815 non
1638 1788 1764 1816 tantum

994 1841 1111 1878 verba,
1128 1849 1200 1880 quae
1221 1839 1370 1879 protulit,
1388 1839 1547 1870 ordinavit
1570 1841 1600 1869 et
1634 1839 1769 1869 instituit

994 1894 1033 1923 ad
1058 1893 1332 1932 regfflerandnm,
1362 1892 1414 1922 sed
1444 1892 1539 1922 etiam
1565 1891 1673 1922 omnia
1692 1901 1768 1922 con-

993 1945 1128 1982 similia;
1147 1946 1191 1975 sio
1217 1954 1279 1975 uon
1295 1947 1419 1975 lantum
1440 1954 1557 1985 aquam
1571 1969 1579 1983 ‚
1599 1954 1695 1984 quam
1720 1946 1768 1975 te·-

993 1999 1081 2038 tigit,
1109 1999 1162 2029 sed
1189 2008 1317 2029 omnem
1333 2008 1449 2038 aquam
1477 1998 1595 2038 speeie-
1613 1997 1765 2029 consimi-

993 2052 1065 2082 lem.
1098 2052 1150 2083 Est
1180 2055 1286 2083 auten]
1316 2052 1419 2082 omnis
1447 2061 1532 2091 1111113
1559 2051 1646 2082 omni
1672 2059 1766 2091 aquae

992 2106 1093 2146 specie
1109 2106 1280 2136 consimilis
1296 2116 1302 2135 :
1317 2106 1347 2136 et
1359 2105 1428 2135 ideo
1444 2105 1530 2135 omni
1549 2113 1641 2144 aquae
1656 2106 1766 2135 contu-

991 2161 1037 2191 lit.
1068 2161 1105 2191 Et
1127 2162 1173 2190 est
1201 2160 1304 2191 simile
1321 2183 1330 2197 ,
1358 2160 1382 2190 si
1411 2169 1467 2190 rex
1496 2160 1657 2191 ordinaret
1681 2160 1763 2199 quod

990 2214 1102 2245 littorae
1131 2222 1199 2244 snae
1228 2215 1353 2244 tantum
1381 2214 1533 2244 haherent
1555 2213 1708 2244 virtutem
1734 2215 1763 2244 et

991 2269 1161 2299 efficaciam
1173 2292 1182 2307 ‚
1199 2277 1272 2308 (111ae
1287 2268 1499 2299 scriberentur
1515 2268 1546 2297 in
1563 2268 1697 2307 pellibus
1715 2277 1764 2299 ca-

991 2322 1107 2362 prinis,
1125 2324 1153 2351 el
1170 2330 1243 2361 qnae
1257 2324 1359 2351 essent
1378 2321 1504 2360 seriptae
1527 2321 1687 2360 aliquibus
1706 2321 1761 2351 de-

990 2374 1166 2405 terminatis
1194 2374 1299 2405 verbis
1315 2399 1323 2412 ,
1350 2376 1380 2405 et
1406 2374 1466 2404 hoe
1494 2374 1621 2413 quidem
1648 2374 1763 2404 faceret

991 2436 1089 2458 manu
1104 2436 1179 2465 5113,
1196 2426 1361 2457 scribendo
1384 2427 1415 2457 in
1435 2427 1489 2457 illo
1512 2435 1631 2465 genere
1652 2426 1759 2466 pellis,

989 2480 1148 2511 diceretur
1163 2480 1247 2520 quod
1264 2490 1319 2511 rex
1335 2480 1388 2510 illa
1404 2489 1501 2510 mann
1518 2489 1575 2509 sua
1591 2479 1763 2510 efficaciam

989 2534 1074 2565 dedit
1097 2534 1141 2564 illi
1165 2543 1359 2574 pergameno
1376 2558 1383 2571 ‚
1403 2535 1433 2563 et
1454 2533 1541 2563 omni
1565 2542 1761 2573 pergameno

1021 2616 1053 2645 (a)
1073 2615 1142 2638 Edit.
1169 2615 1224 2638 l'en.
1246 2613 1394 2638 lialiililrilio.
1417 2625 1446 2631 ·-
1474 2613 1503 2644 ss)
1529 2613 1589 2636 Cret.
1617 2613 1676 2637 culn.
1697 2614 1761 2637 hanc

988 2652 1082 2675 vocant
1100 2649 1176 2674 illam.

1791 306 1888 334 Improb.

1784 471 1887 493 Deterrui-

1783 502 1847 522 natio.

1798 2064 1873 2084 Exem-

1782 2094 1849 2121 plum.
