2017 2948
126 2033 228 2053 Fundani.

231 99 289 128 632

231 164 332 194 simile
349 164 387 195 de
401 164 474 195 visu
486 188 494 201 ‚
512 164 587 204 quia
609 165 665 204 qui
680 165 766 196 videt
788 164 948 195 hominem
971 166 1002 194 et

232 217 389 257 plantam,
406 226 479 257 quae
500 226 565 248 non
580 217 683 248 solum
708 218 857 248 differunt
877 217 1000 256 specie,

232 271 286 301 sed
305 271 400 301 etiam
421 280 557 310 genere,
574 270 659 302 videt
682 273 788 301 tamen
800 294 810 308 ,
831 271 905 310 quia
929 272 1003 301 sunt

231 324 383 362 eolorata;
396 324 482 355 videt
496 324 589 354 etiam
603 324 711 354 album
725 327 755 353 et
768 324 912 362 nigrum,
929 333 1002 363 quae

231 379 307 408 sunt
324 377 445 418 obJecta
462 387 518 417 per
536 386 587 415 se,
609 380 639 408 et
662 377 813 407 differunt
831 377 950 416 specie3
973 379 1003 407 et

233 434 339 461 tamen
354 431 418 470 ipse
431 439 496 461 non
510 430 615 461 differt
626 454 634 467 ‚
651 429 725 469 quia
739 429 824 460 videt
838 438 894 468 per
909 431 1001 459 natu-

233 493 303 514 ram
312 483 392 514 lucis
404 494 410 514 z
423 483 466 514 sic
481 483 625 513 contritio
639 482 810 513 detestatur
821 483 1003 522 superbiam

234 539 264 568 et
271 536 445 574 luxuriam,
455 536 487 566 in
496 538 650 575 quantum
659 536 780 566 malum
787 537 895 566 contra
906 535 1004 566 lleum

235 591 451 630 perpetratum
465 589 504 619 ab
518 589 586 628 ipso
601 589 657 628 qui
672 589 854 619 conteritur.
873 588 910 618 Et
925 588 949 618 si
969 590 1005 618 tu

233 643 381 682 objicias,
406 642 492 682 quod
511 642 655 672 contritio
673 644 720 672 est
736 642 782 672 vis
806 641 1004 680 concupisci-

233 696 303 726 bilis
315 720 323 733 ,
340 698 371 726 et
386 695 570 735 poenitentia
584 697 630 726 est
646 695 680 725 in
695 694 844 725 irascibili
860 719 867 732 ,
885 703 982 734 supra
995 694 1003 710 ¹

232 749 372 779 solutum
387 750 443 779 est.
456 748 534 779 Nam
550 748 637 779 dolor
652 752 682 778 et
696 748 806 779 odium
818 757 890 777 cum
904 748 1006 777 insur-

233 802 371 833 rectione
398 802 539 832 consistit
559 802 592 832 in
617 801 779 839 irascibili,
803 803 911 831 tamen
932 810 1005 830 cum

233 856 286 886 illo
305 858 351 886 est
369 856 457 886 dolor
478 855 609 895 quidam
633 855 666 885 in
687 854 921 895 concupiscibili
944 865 950 885 z
976 856 1006 885 et

234 909 291 939 iste
306 910 352 939 est
367 909 540 948 imperatus
554 918 572 938 a
588 908 790 947 poenitentia,
806 909 837 938 et
852 909 1002 947 conjunc-

234 965 286 993 tus
305 972 378 993 cum
401 962 455 993 illo
470 962 576 993 dolore
594 974 600 993 :
618 965 647 993 et
671 963 715 992 sic
734 964 816 1001 patet
834 962 918 1002 quod
940 970 1006 992 non

235 1019 281 1046 est
307 1017 500 1046 contrarium
527 1016 705 1055 prffldictis‚
731 1016 807 1055 quia
831 1018 1006 1054 utrumque

235 1069 394 1099 concurrit
414 1069 453 1099 ad
473 1069 692 1099 contritionem
710 1077 717 1098 :
735 1069 788 1099 sed
807 1069 931 1108 primus
946 1068 1004 1098 do-

235 1122 283 1152 lor
298 1124 344 1152 est
358 1122 538 1161 praecipuus
548 1146 556 1159 ‚
574 1124 604 1152 et
618 1122 809 1161 principalis.

476 1241 717 1275 ARTICULUS
741 1241 782 1275 11.

277 1335 520 1375 Consequenter,
536 1337 693 1374 quantum
708 1335 746 1365 ad
763 1336 939 1366 secundum
955 1345 1009 1366 ar-

237 1388 388 1426 ticulum,
406 1388 562 1428 quaeritur
584 1388 622 1418 de
644 1388 830 1419 contritione
852 1391 1009 1428 quantum

238 1441 276 1472 ad
291 1441 517 1480 quantitatem3
535 1443 566 1471 et
587 1441 667 1471 circa
690 1441 750 1471 hoc
769 1441 832 1472 duo
855 1450 1010 1481 quaeruu-

240 1496 292 1525 tur
310 1505 316 1525 z
333 1494 437 1533 primo
459 1494 616 1533 quaeritur
632 1496 742 1525 utrum
757 1503 882 1525 neeesse
897 1495 936 1525 sit
957 1495 1011 1526 do-

241 1547 341 1577 lorem
354 1547 549 1578 contritionis
563 1556 630 1578 esse
644 1548 823 1577 maximum
836 1559 843 1585 ;
861 1549 1010 1586 secundo,

242 1602 350 1630 utrum
365 1600 513 1640 possibile
530 1600 569 1630 sit
584 1601 617 1630 in
632 1600 685 1631 illo
706 1600 813 1631 dolore
830 1602 940 1632 cadere
955 1610 1011 1631 ex-

241 1663 376 1684 cessum.
403 1654 444 1684 De
467 1654 640 1693 quantitate
663 1654 749 1684 enim
770 1655 966 1685 contritionis
995 1665 1014 1685 a

243 1709 331 1746 parte
346 1707 458 1746 gratiae
476 1716 540 1738 non
560 1709 607 1737 est
623 1707 755 1738 dubium
766 1732 776 1746 ,
798 1708 873 1748 qnia
888 1710 1014 1739 tantum

243 1762 290 1790 est
304 1759 367 1791 Deo
381 1762 506 1800 accepta
516 1784 526 1798 ,
542 1764 697 1800 quantum
712 1762 757 1791 est
773 1761 887 1800 gratia.

497 1866 703 1904 QUAESTIO
736 1867 758 1897 Ι.

244 1948 291 1975 An
304 1950 338 1975 sit
354 1955 451 1975 necesse
465 1948 580 1976 dolorem
590 1950 760 1976 contritionis
775 1957 826 1976 esse
838 1951 986 1976 maaeimum
997 1951 1014 1975 ².

286 2027 399 2058 Utrum
426 2037 552 2059 necesse
578 2029 617 2059 sit
647 2029 788 2060 dolorem
820 2030 1018 2061 contritionis

245 2089 312 2111 esse
327 2081 523 2119 maximum,
541 2082 572 2112 id
587 2084 651 2120 est,
670 2085 779 2113 utrum
799 2083 838 2113 ad
857 2084 917 2114 hoc
932 2085 1017 2124 quod

245 2133 393 2164 contritio
408 2134 447 2164 sit
469 2134 628 2165 sufficiens
639 2158 646 2171 ‚
669 2144 795 2166 necesse
813 2137 852 2167 sit
875 2137 946 2176 plus
961 2137 1017 2168 do-

246 2187 309 2218 lere
324 2187 362 2218 de
377 2189 503 2227 peccato
514 2211 521 2224 ‚
539 2196 637 2226 quam
652 2187 690 2218 de
706 2188 812 2228 aliquo
828 2190 993 2229 temporali
1007 2200 1015 2228 ;

246 2242 276 2270 et
301 2240 385 2279 quod
409 2240 469 2278 sic,
489 2239 640 2270 videtur³
663 2251 669 2270 :
696 2241 829 2273 Luctum
856 2244 1018 2282 uniqem'ti

244 2293 296 2330 fac
313 2293 373 2324 tibi
380 2303 388 2330 ;
406 2292 533 2323 Glossa:
556 2304 570 2321 «
588 2292 680 2323 Docet
700 2295 903 2333 poenitentem
916 2320 924 2335 ,
941 2297 1017 2336 quid

245 2348 346 2378 facere
361 2348 490 2384 deheat;
506 2358 519 2375 n
541 2349 571 2378 et
586 2347 648 2378 alia
663 2348 788 2379 Glossw·
805 2359 811 2377 τ
834 2362 848 2378 «
867 2349 950 2381 Nihil
966 2352 1017 2382 do-

277 2428 285 2443 ¹
300 2427 362 2451 Dist.
378 2433 431 2457 XVI,
450 2435 476 2458 p.
494 2434 510 2457 t,
526 2429 574 2451 art.
588 2429 610 2458 1,
626 2435 649 2458 q.
668 2434 705 2452 111.
717 2429 764 2446 —2
776 2430 817 2459 Cf.
834 2430 903 2454 Alex.
920 2431 1015 2460 Mens,

247 2469 270 2492 p.
289 2463 329 2491 lV,
346 2470 369 2493 q.
387 2469 450 2492 xvu,
464 2463 559 2486 memb.
580 2464 603 2492 2,
615 2465 661 2487 art.
688 2466 711 2495 1,
730 2464 744 2494 ἓ
763 2466 792 2494 333
814 2466 839 2488 S.
863 2466 964 2495 Tl10111.,
990 2466 1014 2490 iu

247 2497 334 2528 suppl.
351 2505 377 2528 p.
395 2497 442 2526 ΙΙΙ,
459 2505 485 2528 q.
506 2503 552 2528 111,
572 2500 619 2522 art.
639 2501 665 2528 ¹3
682 2501 706 2522 et
726 2500 755 2523 tv
777 2500 860 2527 Sent.,
877 2500 934 2524 dist.
956 2507 1015 2530 xvl,

247 2539 271 2563 q.
289 2539 314 2562 1,
333 2536 379 2556 art.
397 2536 420 2563 3,
438 2540 463 2563 q.
485 2539 508 2562 1;
531 2533 619 2556 Guliel.
638 2534 726 2564 Altisti,
748 2535 777 2558 lV
799 2535 878 2565 Seni„
894 2537 964 2559 tractv
980 2542 1014 2566 vx,

247 2575 268 2590 c.
282 2574 310 2598 11,
323 2575 348 2599 q.
365 2574 410 2598 111;
429 2568 514 2599 Steph.
533 2568 637 2599 maleit,
648 2570 706 2593 dist.
724 2576 775 2600 xvi,
785 2577 810 2600 q.
825 2576 866 2600 1113
884 2573 972 2596 Petrus
984 2572 1014 2595 de

791 96 1102 129 SENTENTtARUM
1124 97 1198 128 LlB.
1223 97 1272 128 W.

1058 164 1173 194 lentius
1196 166 1297 195 morte
1311 165 1476 203 unigeniti.
1493 177 1506 193 n
1536 165 1622 204 Ergo
1638 168 1762 197 tantum
1777 166 1829 197 de-

1058 217 1109 247 bet
1130 218 1202 257 quis
1223 217 1329 248 dolere
1348 217 1386 248 de
1409 220 1554 257 peceato,
1577 218 1663 258 quod
1684 219 1722 250 de
1742 219 1828 250 nullo

1058 271 1173 309 magis.

1099 324 1176 355 Item
1184 324 1384 363 Augustinus
1392 325 1401 341 ⁶
1417 335 1423 354 :
1437 335 1451 351 r«
1464 324 1595 355 Necesse
1603 327 1649 356 est
1659 327 1693 356 ut
1704 327 1830 357 tantum

1058 380 1130 407 urat
1144 377 1242 414 dolor,
1259 379 1414 416 quantum
1435 377 1571 408 haeserat
1591 387 1681 408 amor
1696 389 1703 408 :
1719 389 1734 406 ι)
1753 387 1831 418 ergo

1058 430 1083 460 si
1106 430 1189 461 dolet
1212 430 1283 470 plus
1304 431 1342 461 de
1367 430 1536 461 amissione
1557 431 1604 461 rei
1628 431 1830 471 temporalis,

1058 492 1155 522 quiam
1169 483 1207 513 de
1220 483 1389 514 amissione
1404 483 1457 513 Dei
1469 493 1525 523 per
1539 484 1664 524 culpam
1674 508 1684 522 ,
1700 484 1771 524 plus
1783 493 1834 515 er-

1060 545 1103 575 go
1126 536 1231 575 diligit
1255 546 1323 567 rem
1338 537 1543 577 temporalem
1556 560 1564 574 ‚
1583 546 1679 577 quam
1707 537 1829 568 Deum:

1060 590 1113 620 sed
1128 590 1236 620 nullus
1251 590 1320 620 talis
1334 590 1463 630 poenitet
1479 600 1552 621 vere
1567 601 1574 620 :
1590 599 1684 630 ergo⁷
1701 592 1760 621 etc.

1102 643 1180 673 item
1194 643 1316 673 ratione
1331 643 1468 681 videtur,
1486 643 1562 683 quia
1579 643 1668 674 dolor
1682 643 1833 674 fundatur

1060 697 1092 727 in
1107 705 1214 727 amore
1225 721 1232 734 ,
1249 698 1279 726 et
1294 697 1398 726 omnis
1412 697 1550 734 affectio,
1568 699 1603 727 ut
1616 697 1690 727 dicit
1705 697 1833 736 Augus-

1061 749 1145 780 tinus
1155 750 1165 765 θ
1180 761 1186 779 :
1204 750 1256 780 sed
1271 758 1360 780 amor
1375 749 1429 780 Dei
1442 750 1532 780 debet
1544 759 1612 780 esse
1627 751 1730 789 major
1744 749 1833 780 omni

1061 811 1168 833 amore
1184 805 1356 833 creaturae:
1374 812 1452 842 ergo
1464 805 1494 833 et
1508 802 1597 833 dolor
1608 811 1649 833 ex
1663 802 1834 833 amissione

1062 855 1127 886 Dei.

1102 909 1180 940 Item
1201 910 1290 940 dolor
1310 910 1506 941 contritionis
1521 912 1566 940 est
1581 919 1599 940 a
1619 909 1724 949 gratia
1742 909 1773 939 et
1791 908 1829 939 li·

1063 963 1137 993 bero
1160 963 1306 1002 arbitrio3
1330 964 1384 994 sed
1401 963 1483 994 alius
1496 965 1621 994 tantum
1637 972 1655 992 a
1672 961 1765 1001 culpa
1777 985 1785 1000 ‚
1802 963 1832 992 et

1061 1017 1160 1047 libero
1176 1018 1308 1048 arbitrio
1332 1029 1338 1048 z
1357 1018 1410 1048 sed
1434 1017 1537 1057 gratia
1560 1016 1631 1056 plus
1652 1016 1779 1046 roborat
1802 1015 1834 1045 in

1062 1070 1160 1107 bono,
1178 1079 1275 1110 quam
1292 1071 1384 1110 culpa
1400 1070 1528 1101 inclinet
1541 1069 1579 1100 ad
1597 1069 1740 1100 malum:
1756 1076 1835 1107 ergo

1063 1126 1168 1154 motus
1183 1123 1298 1154 doloris
1313 1124 1433 1154 fortior.

1106 1176 1182 1206 ltem
1197 1177 1323 1207 animus
1332 1179 1438 1216 justus
1449 1177 1519 1216 plus
1530 1176 1591 1207 Deo
1600 1176 1721 1213 unitur,
1735 1183 1832 1215 quam

1063 1229 1123 1259 sibi
1138 1239 1193 1269 per
1207 1238 1350 1260 amorem
1364 1240 1370 1259 :
1389 1230 1442 1260 sed
1457 1229 1495 1260 de
1509 1239 1546 1260 eo
1556 1254 1564 1267 ‚
1580 1229 1635 1269 qui
1650 1228 1753 1268 magis
1767 1227 1835 1258 uni-

1064 1285 1127 1321 tur,
1145 1283 1250 1323 magis
1258 1284 1340 1314 dolet
1353 1293 1425 1314 cum
1436 1285 1600 1323 separatur
1615 1294 1622 1313 2
1639 1291 1719 1321 ergo
1729 1281 1836 1321 magis

1065 1336 1148 1367 dolet
1162 1346 1195 1367 se
1210 1346 1266 1376 per
1276 1339 1439 1376 peccatum
1454 1338 1636 1376 separatum
1646 1344 1714 1366 esse
1730 1344 1749 1365 a
1760 1334 1834 1372 Deo,

1066 1399 1163 1429 quam
1179 1389 1217 1420 de
1236 1392 1338 1420 m01te
1362 1389 1514 1429 proximi,
1542 1391 1572 1419 et
1595 1390 1697 1420 morte
1716 1396 1788 1425 sua,
1810 1387 1836 1417 si

1067 1445 1147 1473 esset
1161 1443 1321 1483 possibile.

1109 1496 1187 1527 Item
1214 1496 1317 1526 omnis
1345 1496 1465 1527 habens
1487 1495 1633 1526 animum
1656 1494 1839 1525 ordinatum

1069 1550 1140 1589 plus
1154 1550 1237 1580 dolet
1251 1550 1289 1580 de
1313 1550 1482 1580 amissione
1505 1548 1634 1588 majoris
1656 1548 1732 1578 honi
1756 1558 1763 1578 t
1787 1546 1841 1578 sed

1070 1603 1152 1633 Deus
1166 1605 1213 1633 est
1227 1611 1391 1633 summum
1406 1603 1526 1633 bonum
1536 1626 1545 1640 ,
1562 1604 1593 1632 et
1607 1602 1711 1632 omnis
1725 1600 1841 1632 contri-

1070 1659 1122 1687 tus
1132 1657 1225 1687 habet
1239 1656 1383 1686 animum
1393 1656 1576 1687 ordinatum
1590 1667 1596 1686 2
1613 1664 1690 1693 ergo
1705 1654 1776 1694 plus
1791 1654 1842 1685 do-

1071 1711 1113 1741 let
1128 1712 1166 1741 de
1180 1711 1349 1741 amissione
1365 1710 1417 1740 Dei
1427 1734 1436 1747 ,
1452 1718 1549 1750 quam
1565 1709 1603 1740 dc
1619 1708 1789 1739 amissione
1801 1707 1843 1738 al-

1073 1764 1171 1795 terius
1186 1764 1260 1794 boni
1278 1764 1372 1794 creati
1384 1764 1405 1793 ⁷.

1113 1817 1173 1848 Sed
1188 1819 1316 1848 contra:
1336 1820 1362 1847 l.
1381 1816 1561 1847 Ostenditur
1576 1815 1659 1856 quod
1674 1824 1739 1846 non
1754 1823 1845 1854 opor·
1862 1827 1895 1847 ,111
1911 1834 1961 1853 Ἣ».

1074 1873 1117 1901 tet
1129 1879 1197 1901 esse
1208 1871 1372 1910 majorem,
1386 1879 1483 1910 quain
1497 1870 1534 1900 de
1545 1869 1652 1909 aliquo
1666 1868 1844 1908 temporali,

1074 1924 1149 1964 quia
1160 1927 1170 1942 ⁸
1184 1924 1285 1954 albius
1301 1926 1364 1961 est,
1387 1923 1469 1963 quod
1486 1925 1532 1953 est
1546 1923 1642 1961 nigro
1657 1921 1844 1962 impermix-

1074 1978 1136 2007 tius
1152 1988 1157 2007 :
1176 1986 1253 2016 ergo
1269 1978 1371 2016 major
1384 1979 1430 2007 est
1447 1976 1546 2014 dolor,
1563 1976 1617 2016 qui
1632 1975 1738 2005 minus
1752 1974 1848 2005 hahet

1075 2031 1113 2061 de
1126 2030 1245 2070 gaudio
1260 2041 1266 2060 z
1284 2030 1337 2060 sed
1352 2030 1442 2060 dolor
1454 2029 1651 2060 contritionis
1664 2030 1712 2059 est
1726 2028 1847 2059 mixtus

1076 2084 1209 2123 gaudio,
1236 2083 1318 2114 alius
1339 2083 1407 2113 sine
1424 2083 1531 2123 aliquo
1545 2082 1664 2122 gaudio
1679 2083 1726 2112 est
1741 2090 1842 2122 quan-

1074 2138 1177 2177 doque
1194 2148 1201 2168 :
1219 2146 1297 2176 ergo
1311 2137 1362 2167 ille
1377 2138 1490 2175 major.

1114 2193 1143 2220 9..
1164 2190 1240 2221 item
1261 2190 1363 2228 magis
1383 2189 1554 2219 dolendum
1575 2191 1622 2219 est
1643 2188 1682 2219 de
1701 2197 1738 2219 eo
1759 2188 1844 2228 quod

1075 2243 1253 2283 recuperari
1269 2251 1333 2273 non
1348 2244 1463 2282 potest,
1481 2250 1578 2281 quam
1593 2242 1630 2272 de
1645 2250 1682 2272 eo
1697 2241 1782 2281 quod
1797 2249 1844 2271 re-

1075 2297 1219 2336 cuperari
1248 2298 1366 2336 potest,
1392 2297 1423 2326 et
1446 2296 1668 2335 recuperatum
1694 2296 1739 2325 est
1761 2304 1767 2324 :
1789 2293 1843 2324 sed

1074 2350 1203 2380 amissio
1218 2350 1273 2380 filii
1296 2358 1359 2380 non
1374 2351 1474 2389 potest
1493 2348 1693 2388 recuperari,
1715 2347 1843 2378 amissio

1072 2431 1165 2455 ‘raram
1178 2448 1186 2459 ‚
1201 2431 1231 2454 IV
1249 2432 1327 2460 Sene„
1343 2431 1400 2454 dist.
1417 2436 1482 2459 xvii,
1495 2437 1519 2460 q.
1533 2436 1568 2453 ix.
1584 2443 1614 2447 -
1624 2430 1632 2443 ³
1642 2430 1742 2459 levem„
1754 2434 1789 2456 vr,
1802 2429 1839 2452 27.

1073 2479 1102 2483 -
1119 2466 1128 2481 ⁴
1142 2466 1221 2490 ‹jlossn
1233 2466 1342 2489 interlin.
1354 2479 1384 2483 —
1399 2466 1409 2482 ⁵
1423 2467 1495 2495 Aug„
1510 2465 1539 2488 (le
1552 2465 1625 2488 civit.
1642 2465 1707 2493 Dein,
1717 2464 1761 2488 lib.
1775 2463 1840 2493 XXl,

1074 2509 1095 2525 e.
1111 2507 1180 2530 xxvi,
1196 2508 1221 2525 n.
1241 2502 1261 2524 4.
1277 2514 1307 2518 -
1323 2501 1333 2517 ⁶
1348 2500 1421 2530 thid„
1441 2501 1484 2523 lib.
1504 2501 1594 2530 le‚c.
1614 2506 1656 2530 XV,
1672 2506 1697 2523 n.
1713 2501 1737 2529 2,
1757 2498 1840 2529 quoad

1071 2543 1184 2596 sTeusuiln.
1194 2550 1224 2554 —
1239 2535 1246 2552 ⁷
1260 2536 1347 2560 Deficit
1358 2537 1537 2565 argumentum
1553 2535 1677 2560 ultimum.
1689 2547 1718 2552 -
1733 2533 1744 2550 ⁸
1756 2532 1838 2562 Arist„

1090 2579 1139 2603 ομ,
1162 2578 1201 2596 oc.
1215 2573 1239 2596 9.
