2017 2948
779 197 970 229 DISTlNCT.
995 196 1141 228 XXXVII.

173 265 303 305 aliquid.
324 266 401 296 Item
413 274 506 296 omne
521 265 725 295 artificiatum
740 267 786 295 est
801 264 917 304 aliquid
936 275 941 294 :

175 318 228 348 sed
256 318 375 349 idolum
401 320 446 348 est
471 318 693 348 artificiatum:
713 326 791 356 ergo
818 319 865 347 051
887 317 945 347 ali-

175 373 252 412 quid
269 384 276 403 :
294 374 370 413 quid
389 382 467 412 ergo
487 373 599 403 dicitur
620 373 702 412 quod
728 372 848 403 idolum
864 372 944 402 nihil

175 427 245 456 est?
260 426 336 457 Item
352 427 453 456 facere
477 427 560 456 idola
579 429 609 456 et
626 426 782 465 sculptilia
794 450 801 463 ,
819 426 878 456 1100
899 428 945 456 051

175 478 277 509 50111111
299 479 458 508 artificum
475 489 480 508 :
500 487 579 516 ergo
594 479 719 508 videtur
743 478 827 517 quod
852 488 944 508 inan-

177 531 287 561 datum
310 531 388 561 illud
410 540 473 561 non
496 540 528 561 se
553 531 701 562 extendat
725 531 788 561 nisi
814 531 852 561 ad
868 531 946 561 arti-

175 584 258 614 sices.

214 637 304 676 Resp.
323 637 494 668 Dicendum
510 638 593 677 quod
621 637 774 668 Dominus
798 638 831 668 in
853 646 945 668 nian-

175 690 246 720 dato
262 690 365 729 primo
382 691 524 730 praecipit
539 700 569 721 se
585 691 728 727 adorari,
747 693 777 721 et
791 700 823 720 se
838 691 941 721 solum

174 743 295 773 adorari
312 754 317 772 :
341 743 410 773 ideo
426 744 567 783 praeripit
586 744 711 773 latriam
723 768 732 782 ,
749 747 778 774 01
795 744 941 783 prohihet

173 795 394 826 idololatriam.
418 796 456 826 Et
470 797 620 834 quoniam
639 796 814 827 idololatria
841 797 944 835 dupli-

173 848 250 878 citer
265 849 428 878 consuevit
448 849 532 888 apud
547 849 693 887 antiquos
709 849 876 886 committi,
895 850 946 879 vel

173 901 207 931 in
226 901 285 931 hoc
309 901 392 940 quod
416 902 579 940 tingebant
593 911 710 932 novam
725 901 920 940 sculpturam
934 925 944 939 ,

176 955 270 993 cujus
284 963 349 984 non
367 956 434 984 erat
453 955 590 994 reperire
613 954 744 985 omnino
768 954 869 984 simile
887 963 945 984 ex-

174 1009 222 1037 tra
233 1030 242 1045 ,
259 1009 293 1037 ut
309 1008 524 1038 ostenderetur
537 1007 621 1047 quod
634 1007 776 1047 specialis
792 1008 822 1037 et
837 1008 945 1046 singu-

173 1059 248 1090 laris
261 1060 366 1091 cultus
382 1063 460 1091 esset
476 1061 503 1091 ei
520 1060 734 1097 exhihendus3
752 1061 803 1091 vel
841 1061 946 1091 nando

173 1114 268 1143 fiebat
283 1113 387 1152 aliqua
404 1114 510 1153 imago
524 1123 596 1153 quae
613 1116 693 1144 esset
708 1114 946 1153 repraesentatio

174 1166 307 1205 alicujus
320 1167 365 1196 rei
380 1169 480 1204 extra,
497 1176 593 1206 quam
606 1167 678 1207 quis
693 1167 832 1198 crederet
846 1167 877 1196 in
893 1167 947 1197 illa

174 1219 316 1258 imagine
328 1229 393 1249 csse
404 1220 635 1250 venerandam:
655 1221 734 1258 ideo,
747 1223 782 1251 ut
797 1221 864 1250 haec
881 1220 945 1250 duo

175 1273 360 1311 prohibeat,
384 1274 489 1312 tangit
516 1273 567 1303 illa
594 1273 656 1304 duo
678 1274 709 1303 in
734 1274 946 1313 prohibitione

174 1325 378 1363 idololatriae,
397 1326 570 1356 secundum
592 1327 676 1366 quod
698 1327 772 1356 dicit
797 1326 947 1365 Magister

175 1378 209 1408 in
223 1379 335 1409 littera.
352 1379 399 1409 Ad
408 1379 486 1409 illud
497 1388 572 1409 vero
589 1380 673 1419 quod
688 1380 849 1419 objicitur,
860 1380 944 1419 quod

175 1431 254 1461 nihil
269 1434 313 1461 est
329 1423 476 1462 inanima
491 1433 575 1472 quod
590 1433 678 1472 prius
688 1442 752 1462 11011
765 1433 859 1463 fuerit
875 1442 947 1463 sus-

175 1487 301 1524 ceptum
318 1494 336 1515 a
356 1494 467 1523 sensu,
488 1485 657 1516 dicendum
683 1486 766 1525 quod
784 1486 861 1515 illud
877 1495 946 1517 ver-

174 1538 252 1568 bum
277 1538 519 1577 intelligendum
540 1540 604 1576 051,
634 1538 719 1577 quod
747 1538 854 1568 anima
881 1548 945 1569 non

174 1591 268 1621 habet
295 1591 434 1630 aliquam
462 1591 700 1621 similitudinem
717 1615 724 1628 ,
755 1601 852 1631 quam
882 1601 945 1622 non

174 1645 344 1684 susceperit
363 1645 402 1675 ab
428 1648 518 1676 extra
533 1670 541 1683 ,
557 1645 608 1676 vel
626 1646 803 1676 secundum
828 1648 942 1684 totum,

174 1698 224 1729 vel
255 1698 431 1729 secundum
461 1701 594 1738 partem.
620 1698 698 1729 Cum
723 1708 803 1737 ergo
832 1699 945 1730 dicitur

175 1751 261 1791 quod
285 1751 387 1782 forma
406 1752 479 1782 idoli
503 1761 567 1782 non
589 1752 684 1782 habet
701 1753 944 1783 similitudinem

175 1807 264 1834 extra
282 1828 290 1841 ‚
316 1804 375 1835 hoc
404 1805 591 1844 intelligitur
617 1806 792 1836 secundum
818 1809 941 1844 totum3

175 1857 269 1888 habet
283 1859 389 1887 tamen
405 1858 582 1888 seeundum
604 1861 725 1898 partem
738 1883 746 1897 ,
764 1859 844 1890 sicut
861 1863 944 1899 patet

175 1910 212 1940 de
228 1910 389 1948 chimaera,
406 1912 436 1940 et
450 1911 645 1948 hircocervo,
663 1914 693 1941 et
709 1915 814 1942 monte
833 1922 941 1943 aureo.

175 1962 291 1992 Anima
309 1962 394 1993 enim
416 1963 488 1992 facit
508 1972 606 1994 novas
625 1973 695 2001 1’05;
717 1967 748 1995 01
767 1966 942 1996 secundum

174 2016 256 2055 quod
275 2016 368 2054 fingit
394 2016 542 2054 interius,
569 2017 612 2046 sic
637 2017 732 2047 etiam
753 2018 896 2058 depingit
911 2022 940 2049 01

174 2068 287 2107 sculpit
313 2068 462 2098 exterius
495 2068 543 2098 Ad
565 2069 640 2099 illud
670 2071 754 2109 qnod
775 2071 940 2110 objicitur,

174 2121 259 2161 quod
273 2121 394 2151 idolum
418 2130 482 2150 non
497 2121 586 2151 debet
607 2122 667 2152 dici
684 2123 783 2161 nihil,
800 2124 864 2154 imo
879 2125 918 2155 ali
934 2143 941 2147 -

174 2174 267 2213 quid,
285 2183 357 2204 cum
376 2174 416 2204 sit
430 2174 632 2205 artificiatum
644 2200 651 2213 ‚
673 2176 841 2208 dicendum
854 2179 941 2218 quod

174 2226 341 2265 dupliciter
362 2229 407 2256 est
425 2227 510 2266 loqui
534 2227 571 2257 de
593 2228 695 2259 idolo:
714 2232 768 2259 aut
783 2233 941 2269 quantum

175 2278 213 2309 ad
233 2279 397 2309 materiam
417 2282 447 2309 01
465 2280 614 2318 formam,
632 2291 728 2321 quam
744 2283 803 2312 sibi
830 2284 943 2314 artifex

174 2331 345 2371 imprimit;
362 2334 417 2362 aut
431 2336 585 2371 quantum
596 2334 635 2363 ad
649 2335 820 2366 divinitatis
839 2337 941 2367 excel-

173 2385 313 2423 lentiam,
330 2395 426 2425 quam
441 2386 499 2425 ipsi
511 2386 592 2418 idolo
607 2388 770 2419 idololatra
788 2390 942 2422 credendo

174 2438 327 2469 attribuit.
354 2438 460 2468 Primo
481 2440 573 2470 modo
589 2440 701 2472 dicitur
728 2443 806 2473 nihil
829 2445 942 2474 0550111

174 2492 293 2522 mundo
313 2492 352 2521 ah
375 2492 501 2530 origine
516 2516 523 2530 ,
540 2502 604 2523 non
627 2495 702 2533 quia
717 2496 795 2526 nihil
811 2497 941 2527 omnino

175 2545 215 2576 sit
244 2545 278 2575 in
309 2545 410 2585 seipso
422 2569 430 2582 ,
459 2545 511 2576 sed
541 2547 616 2585 quia
649 2548 727 2579 nihil
764 2550 858 2581 habet
885 2551 943 2581 sibi

209 2627 213 2638 ¹
232 2625 292 2648 Dist.
308 2631 344 2654 ix,
360 2627 406 2648 art.
419 2627 427 2648 1
441 2627 465 2648 01
480 2627 502 2650 2.
514 2639 544 2643 -
555 2627 561 2639 ²
577 2626 660 2655 Arist„
673 2627 814 2659 1¹hys.,lih.
833 2631 862 2661 Η,
874 2633 943 2656 cont.

178 2666 238 2685 iLix
256 2663 277 2683 vt
296 2666 358 2684 Lxu.
373 2673 397 2677 —
412 2661 442 2689 71)
459 2660 528 2685 lida.
549 2661 602 2685 Van.
617 2662 717 2687 habt-rc.

1706 197 1760 226 151

1000 263 1103 294 simile
1132 263 1379 302 correspondens
1408 263 1441 292 in
1471 262 1632 293 universo.
1663 262 1770 299 Quan—

1001 319 1068 346 tum
1102 318 1209 346 autem
1247 315 1286 346 ad
1317 314 1536 345 excellentiam
1571 315 1744 345 divinitatis
1760 339 1768 353 ,

999 379 1097 410 quam
1114 370 1142 399 ei
1165 369 1329 400 idololatra
1353 368 1513 407 assignat,
1537 368 1667 398 omnino
1690 368 1771 398 nihil

1000 425 1045 452 est
1066 422 1126 452 nisi
1147 422 1180 451 in
1203 422 1269 452 sola
1283 422 1410 452 fictione
1428 423 1458 451 et
1472 421 1551 451 falsa
1563 420 1771 451 aestimatione

999 474 1225 506 idololatr-antis
1237 498 1244 510 ,
1262 483 1334 513 quae
1349 474 1481 504 omnino
1497 482 1593 513 super
1607 482 1728 504 vanum
1741 476 1772 503 et

1000 528 1080 558 nihil
1093 527 1223 558 fundata
1237 529 1295 564 est,
1312 527 1387 566 quia
1403 527 1524 557 idolum
1541 526 1622 556 nihil
1641 526 1772 556 omnino

1000 582 1094 612 habet
1116 580 1299 611 divinitatis.
1322 580 1370 610 Ad
1391 580 1469 610 illud
1493 579 1579 619 quod
1602 578 1770 618 objicitur,

1000 635 1084 674 quod
1100 634 1177 664 illud
1193 636 1387 673 preeceptum
1402 633 1528 663 videtur
1550 632 1655 663 solum
1675 632 1773 671 perti-

1001 698 1074 718 ncre
1095 688 1133 718 ad
1157 688 1306 724 artifices,
1321 686 1493 716 dicendum
1514 685 1599 725 quod
1622 685 1656 715 in
1676 684 1773 716 verbo

1000 741 1053 771 illo
1069 750 1133 771 non
1150 740 1250 770 50111111
1274 739 1426 769 Dominus
1451 738 1585 768 intendit
1605 737 1774 777 prohibere

1001 794 1075 824 idoli
1096 793 1333 824 fabricationem
1347 817 1354 830 ,
1373 792 1427 822 scd
1443 801 1571 822 omnem
1587 790 1661 822 idoli
1677 799 1775 821 vene-

1001 847 1168 877 rationem.
1184 846 1221 876 Et
1240 846 1271 875 iu
1288 845 1348 875 hoc
1363 845 1459 875 etiam
1475 844 1650 874 includitur
1661 867 1670 881 ,
1688 843 1775 883 quod

1002 901 1070 929 vult
1087 908 1215 929 omnem
1230 898 1331 928 latriae
1353 897 1475 927 cultum
1494 897 1553 926 sibi
1575 897 1632 927 soli
1647 897 1772 927 deferri.

1002 952 1039 983 Et
1055 952 1258 991 praemittitur
1279 963 1285 981 :
1303 952 1385 982 Deus
1406 954 1478 982 tuus
1498 951 1581 981 Deus
1605 957 1688 980 unus
1704 953 1774 982 est:

1002 1015 1088 1036 unus
1115 1005 1201 1035 0111111
1228 1005 1313 1035 501115
1331 1004 1429 1041 Deus,
1446 1006 1477 1034 et
1502 1012 1617 1039 verus,
1635 1004 1682 1033 est
1697 1002 1773 1033 ado-

1002 1058 1130 1088 randus
1149 1057 1235 1088 Unde
1261 1058 1458 1097 praeceptum
1482 1055 1559 1086 illud
1584 1055 1656 1095 plus
1680 1054 1776 1085 habet

1001 1111 1240 1148 affirmationis,
1258 1119 1354 1150 quam
1372 1109 1561 1148 negationis.
1587 1108 1650 1139 Nec
1665 1108 1775 1147 implet

1002 1164 1078 1195 illud
1102 1163 1289 1194 mandatum
1311 1163 1402 1203 quis,
1420 1162 1446 1192 si
1460 1161 1660 1193 solummodo
1674 1161 1773 1191 desis-

1002 1221 1045 1249 tat
1060 1218 1098 1248 ad
1114 1217 1299 1254 idololatria,
1317 1216 1392 1256 quia
1406 1216 1449 1245 ibi
1464 1215 1649 1255 praecipitur
1664 1215 1775 1245 adora-

1002 1271 1055 1309 110,
1073 1280 1144 1310 quae
1161 1270 1217 1300 soli
1234 1270 1294 1300 Deo
1310 1273 1355 1299 est
1366 1268 1554 1299 exhibenda.
1568 1268 1649 1305 Quid
1666 1268 1707 1297 sit
1721 1277 1776 1298 au-

1002 1327 1065 1355 tem
1081 1324 1134 1354 illa
1147 1323 1297 1359 adoratio,
1311 1325 1340 1353 et
1356 1323 1501 1362 qualiter,
1519 1324 1548 1351 et
1564 1321 1614 1352 cui
1629 1321 1668 1351 sit
1679 1320 1774 1351 exhi-

1001 1378 1119 1414 benda,
1136 1378 1195 1407 hoc
1214 1377 1324 1407 haberi
1346 1377 1448 1415 potest
1471 1385 1511 1406 ex
1532 1375 1598 1412 his⁷
1626 1383 1698 1414 quae
1721 1383 1774 1405 su-

1002 1441 1058 1471 pra
1074 1432 1081 1447 ¹
1095 1430 1302 1461 determinata
1316 1431 1400 1466 sunt,
1418 1429 1474 1458 ubi
1491 1428 1665 1468 quaesitum
1675 1429 1722 1457 est
1736 1427 1774 1458 de

1000 1485 1101 1515 latria.
1120 1484 1157 1515 Et
1173 1493 1212 1514 ex
1233 1483 1282 1513 his
1303 1491 1376 1522 (111εο
1401 1482 1453 1512 1110
1467 1483 1648 1521 tanguntur
1661 1504 1670 1518 ,
1686 1482 1717 1510 01
1730 1479 1773 1510 ibi

1001 1539 1081 1569 dicta
1095 1539 1180 1574 sunt⁷
1197 1536 1373 1576 aliqualiter
1389 1537 1490 1575 pote-st
1500 1534 1610 1566 haberi
1621 1534 1659 1573 (a)
1677 1533 1773 1573 primi

1001 1591 1140 1622 mandati
1155 1591 1239 1621 recta
1254 1589 1472 1629 intelligentia.

1328 1705 1396 1726 DUB.
1419 1704 1452 1725 11.

1070 1783 1126 1806 Non
1139 1787 1253 1805 assumes
1268 1787 1363 1804 nomen
1382 1779 1428 1805 Dei
1443 1779 1479 1803 tui
1490 1778 1516 1803 in
1529 1785 1623 1803 vanum
1633 1796 1641 1809 ‚
1657 1780 1705 1802 010.

1040 1858 1153 1889 Contra
1172 1857 1271 1896 hujus
1289 1856 1418 1886 secundi
1433 1854 1576 1885 mandati
1591 1854 1706 1894 primae
1721 1855 1771 1885 ta-

1000 1911 1084 1942 bulae
1105 1910 1353 1950 expositionem,
1375 1917 1472 1948 quam
1497 1908 1546 1938 his
1568 1907 1674 1938 verbis
1699 1907 1773 1938 facit

1000 1964 1148 2003 Magister
1166 1974 1173 1994 z
1194 1962 1291 1993 «Non
1303 1961 1427 2001 jurabis
1450 1970 1507 2001 pro
1527 1960 1628 1991 nihilo
1643 1970 1698 2000 per
1713 1970 1771 1992 no-

999 2026 1073 2047 men
1090 2016 1154 2054 Dei,
1171 2027 1184 2044 »
1203 2015 1361 2055 01)]1011111,
1379 2014 1455 2054 quia
1469 2013 1546 2044 illud
1561 2013 1686 2044 videtur
1704 2021 1772 2053 per-

998 2071 1097 2100 tinere
1125 2069 1162 2099 ad
1184 2069 1332 2108 quintum
1347 2067 1533 2098 mandatum
1555 2066 1702 2097 secundae
1723 2067 1772 2096 ta-

999 2123 1098 2160 bulae,
1118 2123 1173 2153 ubi
1198 2122 1385 2162 prohibetur
1400 2120 1580 2160 perjurium
1598 2131 1604 2151 ε
1627 2129 1706 2159 ergo
1720 2120 1769 2151 vi-

998 2177 1110 2213 detur,
1128 2175 1212 2216 quod
1237 2175 1287 2206 vel
1301 2175 1386 2205 istud
1402 2174 1589 2204 mandatum
1602 2198 1609 2211 ‚
1626 2173 1677 2203 vel
1692 2172 1770 2203 illud

998 2231 1037 2260 sit
1062 2230 1272 2269 superfluum.
1292 2228 1370 2258 Item
1383 2251 1390 2264 ,
1411 2236 1532 2258 vanum
1554 2228 1619 2264 est,
1639 2228 1675 2256 ut
1698 2225 1772 2256 dicit

999 2283 1207 2323 Philosophus
1222 2284 1243 2320 ²,
1261 2281 1345 2322 qnod
1368 2290 1433 2312 non
1458 2280 1591 2310 includit
1612 2280 1709 2309 finem
1731 2278 1770 2309 ad

998 2346 1094 2377 quem
1107 2338 1152 2367 est
1168 2347 1174 2367 :
1190 2336 1261 2366 talis
1277 2337 1385 2365 autem
1400 2336 1446 2365 est
1463 2342 1566 2364 sermo
1581 2333 1716 2370 otiosus,
1731 2340 1770 2361 ex

999 2399 1062 2430 quo
1076 2390 1183 2420 nullus
1202 2388 1344 2428 sequitur
1366 2388 1505 2424 fructus3
1525 2394 1603 2424 ergo
1618 2385 1767 2422 videtur,

999 2443 1082 2483 quod
1097 2443 1292 2482 quicumque
1306 2440 1450 2472 nominat
1465 2439 1635 2469 Dominum
1652 2438 1685 2468 in
1700 2446 1770 2468 ver-

999 2497 1045 2526 bis
1057 2496 1164 2527 otiosis
1177 2520 1184 2532 ‚
1200 2504 1275 2526 cum
1294 2496 1434 2525 assumat
1454 2501 1571 2523 nomen
1592 2491 1646 2521 Dei
1663 2492 1697 2521 in
1712 2500 1768 2521 va·

999 2559 1098 2588 num,
1118 2550 1209 2580 faciat
1227 2551 1336 2580 contra
1358 2547 1436 2578 illud
1460 2546 1647 2576 mandatum
1665 2553 1769 2584 :ergo

999 2606 1105 2643 peccat
1117 2603 1301 2634 mortaliter.
1319 2601 1351 2632 Si
1372 2602 1408 2631 tu
1419 2600 1503 2631 dicas
1518 2623 1526 2637 ,
1546 2599 1630 2639 quod
1644 2607 1709 2629 non
1724 2598 1771 2628 in-

999 2657 1151 2696 telligitur
1173 2657 1210 2686 de
1235 2662 1436 2694 quarumque
1460 2652 1674 2692 assumptione
1690 2675 1698 2690 ,
1715 2650 1770 2682 sed
