2017 2948
120 2435 206 2456 Senten-

129 2468 158 2487 tia
170 2468 196 2486 dt·

131 2499 198 2525 prima

111 2530 210 2556 opimone

223 132 281 161 230

223 198 253 225 et
267 195 349 226 circa
363 196 554 227 infusionem
569 198 692 236 gratiae.
707 197 742 228 Et
753 198 778 227 si
793 197 912 227 desinat
925 206 992 227 csse

223 247 328 277 statim
346 248 466 287 prolato
480 250 588 287 verbo,
605 250 764 289 quomodo
779 250 895 279 creavit
911 249 992 279 Deus

222 301 288 330 tam
303 301 441 332 nobilem
456 302 621 339 virtutem,
639 305 673 332 ut
690 303 730 332 ita
749 303 808 332 cito
823 302 990 331 deficeret?

224 350 262 382 Et
283 361 392 382 rursus
409 364 415 382 z
434 353 466 383 Si
481 353 574 384 datur
591 354 703 390 verbe,
721 362 792 383 cnm
814 362 878 382 non
899 353 992 382 detur

223 404 322 435 verbo
335 405 366 434 in
383 406 510 445 scripto,
525 406 626 436 necin
642 408 756 443 mente,
769 406 862 435 datur
876 405 909 434 in
925 414 994 444 pro-

224 457 427 488 nunciatione
444 469 450 488 :
468 461 497 488 et
513 461 586 488 tunc
608 458 732 488 difficile
747 459 805 488 erit
819 458 991 497 explicare,

224 511 331 540 utrum
348 510 441 541 detur
456 511 488 540 in
504 510 674 550 principio,
694 510 743 540 vel
759 511 790 540 in
808 510 927 547 medio,
943 510 993 541 vel

224 562 258 592 in
272 563 335 593 fine
351 572 358 593 ε
375 563 452 602 quia
470 572 527 593 nec
542 563 574 593 in
589 563 743 603 principio
765 564 872 599 verbi,
889 572 946 593 nec
960 564 992 593 in

225 615 329 645 medio
339 618 384 646 est
398 616 478 645 actio
488 615 573 646 illius
583 616 720 646 virtutis.
737 615 768 646 Si
783 616 901 646 veroin
917 617 991 654 fine,

223 670 300 697 tunc
314 677 387 698 cum
402 668 538 699 verbum
554 669 675 699 desinat
690 678 772 708 esse,
785 671 815 699 et
829 669 994 700 deficiente

223 720 321 750 verbo
343 720 463 751 desinat
486 721 590 751 virtus
614 722 722 758 verbi,
748 722 844 752 simul
867 722 994 761 incipiet

225 773 341 810 virtus2
359 775 389 803 et
403 773 531 804 desinet.
549 774 614 804 Aut
633 774 659 804 si
673 777 746 805 ante
768 775 864 804 finem
888 775 991 811 datur,

223 828 381 865 quantum
402 826 494 857 detur
516 826 639 857 difficile
662 830 709 857 est
732 828 903 857 insinuare.
931 827 994 857 Nec

224 881 346 909 tantum
364 879 459 917 illud,
477 880 530 909 sed
550 880 645 910 etiam
662 880 761 910 multo
776 880 933 911 difficilius
947 881 994 910 est

224 931 379 971 explicare
387 932 578 971 operationis
587 932 671 962 illius
678 933 803 963 virtutis
810 933 991 971 efficaciam,

223 986 334 1014 utrum
355 984 471 1015 scilicet
489 987 563 1023 agat
582 986 786 1024 generatione
808 986 991 1025 zequivoca,

224 1038 274 1068 vel
289 1038 442 1076 univoca,
459 1039 641 1078 generando
656 1040 715 1070 sibi
730 1040 848 1077 simile,
868 1041 915 1070 vel
931 1040 991 1069 dis-

224 1091 341 1128 simile3
358 1091 483 1122 difficile
493 1092 587 1122 etiam
603 1095 660 1130 est,
678 1095 787 1122 utrum
804 1093 915 1123 inssuat
929 1102 994 1123 om-

224 1143 302 1174 nino
310 1143 429 1183 aliquid
439 1145 478 1174 ab
490 1145 676 1182 extrinseco,
689 1148 744 1175 aut
754 1145 865 1175 educat
875 1145 993 1185 aliquid

224 1196 262 1227 de
278 1196 416 1235 potentia
430 1197 464 1227 in
484 1199 601 1228 actum.
626 1197 770 1228 Primum
791 1201 836 1227 est
859 1198 915 1228 soli
931 1198 993 1228 Deo

224 1248 387 1287 possibile3
400 1250 577 1280 secundum
588 1252 694 1280 autem
706 1250 829 1280 difficile
840 1253 885 1280 est
899 1251 995 1290 expli-

225 1309 306 1331 care.
324 1301 452 1332 Difficile
465 1304 513 1332 est
525 1302 620 1332 etiam
635 1302 823 1341 intelligere,
836 1303 995 1342 quomodo

225 1353 413 1384 characteris
422 1355 586 1394 impressio
594 1356 692 1395 possit
702 1364 767 1386 esse
779 1356 818 1385 ab
829 1356 882 1385 illa
892 1356 996 1386 virtu-

224 1410 272 1446 te,
289 1418 361 1439 curn
376 1409 538 1440 character
552 1410 697 1440 videatur
712 1420 778 1441 essc
793 1411 825 1441 in
841 1411 996 1450 superiori

224 1463 323 1500 parte,
336 1461 367 1491 in
387 1471 483 1501 quam
500 1463 538 1501 (a)
551 1463 637 1493 solus
649 1464 730 1494 Deus
740 1466 840 1503 potest
850 1464 994 1494 influere.

225 1513 313 1545 Unde
335 1515 509 1546 substantia
528 1516 736 1556 intelligibilis
760 1518 866 1556 beata,
892 1527 996 1558 quan-

225 1570 433 1607 tumcumque
453 1578 581 1607 magnae
597 1570 637 1599 sit
658 1570 864 1609 excellentias,
884 1581 997 1601 secun-

225 1621 303 1651 dum
330 1622 414 1660 quod
440 1621 514 1652 dicit
539 1623 742 1661 Augustinus
769 1627 787 1661 ¹,
813 1633 878 1654 non
896 1627 997 1664 potest

225 1673 326 1704 facere
341 1674 380 1704 ad
395 1677 535 1705 nostram
556 1676 813 1715 justificationem
825 1701 832 1714 ,
856 1677 906 1707 vel
923 1677 995 1708 illu-

225 1726 450 1765 minationem,
466 1727 586 1768 aliquid
601 1729 733 1760 interius
748 1729 925 1767 formando,
942 1731 996 1761 sed

226 1779 331 1809 solum
358 1781 498 1810 exterius
526 1782 702 1812 excitando.
731 1782 894 1819 Quomodo
918 1793 997 1822 ergo

226 1831 286 1862 hoc
311 1833 426 1872 poterit
458 1834 560 1864 virtus
589 1834 660 1865 data
684 1834 718 1874 (b)
745 1835 917 1874 elemento,
947 1839 997 1867 vet

227 1885 341 1923 verbo,
359 1895 432 1916 cum
454 1895 518 1917 non
538 1887 684 1918 videatur
697 1897 763 1919 esse
778 1898 877 1928 capax
901 1891 996 1921 tantae

228 1937 373 1967 virtutis?
392 1937 572 1977 Postremo,
598 1939 632 1970 in
655 1943 850 1971 sacramento
871 1942 995 1981 altaris,

227 1990 260 2020 in
281 1999 344 2029 quo
366 1992 400 2021 fit
414 1992 519 2022 subito
538 1993 828 2024 transubstantiatio
843 1995 933 2034 panis
954 2005 998 2026 se-

227 2042 369 2073 cundum
393 2052 425 2074 se
451 2046 552 2074 totum
574 2045 605 2074 in
630 2054 744 2084 corpus
766 2046 895 2085 Christi,
913 2049 997 2087 quod

227 2095 355 2134 quidem
371 2105 435 2126 non
451 2099 553 2136 potest
574 2107 639 2128 esse
654 2098 715 2127 nisi
731 2098 771 2128 ab
785 2099 910 2130 infinita
929 2101 998 2131 vir-

228 2149 304 2185 tute,
316 2149 474 2188 quomodo
488 2149 624 2180 verbum
636 2150 794 2190 prolatum
805 2151 843 2182 ab
854 2152 995 2192 homine,

227 2211 302 2232 cum
329 2203 368 2233 sit
394 2203 494 2234 finitae
522 2204 667 2242 virtutis,
700 2206 814 2244 poterit
838 2207 877 2237 ad
906 2207 998 2238 istam

228 2255 596 2287 transubstantiationem
628 2258 748 2297 aliquid
771 2261 927 2299 'operarii'
961 2261 998 2292 Et

228 2309 328 2346 certe,
345 2309 371 2339 si
393 2309 470 2340 illud
493 2310 628 2340 verbum
652 2311 802 2342 virtutem
824 2322 887 2343 non
905 2313 999 2344 habet

230 2363 381 2399 agentem
391 2385 400 2400 ,
414 2362 514 2393 multo
525 2363 633 2393 minus
642 2364 738 2394 verba
748 2365 885 2396 alioruin
899 2376 999 2397 sacra-

230 2415 424 2445 mentorum.
440 2415 514 2446 Haec
535 2416 658 2453 omnia,
684 2419 714 2446 et
729 2418 829 2448 multa
843 2418 903 2449 alia
918 2419 999 2450 circa

229 2465 289 2497 hoc
303 2467 394 2499 valde
415 2468 542 2500 difficile
557 2471 603 2499 est
626 2469 818 2509 intelligere,
844 2472 874 2501 et
896 2472 996 2511 expli-

261 2545 271 2562 ¹
283 2549 357 2579 Aug„
375 2550 466 2573 Enarr.
484 2550 509 2573 in
523 2549 591 2573 Psal.
609 2554 698 2580 cxvni,
715 2555 791 2574 serm.
804 2556 878 2580 xviii,
893 2558 919 2574 n.
935 2554 956 2575 4.
969 2565 998 2569 —

233 2587 314 2615 ‚Dish
332 2593 350 2616 1,
365 2589 411 2610 art.
425 2589 447 2617 1,
464 2593 488 2618 q.
509 2593 525 2610 1.
537 2598 566 2604 —
578 2586 686 2617 ³Marc.‚
702 2592 761 2618 xvi,
780 2588 814 2611 16.

763 130 1072 162 SENTENTIARUM
1094 130 1167 162 LIB.
1189 131 1242 161 ΠΙ.

1048 206 1128 228 care.
1144 196 1219 235 Quae
1234 206 1298 228 non
1308 198 1421 228 idcirco
1435 205 1542 234 narro,
1557 197 1631 236 quia
1643 197 1734 228 credo
1748 205 1814 228 osse

1047 250 1238 288 insolubilia,
1252 250 1300 281 vel
1312 253 1346 280 ut
1357 250 1422 289 ipse
1437 249 1528 280 istam
1541 249 1718 288 improbem
1732 249 1814 289 posi·
1849 241 1854 245 ”

1049 302 1179 340 tionem,
1193 303 1245 333 sed
1257 306 1291 334 ut
1302 303 1464 334 ostendam
1478 312 1528 332 me
1538 302 1637 341 ipsam
1650 311 1713 332 non
1724 302 1816 341 plene

1049 355 1224 394 intelligere
1233 380 1242 393 ‚
1255 359 1284 387 et
1295 356 1364 386 ideo
1375 366 1432 387 nec
1444 356 1613 393 affirmare,
1628 364 1684 385 nec
1696 364 1816 394 negare
1862 382 1866 385 .

1049 408 1128 438 velle
1146 419 1152 438 ;
1170 408 1243 447 quia
1260 409 1317 439 etsi
1333 409 1433 448 ipsam
1448 409 1529 438 clare
1544 417 1607 438 non
1628 407 1814 446 intelligam,

1049 460 1109 491 hoc
1123 463 1230 491 tamen
1249 461 1312 491 scio
1326 464 1357 492 et
1377 461 1520 500 intelligo
1530 484 1540 497 ,
1556 460 1642 500 quod
1656 459 1748 500 plura
1764 469 1818 500 po-

1049 515 1107 544 test
1118 514 1199 544 Deus
1213 514 1325 552 facere,
1337 516 1367 544 et
1381 515 1475 544 etlam
1487 515 1518 545 in
1528 514 1603 553 ipsis
1613 513 1818 544 sacramentis

1049 566 1138 604 facit,
1155 576 1252 606 quam
1267 576 1325 597 nos
1341 576 1508 606 possumus
1523 566 1711 605 intelligere.
1730 564 1818 596 Unde

1050 619 1260 657 confugiendo
1283 619 1320 649 ad
1347 620 1523 649 mirabilem
1549 619 1603 649 Dei
1627 618 1816 658 potentiam,

1050 673 1155 702 onmia
1186 672 1245 701 ista
1272 681 1440 711 possumus
1468 672 1556 702 facile
1583 671 1750 702 declinare.
1782 670 1819 702 Et

1050 725 1223 755 secundum
1239 725 1325 756 hunc
1347 726 1478 756 modum
1493 725 1614 756 dicendi
1631 725 1704 755 satis
1726 724 1819 764 plana

1049 780 1129 808 esset
1147 778 1307 817 responsio
1326 778 1364 808 ad
1381 778 1587 817 quaestionem
1605 777 1816 817 propositam,

1050 831 1073 860 si
1092 831 1191 870 ipsius
1214 831 1299 861 modi
1324 831 1415 869 plana
1441 833 1519 861 esset
1540 830 1758 868 intelligentia.
1781 829 1819 861 Et

1049 884 1117 914 haec
1142 884 1254 923 positio
1278 883 1309 913 in
1330 886 1443 922 quarto
1461 883 1547 918 libro
1570 886 1580 901 ²
1604 882 1750 913 diffusius
1774 884 1820 913 est

1050 937 1219 976 explicata,
1239 936 1292 966 ubi
1310 936 1516 976 respondetur
1530 936 1569 966 ad
1584 936 1757 976 praemissa.

1090 989 1179 1019 Alius
1200 992 1245 1019 est
1272 989 1323 1019 hic
1348 990 1462 1019 modus
1488 989 1620 1019 dicendi.
1651 989 1819 1028 Supposito

1049 1042 1133 1082 quod
1151 1042 1183 1072 in
1204 1042 1408 1072 sacramentis
1428 1042 1614 1081 novaelegis
1629 1042 1739 1072 divina
1752 1042 1820 1072 vir-

1049 1098 1100 1125 tus
1120 1095 1269 1125 secretius
1290 1098 1448 1134 operetur,
1474 1095 1550 1135 quia
1567 1095 1627 1125 hoc
1652 1096 1698 1124 est
1721 1095 1820 1134 ipsius

1050 1148 1121 1179 fidei
1136 1151 1165 1179 et
1181 1149 1342 1179 sententiae
1358 1148 1547 1185 communis,
1564 1148 1713 1178 dixerunt
1722 1146 1821 1186 aliqui

1050 1204 1244 1231 sacramenta
1260 1210 1352 1231 novae
1367 1201 1448 1240 legis
1466 1201 1582 1231 habere
1595 1201 1741 1240 respectu
1751 1201 1819 1239 jus-

1050 1254 1230 1284 tificationis
1256 1254 1406 1284 virtutem
1436 1254 1640 1290 influentem,
1670 1253 1821 1283 virtutem

1051 1308 1295 1345 promerentem,
1310 1307 1461 1336 virtutem
1473 1306 1702 1346 disponentem,
1714 1307 1744 1336 et
1758 1305 1821 1336 vir-

1051 1360 1153 1389 tutem
1175 1359 1341 1389 efficaciter
1355 1359 1554 1389 ordinantem
1571 1370 1577 1388 :
1597 1358 1746 1388 virtutem
1772 1358 1820 1388 in-

1050 1412 1213 1450 fluentem,
1226 1413 1346 1443 ratione
1360 1412 1497 1452 Spiritus
1511 1412 1609 1442 sancti
1624 1411 1816 1448 assistenti53

1052 1465 1202 1495 virtutem
1213 1466 1446 1504 promerentem
1460 1464 1581 1494 ratione
1592 1464 1695 1494 meriti
1706 1463 1822 1503 passio-

1052 1517 1100 1547 nis
1115 1517 1153 1546 ad
1168 1519 1400 1548 sacramentum
1415 1516 1649 1554 concurrentis3
1669 1516 1821 1547 virtutem

1051 1571 1269 1610 disponentem
1283 1570 1404 1600 ratione
1415 1570 1590 1600 devotionis
1606 1570 1706 1609 ipsius
1721 1568 1822 1601 fidelis

1052 1626 1286 1654 sacramentum
1298 1622 1494 1662 suscipientis
1504 1634 1512 1660 3
1525 1622 1677 1652 virtutem
1686 1622 1822 1661 denique

1052 1677 1217 1707 efficaciter
1227 1676 1427 1706 ordinantem
1441 1675 1561 1705 ratione
1574 1675 1690 1705 divinae
1706 1674 1821 1714 passio-

1052 1730 1101 1759 nis
1116 1729 1319 1759 instituentis.
1336 1728 1385 1758 Sic
1400 1728 1486 1758 enim
1502 1727 1637 1758 instituit
1650 1727 1819 1766 Dominus,

1053 1783 1089 1812 ut
1101 1782 1139 1813 ad
1155 1782 1225 1812 talis
1239 1782 1327 1812 verbi
1344 1781 1551 1821 prolationem
1564 1805 1570 1819 ,
1587 1783 1618 1811 et
1633 1781 1822 1812 sacramenti

1052 1835 1297 1875 susceptionem,
1331 1834 1484 1864 mirabilis
1518 1834 1552 1863 in
1581 1833 1824 1874 suscipientibus

1052 1890 1142 1919 fieret
1166 1888 1322 1927 operatio,
1348 1890 1378 1917 et
1393 1886 1632 1926 suscipientium
1657 1887 1778 1917 sanatio
1793 1889 1825 1918 et

1050 1941 1232 1981 Justificatio
1250 1952 1256 1971 t
1273 1943 1302 1971 et
1318 1950 1375 1981 pro
1391 1943 1476 1971 tanto
1498 1940 1608 1970 dicunt
1629 1942 1825 1972 sacramenta

1055 2004 1147 2026 novae
1166 1995 1248 2033 legis
1262 1994 1377 2024 habere
1394 1994 1556 2024 virtutem.
1572 1993 1610 2024 Et
1625 1993 1777 2024 differunt
1791 1994 1825 2024 in

1054 2049 1113 2079 hoc
1140 2058 1158 2078 a
1179 2047 1382 2078 sacramentis
1401 2046 1480 2085 legis
1503 2046 1636 2083 veteris,
1666 2047 1825 2086 praecipue

1053 2103 1209 2141 quantum
1229 2101 1268 2130 ad
1282 2101 1382 2139 ipsam
1397 2100 1554 2130 efficacem
1570 2099 1804 2130 ordinationem
1815 2122 1823 2137 ‚

1053 2154 1127 2194 quia
1141 2163 1205 2184 non
1220 2153 1449 2183 interveniebat
1463 2152 1504 2182 ibi
1521 2152 1623 2191 pactio
1639 2152 1674 2182 in
1698 2152 1760 2182 illis
1773 2162 1822 2183 sa-

1053 2206 1239 2242 cramentis,
1263 2214 1318 2245 per
1342 2214 1438 2244 quam
1461 2204 1573 2234 efficax
1597 2207 1627 2235 et
1654 2205 1826 2236 infallibilis

1053 2262 1142 2290 fieret
1155 2259 1308 2290 ordinatio
1323 2258 1361 2288 ad
1376 2257 1513 2297 gratiam
1523 2282 1530 2295 ,
1547 2257 1722 2288 secundum
1738 2258 1824 2298 quod

1053 2313 1085 2342 in
1101 2312 1303 2343 sacramentis
1317 2320 1411 2341 novae
1426 2311 1518 2349 legis,
1538 2313 1573 2340 ut
1587 2312 1670 2350 patet
1684 2310 1718 2341 in
1732 2311 1822 2341 insti-

1053 2369 1175 2398 tutione
1189 2366 1346 2406 baptismi,
1362 2366 1416 2396 ubi
1430 2365 1509 2396 dixit
1523 2366 1532 2382 ³
1550 2376 1556 2395 :
1577 2366 1637 2400 Qui
1649 2364 1824 2397 crediderit

1054 2424 1081 2453 et
1109 2421 1294 2460 baptizatus
1319 2420 1427 2457 fuerit,
1452 2420 1562 2450 salvus
1589 2418 1660 2450 eric.
1691 2417 1727 2448 In
1752 2417 1824 2448 aliis

1054 2474 1148 2504 etiam
1163 2474 1264 2504 tribus
1283 2472 1384 2503 modis
1406 2471 1543 2502 habendi
1565 2471 1718 2501 virtutem
1732 2470 1822 2502 diffe-

1053 2527 1154 2557 rentia
1167 2528 1213 2557 est
1223 2534 1319 2565 penes
1334 2524 1438 2564 magis
1453 2523 1656 2562 completum,
1672 2525 1703 2554 et
1715 2522 1822 2554 minus

1085 2589 1119 2619 (a)
1132 2588 1192 2613 Edit
1223 2589 1278 2613 Ven.
1295 2595 1353 2620 qua.
1368 2600 1399 2605 —
1414 2586 1444 2617 (ὁ)
1463 2586 1531 2610 dato.

1842 2014 1944 2035 Differen-

1841 2046 1868 2065 tia
1878 2051 1945 2065 sacra·

1854 2078 1933 2096 niento-

1840 2112 1886 2126 ruui
1901 2108 1944 2126 vet.

1840 2139 1860 2156 et
1884 2142 1943 2156 novae

1862 2167 1924 2194 legis.
