2017 2948
102 963 132 983 ΛιΙ
153 970 203 989 opp.

227 152 284 181 174

224 216 405 255 iniquitates
413 218 487 246 sunt
495 217 671 247 contraduo
678 215 821 253 Decalogi
830 213 996 254 praecepta,

224 270 341 308 quibus
351 270 478 300 dicitur:
494 271 558 309 qu
568 278 638 301 sum
653 270 802 300 Dlmiinns
816 269 898 299 Deus
909 270 996 301 tuus,

223 324 251 353 ec
265 329 328 352 non
344 326 437 354 erunt
459 323 520 354 tibi·
539 323 597 354 alli
610 325 722 361 prwler
738 330 792 352 me.
810 332 823 348 »
845 320 930 357 Ergo
945 319 996 348 vi-

224 375 316 405 detur
336 376 419 414 quod
439 378 576 415 quatuor
594 376 743 405 mandata
763 375 844 406 siut,
866 382 937 412 quae
958 371 994 400 ad

223 428 322 458 Deum
337 431 477 468 spectant
493 441 498 460 :
518 439 596 468 ergo
609 432 746 468 quatuor
760 427 879 458 suntin
894 425 996 465 prima

222 482 338 512 tabula.

264 535 340 565 item
358 535 416 565 hoc
429 531 531 574 ipsum
548 535 723 565 ostenditur
738 543 792 574 per
806 533 894 571 illud,
909 532 995 572 quod

222 588 336 618 dicitur
360 589 390 618 iu
407 588 486 618 libro
503 588 541 619 de
560 588 790 623 chcesli'onibus
805 588 882 618 novi
899 589 929 618 et
944 594 995 617 ve-

222 642 298 672 teris
319 641 521 679 Testamenti,
533 642 587 680 qui
601 642 715 671 dicitur
727 650 793 671 esse
806 640 992 679 Augustini,

222 693 287 730 ubi,
305 696 374 732 post
389 694 662 724 enumerationem
677 696 813 733 quatuor
830 692 993 723 mandato-

219 755 314 783 rum,
336 747 470 777 ‹licitur¹
489 758 495 777 :
518 759 532 776 «
552 747 624 778 IIaec
644 749 781 786 quatuor
801 746 899 777 verba
921 754 995 785 pro—

219 800 286 838 prie
304 799 341 829 ad
358 800 457 830 Deum
473 801 651 839 pertinent,
669 803 697 830 et
718 801 751 830 in
770 800 872 839 prima
887 800 994 830 tabula

219 853 431 884 continentur.
459 866 472 882 υ
500 854 588 893 Ergo
613 855 739 885 videtur
764 854 848 894 quod
875 854 992 884 dictum

221 906 368 945 Origenis
381 907 441 937 fuit
455 907 559 945 magis
574 916 699 937 verum.

259 962 287 988 «1.
299 959 358 989 Sed
371 960 454 998 quod
464 961 668 999 Augustinus
679 960 786 991 verius
797 960 911 990 dixerit
921 969 993 990 om-

218 1012 311 1042 nibus
333 1012 423 1050 aliis,
447 1013 574 1043 videtur
595 1014 719 1052 primo,
742 1014 816 1053 quia
838 1014 993 1053 scriptura

219 1065 400 1095 tabularum
419 1066 557 1096 exterior
574 1066 665 1096 debet
686 1067 875 1106 respondere
892 1066 992 1105 scrip-

216 1119 297 1148 turae
311 1119 451 1149 interiori
469 1130 475 1149 ε
493 1120 545 1150 sed
564 1120 595 1149 in
610 1120 724 1150 tabulis
742 1120 843 1150 cordis
858 1120 990 1150 interius

216 1171 363 1201 mandata
377 1172 557 1202 ordinantia
571 1173 609 1203 ad
625 1182 785 1203 summam
803 1173 988 1204 Trinitatem

214 1224 396 1254 scribuntur
415 1225 448 1255 in
471 1226 625 1264 superiori
643 1228 729 1265 parte
744 1227 876 1256 rationis
892 1237 897 1256 :
921 1226 990 1256 haec

215 1279 321 1307 autem
346 1287 409 1307 uon
431 1281 505 1308 sunt
527 1279 587 1308 nisi
610 1279 689 1316 tria,
714 1279 889 1309 secundum
908 1280 992 1318 quod

218 1330 277 1360 iria
293 1333 367 1361 sunt
382 1331 602 1370 appropriata3
622 1332 744 1371 reliqua
760 1341 836 1362 vero
851 1341 924 1372 quae
939 1341 992 1362 or-

217 1383 326 1413 dinant
347 1384 385 1413 ad
412 1384 619 1423 proximum,
647 1385 831 1415 scribuntur
856 1386 889 1415 in
912 1386 990 1416 infe-

216 1436 291 1466 riori
306 1439 412 1475 parte,
431 1446 504 1476 quae
524 1439 609 1468 tenet
628 1438 717 1477 quasi
740 1438 895 1469 rationem
913 1438 989 1468 alte-

217 1491 283 1521 rius
300 1492 426 1522 tabulae.
445 1494 523 1522 Cum
541 1502 620 1531 ergo
632 1493 747 1523 tabulae
758 1494 931 1523 exteriores
945 1503 992 1523 re-

216 1545 611 1584 spondeantinterioribus,
620 1546 745 1576 videtur
751 1546 897 1577 similiter
905 1547 990 1586 quod

217 1597 259 1627 ita
273 1598 306 1627 in
322 1599 437 1629 tabulis
452 1599 661 1629 exterioribus
677 1599 789 1629 debeat
804 1609 870 1629 esse
880 1623 887 1636 ,
904 1599 990 1638 quod

217 1651 276 1681 tria
292 1652 471 1681 scribantur
487 1653 520 1682 in
535 1661 613 1689 una,
632 1654 662 1682 et
677 1654 797 1691 septem
813 1652 845 1681 in
859 1653 968 1682 altera.

256 1704 331 1734 Item
350 1705 464 1735 melius
485 1705 653 1743 distinguit
670 1705 816 1735 mandata
829 1729 836 1743 ⁷
854 1706 908 1745 qui
924 1706 985 1735 dis-

216 1759 333 1797 tinguit
350 1768 387 1789 ea
403 1759 579 1789 secundum
595 1759 730 1798 speciem
743 1784 751 1797 ,
769 1769 865 1798 quam
881 1768 991 1789 secun-

214 1812 291 1841 ‹lum
309 1812 474 1842 materiam
489 1823 495 1842 :
513 1813 567 1843 sed
583 1813 730 1843 mandata
745 1813 783 1842 de
798 1822 861 1842 non
877 1822 991 1843 concu-

215 1866 360 1904 piscendo
379 1874 531 1903 uxorem,
553 1868 583 1895 ct
601 1865 638 1895 de
659 1874 724 1895 non
742 1866 990 1905 concupiscendo

216 1927 284 1955 res,
305 1918 479 1948 formaliter
502 1918 758 1957 distinguuntur,
781 1919 857 1958 quia
877 1919 929 1948 illa
945 1921 991 1949 est

215 1971 474 2009 concupiscentia
488 1971 592 2001 carnis
604 1995 612 2008 ,
634 1971 693 2001 ista
707 1973 753 2001 est
768 1972 991 2011 concupiscen—

216 2023 259 2053 tia
268 2023 447 2053 oculorum.
462 2023 642 2053 Mandatum
652 2032 729 2054 vero
737 2024 774 2053 de
782 2033 848 2054 non
860 2024 990 2054 colendo

216 2076 289 2105 deos
304 2076 423 2106 alienos
434 2100 441 2113 ,
463 2078 493 2105 et
512 2076 549 2106 de
569 2085 633 2106 non
649 2076 791 2106 faciendo
811 2077 968 2116 sculptilia
979 2100 987 2114 ,

216 2138 281 2159 non
292 2129 543 2159 diversificantur
553 2128 614 2158 nisi
623 2129 740 2159 secund
746 2138 800 2159 um
812 2129 987 2160 materiam.

217 2182 296 2212 Cum
310 2191 388 2220 ergo
403 2181 606 2219 Augustinus
621 2182 680 2211 hoc
694 2182 787 2212 modo
802 2182 988 2220 distinguat,

218 2235 432 2274 videturquod
439 2234 612 2273 assignatio
621 2235 647 2273 ej
654 2244 691 2264 us
698 2235 739 2265 sit
747 2235 853 2273 magis
864 2235 986 2265 idonea.

257 2287 334 2318 Item
346 2311 354 2324 ‚
375 2297 447 2317 cum
464 2287 571 2317 onmia
589 2287 737 2317 mandata
751 2288 936 2317 ordinentur
950 2288 989 2318 ad

217 2341 314 2371 unius
330 2340 383 2370 Dei
397 2340 519 2370 cultum
532 2364 540 2377 ,
563 2340 690 2371 videtur
709 2340 793 2379 quod
804 2364 812 2377 ,
832 2343 989 2380 quantum

217 2397 263 2424 est
275 2394 313 2424 de
327 2403 371 2430 se⁷
388 2393 553 2424 debuerint
568 2393 662 2422 simul
676 2393 708 2422 in
724 2402 825 2423 unum
840 2394 948 2431 colligi
960 2396 990 2424 et

218 2448 367 2478 ordinari.
390 2446 420 2477 Si
436 2456 513 2485 ergo
528 2447 656 2477 fuerunt
670 2455 726 2485 per
740 2446 861 2477 tabulas
875 2447 987 2483 divisa,

218 2500 277 2529 hoc
298 2510 362 2530 non
388 2500 446 2530 fuit
469 2499 528 2529 nisi
551 2500 588 2529 ad
613 2500 901 2529 commendauitum
926 2500 990 2530 duo

250 2580 257 2595 ¹
276 2580 409 2607 DeQzurM.
427 2587 480 2602 nor.
495 2580 517 2601 e!
532 2580 578 2602 vet.
597 2578 710 2608 Testem.5
723 2585 747 2608 «1.
767 2585 817 2608 vll,
834 2579 857 2601 in
874 2580 989 2608 Appium.

219 2615 294 2644 oper.
305 2616 330 2638 S.
342 2615 491 2645 Augustini,
511 2616 572 2637 toni.
589 2614 619 2637 lll
632 2634 638 2643 ,
655 2614 713 2637 vdit.
729 2616 884 2637 benedictin.

764 142 1072 179 SENTENTIARUM
1095 144 1168 176 LIB.
1194 145 1244 177 ΙΙΙ.

1056 211 1216 243 charitatis
1231 217 1386 254 praecepta
1398 238 1406 251 ,
1429 223 1566 254 quorum
1583 224 1685 246 unum
1704 217 1828 248 ordinat

1055 264 1093 293 ad
1111 264 1231 303 Deum,
1257 267 1391 297 alterum
1416 267 1539 298 ordinat
1561 268 1599 298 ad
1621 270 1824 308 proximum:

1055 326 1127 346 curn
1147 328 1226 357 ergo
1249 319 1308 349 tria
1330 320 1391 349 sint
1411 320 1590 350 ordinantia
1605 322 1643 351 ad
1660 321 1757 352 Deum
1771 346 1778 360 ,
1797 325 1828 353 et

1053 372 1172 409 septem
1189 372 1365 402 ordinantia
1381 373 1418 403 ad
1437 373 1634 411 proximum,
1650 375 1730 405 siout
1745 377 1828 414 patet

1054 432 1093 452 cx
1117 424 1304 455 sufficientia
1329 426 1549 456 inainlawrum
1576 427 1724 466 superius
1749 428 1824 457 assi-

1053 478 1150 515 gnata
1161 501 1169 514 ,
1199 477 1323 508 videtur
1347 479 1430 517 quod
1456 480 1628 518 assignatio
1654 481 1825 519 Augustini

1053 529 1091 559 sit
1109 530 1213 568 magis
1229 533 1329 568 recta,
1349 531 1482 568 scilicet,
1505 534 1540 562 ut
1556 532 1616 562 tria
1635 533 1698 563 sint
1713 533 1827 573 scripta

1054 582 1084 612 in
1102 583 1203 621 prima
1219 583 1344 620 tabula,
1362 586 1391 613 et
1408 587 1527 623 septem
1543 585 1575 614 in
1591 586 1738 616 secunda.

1095 635 1171 665 Item
1188 636 1335 674 objicitur
1350 639 1458 666 contra
1471 646 1581 667 omnes
1595 638 1827 677 assignationes

1052 688 1139 727 prius
1154 688 1276 718 habitas
1293 700 1298 718 :
1318 688 1485 728 Quoniam,
1500 690 1526 720 si
1542 699 1597 729 per
1612 691 1760 722 mandata
1773 691 1827 722 De-

1052 741 1154 779 calogi
1177 741 1363 780 prohibetur
1382 751 1476 773 omne
1492 745 1655 782 peccatum
1669 768 1676 781 ,
1700 746 1730 774 et
1748 753 1825 775 con-

1053 795 1146 833 tingit
1155 795 1318 825 hominem
1330 804 1457 834 peccare
1468 796 1501 826 iu
1512 796 1621 832 Deum,
1634 797 1707 827 etin
1719 798 1825 838 proxi-

1053 857 1140 878 mum
1153 872 1161 886 ,
1183 851 1213 878 et
1232 849 1264 878 in
1283 849 1421 888 seipsum
1432 873 1441 887 ,
1466 849 1591 880 videtur
1607 850 1692 889 quod
1705 859 1825 881 secun-

1051 901 1127 931 dum
1150 901 1445 941 multiplicationem
1467 912 1674 941 personarum
1689 927 1696 941 ‚
1717 906 1826 935 contra

1051 964 1130 993 quas
1143 963 1270 993 peccare
1283 955 1448 993 contingit,
1463 955 1606 986 debuerit
1619 956 1825 996 multiplicari

1051 1016 1204 1037 numerus
1219 1008 1400 1038 tabularum
1415 1019 1420 1038 :
1444 1018 1522 1047 ergo
1539 1009 1590 1038 lex
1607 1009 1716 1039 debuit
1730 1010 1825 1040 scribi

1051 1061 1081 1090 in
1103 1061 1218 1091 tabulis·
1243 1062 1361 1099 tribus,
1393 1071 1455 1092 nou
1480 1063 1512 1092 in
1541 1062 1663 1093 duabus
1689 1065 1823 1094 tantum.

1049 1114 1198 1153 Alioquin
1212 1115 1337 1145 videtur
1352 1115 1436 1154 quod
1450 1116 1597 1146 mandata
1613 1115 1757 1154 Decalogi
1770 1117 1824 1145 aut

1049 1167 1111 1197 sint
1127 1167 1352 1198 insufficienter
1367 1169 1499 1206 tradita,
1522 1171 1577 1199 aut
1592 1169 1822 1199 inconvenien-

1050 1222 1097 1250 ter
1112 1230 1167 1259 per
1184 1221 1306 1251 tabulas
1323 1221 1478 1251 distincta.

1308 1317 1534 1350 CONCLUSIO.

1049 1390 1184 1424 Proeccpta
1198 1390 1338 1423 Dccaloyi,
1355 1391 1378 1415 si
1399 1390 1574 1416 attendantur
1593 1390 1739 1417 secundum
1761 1398 1820 1417 sen-

1083 1442 1139 1461 sum
1156 1434 1297 1460 litteralem
1309 1455 1316 1465 ,
1334 1425 1449 1467 quinque
1464 1436 1574 1467 fuerunt
1596 1435 1701 1469 scripta
1716 1436 1746 1461 in
1766 1443 1822 1462 una

1083 1479 1191 1510 tabula,
1216 1481 1238 1505 ct
1263 1480 1379 1512 quinque
1401 1480 1429 1505 in
1448 1480 1528 1511 αΙία;
1551 1480 1576 1505 ει·
1599 1487 1659 1505 vcro
1680 1480 1822 1506 secundum

1082 1530 1184 1549 sensum
1200 1524 1339 1555 mysticum
1354 1524 1513 1556 spectentur,
1531 1524 1586 1549 tria
1600 1524 1629 1550 in
1643 1531 1710 1556 una,
1727 1525 1750 1550 et
1764 1531 1821 1558 sep-

1085 1570 1134 1593 tem
1150 1569 1178 1593 in
1193 1567 1261 1593 αΙία.

1088 1646 1178 1685 Resp.
1194 1646 1232 1676 ad
1245 1655 1317 1685 arg.
1334 1646 1381 1676 Ad
1397 1646 1619 1685 przedictorum
1637 1647 1817 1686 intelligen-

1047 1700 1122 1730 tiam
1138 1702 1184 1730 est
1198 1700 1371 1729 notandum
1386 1723 1393 1735 ‚
1415 1699 1499 1738 quod
1516 1700 1671 1739 scriptura
1686 1700 1816 1730 manda-

1047 1755 1152 1783 torum
1168 1753 1201 1782 in
1216 1752 1331 1782 tabulis
1352 1752 1518 1791 dupliciter
1531 1752 1625 1782 habet
1641 1752 1815 1791 distingui,

1047 1806 1191 1836 videlicet
1205 1806 1378 1835 secundum
1394 1814 1522 1835 sensum
1538 1805 1716 1843 litteralem,
1731 1807 1762 1835 et
1773 1814 1818 1835 se-

1046 1859 1187 1889 cundum
1212 1858 1394 1898 mysticum.
1419 1858 1451 1887 Si
1475 1858 1529 1887 fiat
1552 1858 1708 1888 distinctio
1732 1858 1818 1889 illius

1046 1912 1211 1952 scripturze
1232 1911 1406 1941 secundum
1426 1920 1554 1941 sensum
1570 1910 1753 1949 litteralem,
1774 1911 1818 1941 sic

1046 1966 1187 2005 quinque
1206 1966 1281 1995 sunt
1299 1963 1331 1993 in
1350 1973 1413 1993 una
1430 1963 1555 2001 tabula,
1579 1966 1610 1994 et
1629 1964 1770 2003 quinque
1785 1964 1817 1994 in

1046 2019 1106 2048 alia
1121 2030 1127 2048 z
1150 2021 1180 2048 et
1197 2018 1255 2047 hoc
1270 2017 1364 2047 modo
1381 2017 1551 2055 distinguit
1565 2016 1720 2056 Josephus
1732 2041 1740 2054 ‚
1761 2016 1817 2056 qui

1046 2071 1106 2101 fuit
1125 2069 1403 2108 historiographus
1414 2093 1423 2106 ,
1446 2072 1476 2098 et
1496 2069 1549 2108 qui
1565 2069 1602 2099 ad
1617 2078 1746 2099 sensum
1762 2068 1817 2099 lit-

1046 2124 1175 2154 teralem
1198 2122 1412 2162 principaliter
1434 2122 1630 2161 respiciebat.
1654 2122 1687 2152 Si
1710 2124 1816 2153 autem

1046 2178 1100 2207 siat
1126 2175 1281 2206 distinctio
1306 2175 1480 2205 secundum
1506 2175 1721 2214 spiritualem,
1751 2175 1818 2206 sive

1046 2229 1215 2269 mysticum
1230 2237 1373 2265 sensum,
1390 2228 1433 2257 sic
1450 2228 1662 2259 distinxerunt
1676 2228 1817 2259 doctores

1045 2292 1141 2313 sacrae
1157 2282 1342 2321 Scripturae,
1359 2281 1496 2311 dieentes
1509 2281 1657 2311 mandata
1671 2281 1818 2311 ordinan-

1046 2337 1087 2366 tia
1102 2336 1140 2366 ad
1156 2335 1255 2365 Deum
1275 2334 1433 2373 pertinere
1448 2334 1485 2363 ad
1502 2334 1639 2372 primam
1654 2332 1794 2363 tabulam
1806 2356 1814 2370 ,

1046 2391 1192 2421 mandata
1206 2399 1281 2419 vero
1299 2389 1477 2419 ordinantia
1491 2388 1531 2419 ad
1545 2388 1728 2427 proximum
1744 2395 1813 2426 per-

1045 2445 1144 2475 tinere
1160 2443 1199 2472 ad
1214 2442 1396 2472 secundani.
1420 2441 1474 2471 llla
1493 2441 1578 2471 enim
1597 2440 1753 2470 distinctio
1768 2442 1815 2469 ta-

1046 2497 1195 2528 bularum
1205 2495 1300 2525 fiebat
1310 2494 1347 2524 ad
1359 2494 1522 2531 geminam
1532 2493 1718 2523 charitatem
1728 2500 1814 2522 com-

1046 2549 1255 2580 mendandam
1282 2550 1311 2578 et
1336 2546 1570 2577 insinuandam.
1600 2545 1637 2576 Et
1662 2545 1814 2585 quoniam

1046 2603 1194 2634 mandata
1214 2600 1393 2633 ordinantia
1413 2600 1452 2630 ad
1474 2601 1575 2630 Deum
1592 2601 1623 2629 et
1641 2598 1680 2629 ad
1703 2598 1815 2638 proxi-
