2017 2948
130 1449 232 1470 Fundam.

247 145 306 173 668

245 211 351 240 motus
367 208 563 239 contritionis
576 210 622 240 est
641 210 747 239 motus
763 208 917 239 formatus
936 218 942 238 :
961 207 1015 237 sed

247 262 349 302 gratia
362 262 449 301 prius
460 261 647 292 naturaliter
662 261 809 291 informat
824 261 1014 299 subjectum,

244 324 341 356 quam
358 318 462 346 actum
478 325 484 345 ε
502 324 580 355 ergo
595 316 682 355 prius
698 315 882 345 naturaliter
897 317 943 345 vst
964 315 1017 345 Ιιο-

246 379 298 400 mo
314 372 437 408 gratus,
449 379 545 409 quam
561 370 716 400 contritus
730 381 736 399 z
752 370 803 399 sed
814 378 880 398 esse
893 369 1016 408 gratifi-

244 425 350 454 catum
374 423 426 462 (a),
452 423 595 462 sequitur
625 422 740 461 peccati
766 422 1013 461 expulsionem:

244 487 322 517 ergo
345 479 375 508 et
397 478 556 514 contritio,
571 486 643 517 quae
667 477 813 516 provenit
839 478 878 507 al)
911 479 1017 508 anima

245 531 434 570 gratificata.

284 587 313 615 2.
330 584 409 614 Item
431 583 577 614 contritio
599 586 645 614 est
674 586 777 615 motus
808 585 991 616 meritorius
1009 597 1014 616 :

245 639 299 669 sed
309 639 413 669 omnis
424 641 529 668 motus
539 638 721 669 meritorius
734 639 870 678 procedit
885 648 903 669 a
913 639 1018 670 radice

245 692 422 723 mundata:
443 701 522 731 ergo
551 701 624 722 cum
653 693 742 723 radix
764 693 937 727 mundetur
962 702 1018 731 per

243 745 361 785 peccati
390 745 622 784 expulsionem,
650 747 734 785 patet
754 746 840 785 quod
870 746 1016 784 expulsio

242 797 359 837 peccati
386 798 535 837 praecedit
560 798 794 828 contritionem.

284 852 313 881 3.
332 850 408 881 Item
424 850 570 881 contritio
599 853 644 881 est
670 860 749 891 opus
778 851 897 881 bonum
925 861 932 882 z
964 852 1017 883 sed

244 912 323 943 opus
337 904 457 934 bonum
473 903 621 943 praecedit
641 904 767 934 habitus
791 905 893 935 bonus
911 916 917 935 2
937 914 1015 944 ergo

246 958 334 996 prius
364 957 550 987 naturaliter
571 958 679 987 anima
702 958 902 996 habilitatur,
920 968 1017 998 quam

245 1012 449 1040 conteratur:
467 1011 519 1040 sed
545 1011 739 1050 impossibile
767 1014 812 1041 est
838 1012 1013 1050 intelligere

245 1064 385 1093 animam
414 1064 553 1094 habilem
581 1064 618 1093 ad
636 1064 767 1102 bonum,
795 1065 852 1094 nisi
886 1066 1019 1104 expulsa

245 1117 340 1156 culpa
359 1128 364 1147 z
381 1126 470 1155 ergo,
489 1118 546 1146 etc.

286 1172 314 1199 4.
328 1169 406 1200 Item
421 1172 526 1200 motus
538 1170 627 1200 liberi
646 1170 767 1200 arbitrii
779 1171 947 1210 praeccdit:
965 1171 1019 1200 sed

246 1223 438 1263 impossibile
453 1225 499 1253 est
512 1223 651 1253 animam
667 1224 764 1254 simul
779 1225 901 1255 moveri
918 1225 1020 1255 diver-

246 1278 288 1307 sis
300 1277 439 1307 motibus
452 1277 628 1307 secundum
648 1279 771 1317 partem
793 1279 992 1317 superiorem
1011 1287 1019 1308 ε

247 1330 301 1360 sed
317 1330 349 1359 in
364 1330 475 1360 eodem
493 1330 622 1360 instanti
636 1333 682 1361 est
700 1330 844 1361 remissio
859 1332 972 1370 eulpae,
990 1333 1022 1362 et

248 1385 352 1413 motus
365 1383 454 1413 liberi
466 1383 587 1413 arbitrii
606 1395 611 1414 ;
631 1393 692 1414 uon
707 1393 785 1423 ergo
800 1385 957 1415 contritio.

289 1436 401 1467 Contra
419 1448 424 1467 :
443 1436 474 1466 Si
491 1437 636 1467 contritio
651 1440 838 1477 sequeretur
853 1438 953 1478 culpas
969 1447 1018 1469 re-

249 1490 446 1527 missionem3
465 1500 551 1529 cum,
567 1491 699 1521 remissa
715 1492 825 1531 culpa,
843 1492 1020 1523 necessario

249 1543 288 1573 sit
302 1543 398 1573 homo
412 1545 534 1582 ¹iustus,
552 1553 633 1583 ergo
647 1545 770 1574 etiamsi
791 1554 855 1575 non
873 1554 1020 1584 sequere-

249 1599 301 1626 tur
316 1597 475 1633 contritio,
493 1599 689 1637 essetjustus
706 1609 710 1628 :
730 1598 783 1628 sed
803 1598 861 1628 boc
888 1600 933 1628 est
959 1599 1017 1628 sal-

248 1658 319 1679 sum
333 1662 338 1680 :
356 1659 433 1689 ergo
447 1651 622 1681 necessario
638 1652 795 1691 praecedit.

288 1702 376 1740 Item,
393 1704 417 1733 si
434 1704 578 1734 remissio
593 1704 694 1743 culpae
710 1706 790 1735 esset
806 1705 937 1735 omnino
953 1715 971 1735 a
986 1705 1020 1734 li-

247 1756 323 1786 bero
335 1757 477 1794 arbitrio,
493 1759 569 1787 tunc
584 1760 715 1795 constat,
729 1758 813 1797 quod
824 1760 911 1788 actus
923 1759 1020 1788 detes-

247 1809 373 1839 tationis
385 1819 455 1840 eam
470 1810 661 1849 praecederet
680 1822 685 1840 :
702 1811 755 1840 sed
775 1811 855 1841 sicut
875 1811 959 1851 quod
974 1814 1019 1841 est

248 1865 311 1892 tota
325 1872 420 1893 causa
435 1863 582 1902 praecedit
598 1872 676 1899 rem,
695 1864 737 1893 ita
750 1866 780 1893 et
796 1864 879 1903 quod
903 1867 949 1894 est
961 1865 1016 1895 ad-

243 1916 425 1955 juvativum
444 1928 450 1947 :
468 1926 547 1956 ergo
561 1918 585 1947 si
603 1917 748 1947 contritio
763 1919 809 1947 est
825 1920 929 1947 motus
944 1927 962 1947 a
978 1917 1015 1947 li-

246 1970 321 2000 bero
343 1970 472 2001 arbitrio
495 1971 651 2010 adjuvans
672 1970 829 2009 gratiam,
850 1972 881 2001 et
902 1971 1017 2001 faelens

246 2023 331 2053 viam
348 2023 386 2053 ad
411 2023 536 2064 culpam
560 2023 742 2060 delendam,
758 2026 842 2062 patet
865 2024 949 2063 quod
971 2026 1018 2055 est

245 2078 343 2118 prior.

287 2131 374 2169 Item,
386 2132 410 2162 si
422 2132 530 2162 lumen
542 2141 605 2161 non
615 2134 720 2171 posset
732 2133 890 2163 introduci
901 2134 933 2163 in
944 2142 1016 2164 aere

244 2184 304 2215 nisi
319 2194 391 2215 aere
407 2185 445 2215 ad
459 2185 520 2216 hoc
534 2188 699 2224 operante,
717 2195 780 2216 non
797 2186 900 2217 solum
920 2187 1014 2218 lumi-

244 2238 293 2268 nis
306 2238 447 2268 inductio
473 2238 662 2277 praecederet
683 2239 901 2279 expulsionem
925 2243 1016 2271 tene-

245 2290 312 2321 brae
325 2315 332 2329 ,
353 2291 406 2321 sed
420 2291 516 2321 etiam
535 2293 624 2321 actus
646 2292 727 2321 aeris
746 2303 751 2322 :
769 2293 822 2322 sed
850 2293 893 2323 sic
916 2296 961 2324 est
984 2294 1016 2324 in

247 2344 423 2383 proposito:
440 2353 517 2383 ergo
533 2354 607 2374 cum
629 2344 809 2383 justificatio
832 2355 896 2376 non
916 2346 1014 2377 intro-

246 2397 381 2427 ducatur
397 2397 458 2427 nisi
472 2398 644 2437 adJuvante
658 2397 757 2428 libero
772 2399 915 2437 urbitri0,
930 2402 1016 2439 patet

247 2451 331 2490 quod
346 2459 409 2481 non
420 2451 524 2481 solum
534 2451 729 2490 justificatio,
744 2460 801 2481 seu
816 2451 932 2482 infusio
945 2462 1017 2491 gra-

248 2503 299 2534 tiae
315 2487 698 2543 praecedit'expulsionem
720 2504 837 2545 culpae3
853 2506 905 2536 sed
927 2508 1015 2536 actus

324 2565 397 2587 Jss'm'¹
414 2564 443 2586 ab
459 2572 485 2585 ’,ιι
496 2565 545 2586 ilu‘l

248 2584 296 2643 dh:
327 2591 369 2623 uae'
403 2583 602 2628 ,iflgaffigdqpui
622 2586 680 2615 art„
700 2586 724 2609 et
745 2586 794 2610 art.
815 2587 841 2616 ¹,
861 2592 886 2616 q.
904 2591 942 2616 in,
963 2586 1016 2617 huj.

266 2626 285 2643 ¹8
299 2636 304 2642 .

808 139 1118 172 SENTENTIARUM
1142 139 1216 171 LIB.
1243 140 1291 172 IV.

1073 207 1163 238 liberi
1191 207 1312 238 arbitrii
1340 208 1488 248 praeeedit
1513 209 1614 249 ipsam
1643 210 1839 243 naturaliter.

1114 261 1190 292 ltcm
1213 270 1284 292 cum
1305 262 1411 292 anima
1435 272 1498 293 non
1523 263 1619 302 possit
1647 263 1751 294 sanari
1781 264 1841 295 nisi

1072 323 1220 354 operans;
1239 315 1263 344 si
1285 324 1349 345 non
1364 318 1465 355 posset
1489 316 1613 355 operari
1639 316 1699 346 nisi
1721 319 1840 355 sanata,

1073 370 1154 397 essct
1169 368 1257 398 civia
1274 368 1429 408 praeclusa
1447 380 1452 398 :
1471 377 1550 407 ergo
1565 377 1690 400 necesse
1702 369 1843 410 estquod

1073 420 1125 450 illa
1140 421 1297 460 operatio,
1319 430 1374 460 per
1395 431 1493 461 quam
1517 424 1666 460 sanatur,
1690 422 1845 462 praecedat

1073 475 1285 512 sanationem
1303 484 1380 514 ergo
1397 476 1513 515 peccati
1528 476 1757 507 remissionem.

1347 590 1570 622 CONCLUSIO.

1075 676 1205 703 contritio
1220 684 1268 711 per
1282 679 1409 703 naturam
1423 677 1552 711 proecedi'c
1566 678 1651 712 cnlpae
1666 678 1846 704 remissionem

1107 729 1156 755 per
1169 723 1308 755 naturam,
1324 729 1383 748 cum
1402 723 1494 748 anima
1508 730 1557 756 per
1568 722 1672 756 peccati
1689 721 1844 748 detestatio-

1111 773 1167 792 nem
1179 773 1206 792 se
1218 766 1345 800 disponat
1357 766 1392 792 acl
1407 767 1536 800 qratiam.

1116 850 1206 890 Resp.
1225 851 1262 880 ad
1282 860 1355 890 arg.
1378 850 1549 881 Dicendum
1566 851 1649 891 quod
1665 850 1845 891 aliquorum

1074 903 1180 943 opinio
1197 904 1265 941 fuit,
1283 904 1367 943 quod
1382 904 1525 934 remissio
1536 904 1636 944 culpae
1651 904 1847 935 antecederet

1074 957 1310 994 contritionem,
1328 957 1501 987 secundnm
1517 957 1600 997 quod
1617 957 1760 987 remissio
1777 958 1844 988 cul-

1075 1020 1122 1049 pce
1134 1010 1246 1040 dicitur
1262 1012 1419 1050 quantum
1434 1010 1473 1040 ad
1489 1010 1622 1040 maculae
1635 1010 1843 1048 ablationem;

1074 1063 1126 1092 sed
1141 1065 1296 1102 quantum
1320 1063 1358 1092 ad
1375 1072 1518 1102 poenam,
1535 1063 1583 1093 vel
1599 1063 1773 1102 sequelam,
1791 1072 1843 1094 sc-

1074 1116 1193 1155 qnitur.
1215 1114 1290 1153 Sed,
1306 1115 1387 1145 sicut
1407 1115 1526 1154 supra¹
1546 1115 1665 1145 dit-tum
1685 1117 1729 1145 est
1742 1139 1750 1151 ,
1767 1123 1845 1145 con-

1074 1168 1160 1198 tritio
1181 1169 1357 1198 necessaria
1378 1171 1424 1199 est
1448 1169 1482 1198 in
1504 1169 1602 1208 ipsius
1622 1168 1734 1207 gratiae
1758 1168 1845 1199 infu-

1075 1223 1161 1253 sione
1174 1233 1182 1253 ι
1194 1223 1278 1253 unde
1291 1226 1321 1253 et
1333 1224 1481 1263 praecedit
1492 1224 1609 1263 peccati
1625 1223 1846 1263 expulsionem

1076 1279 1200 1307 natura.
1219 1277 1255 1307 Et
1271 1277 1331 1307 hoc
1345 1279 1429 1316 patet
1444 1278 1499 1313 sic,
1513 1277 1587 1317 qnia
1599 1277 1707 1307 anima
1722 1285 1778 1316 per
1792 1277 1844 1307 de-

1076 1332 1135 1360 test
1148 1330 1274 1360 ationem
1302 1331 1420 1369 peccati
1437 1339 1470 1360 se
1490 1330 1629 1370 disponit
1649 1330 1686 1360 ad
1710 1330 1846 1369 gratiam

1076 1383 1277 1422 dispt-›silione
1295 1386 1412 1423 quanta
1423 1385 1541 1423 potest,
1555 1383 1658 1422 gratia
1670 1392 1745 1413 vero
1756 1382 1849 1414 adve-

1076 1436 1166 1466 niens
1182 1436 1214 1466 iu
1230 1436 1371 1466 animam
1389 1437 1438 1476 lb),
1452 1437 1527 1476 quia
1538 1436 1591 1466 illa
1604 1436 1766 1467 detestatio
1781 1438 1849 1467 erat

1076 1490 1164 1530 quasi
1195 1490 1355 1530 dispositio
1387 1491 1489 1521 media
1517 1491 1556 1521 ad
1586 1490 1847 1521 introducendam

1076 1543 1225 1582 gratiam,
1242 1553 1297 1583 per
1320 1546 1466 1574 naturam
1489 1543 1578 1584 prius
1602 1543 1726 1582 respicit
1748 1542 1845 1581 illam,

1076 1598 1105 1626 et
1123 1606 1177 1635 per
1192 1596 1280 1626 illam
1294 1597 1422 1636 culpam
1438 1597 1613 1627 delendam.
1632 1596 1683 1627 Sic
1701 1605 1741 1627 ex
1761 1605 1848 1627 com-

1076 1649 1252 1688 paratione,
1269 1649 1319 1680 vel
1335 1653 1478 1690 respectu
1500 1650 1613 1688 gratiae
1629 1650 1666 1680 ad
1683 1649 1770 1680 illam
1792 1650 1846 1680 de-

1076 1702 1288 1736 testationem,
1313 1705 1359 1733 est
1384 1703 1548 1740 contritio;
1575 1713 1613 1734 ex
1635 1709 1779 1743 respectu
1806 1703 1846 1733 ad

1076 1755 1213 1795 culpam,
1231 1758 1275 1786 est
1291 1756 1433 1787 remissio
1448 1768 1454 1786 t
1473 1757 1543 1787 ideo
1560 1756 1706 1786 contritio
1726 1765 1844 1796 praece-

1075 1809 1118 1839 dit
1134 1810 1355 1840 remissionem
1372 1819 1426 1850 per
1437 1812 1597 1848 naturam,
1615 1812 1645 1841 et
1668 1810 1845 1841 conceden-

1075 1862 1122 1893 da}
1137 1866 1211 1893 sunt
1229 1863 1366 1893 rationes
1381 1864 1420 1893 ad
1435 1863 1505 1894 hoc.
1529 1863 1719 1903 Exemplum
1739 1865 1846 1894 autem

1074 1915 1171 1954 hujus
1186 1916 1286 1946 videri
1303 1918 1403 1955 potest
1417 1917 1460 1946 sic
1477 1928 1483 1947 :
1507 1916 1726 1956 intelligamus
1740 1925 1846 1947 aerem

1074 1968 1317 2000 obtenebratum
1343 1978 1398 2009 per
1423 1969 1626 2009 praesentiam
1658 1969 1793 2000 nubium
1815 1971 1846 2000 et

1074 2022 1277 2060 nebularum,
1295 2025 1325 2053 et
1339 2023 1423 2062 quod
1438 2023 1538 2054 nubes
1560 2022 1621 2053 illae
1635 2031 1700 2053 non
1726 2022 1846 2062 possint

1073 2076 1186 2115 expelli
1210 2078 1350 2113 eatenuS,
1372 2085 1436 2115 qua
1460 2076 1678 2114 obtenebrant,
1703 2075 1765 2106 nisi
1789 2084 1846 2116 per

1073 2131 1195 2159 motam
1205 2130 1296 2166 aeris,
1314 2131 1343 2159 et
1354 2129 1589 2159 irradiationem
1604 2129 1749 2168 luminis;
1768 2130 1846 2160 tunc

1073 2181 1110 2211 ad
1126 2182 1185 2211 hoc
1200 2182 1282 2221 quod
1300 2191 1353 2212 aer
1366 2182 1518 2221 reciperet
1528 2182 1663 2222 primam
1682 2181 1845 2213 illumina-

1072 2235 1202 2272 tionem,
1218 2238 1374 2274 oporteret
1393 2235 1427 2275 (ο)
1444 2236 1539 2266 simul
1555 2245 1627 2266 cum
1642 2235 1846 2267 irradiatione

1073 2287 1147 2317 solis
1160 2297 1345 2319 concurrere
1360 2290 1504 2326 ventum,
1521 2290 1551 2319 et
1566 2290 1645 2328 post,
1665 2289 1703 2319 ad
1726 2289 1843 2329 perfec-

1075 2345 1138 2372 tam
1158 2342 1391 2372 restitutionem
1408 2342 1553 2379 luminis,
1571 2343 1729 2381 oporteret
1742 2342 1846 2373 adhuc

1074 2398 1206 2427 ventum
1222 2396 1329 2435 sequi,
1347 2395 1400 2434 qui
1422 2394 1553 2425 nebulas
1576 2394 1748 2434 expelleret
1766 2404 1774 2426 ε
1790 2404 1845 2435 per

1075 2450 1160 2479 hunc
1177 2449 1307 2479 modum
1322 2450 1368 2478 est
1388 2447 1567 2486 intelligere
1589 2447 1627 2478 de
1645 2448 1841 2486 contritione,

1075 2505 1105 2533 et
1123 2502 1236 2541 gratiae
1252 2502 1419 2539 infusione,
1436 2504 1471 2532 ut
1485 2504 1591 2532 tamen
1608 2501 1774 2532 causalitas
1787 2510 1841 2531 ac—

1107 2582 1141 2612 (a)
1155 2582 1216 2606 Coet.
1231 2581 1290 2606 edit.
1307 2580 1456 2612 gratificum.
1466 2594 1496 2598 —
1509 2580 1544 2613 (b)
1560 2580 1619 2606 Coet.
1635 2579 1694 2604 edit.
1709 2579 1801 2605 anima.
1812 2591 1842 2598 -

1076 2620 1105 2649 (c)
1122 2618 1183 2642 Coet.
1198 2617 1258 2641 edit.
1273 2618 1381 2648 oportet.

1862 1072 1958 1100 Improb.

1865 1290 1925 1311 natio
1946 1293 1966 1312 et

1869 1322 1961 1349 explica-

1863 1353 1900 1374 tio.

1861 1874 1959 1901 Exempl-
