<?xml version="1.0" encoding="UTF-8"?>
<!DOCTYPE html PUBLIC "-//W3C//DTD XHTML 1.0 Transitional//EN"
    "http://www.w3.org/TR/xhtml1/DTD/xhtml1-transitional.dtd">
<html xmlns="http://www.w3.org/1999/xhtml" xml:lang="en" lang="en">
 <head>
  <title>
</title>
<meta http-equiv="Content-Type" content="text/html;charset=utf-8" />
  <meta name='ocr-system' content='tesseract 3.04.00' />
  <meta name='ocr-capabilities' content='ocr_page ocr_carea ocr_par ocr_line ocrx_word'/>
</head>
<body>
  <div class='ocr_page' id='page_1' title='image "./operaomniasixtiv05bonauoft/operaomniasixtiv05bonauoft_0409.png"; bbox 0 0 2017 2948; ppageno 0'>
   <div class='ocr_carea' id='block_1_1' title="bbox 210 151 1922 312">
    <p class='ocr_par' dir='ltr' id='par_1_1' title="bbox 210 151 1922 312">
     <span class='ocr_line' id='line_1_1' title="bbox 738 151 1809 184; baseline 0 -2"><span class='ocrx_word' id='word_1_1' title='bbox 738 151 835 183; x_wconf 89' lang='lat' dir='ltr'>DIST.</span> <span class='ocrx_word' id='word_1_2' title='bbox 859 152 909 184; x_wconf 84' lang='lat' dir='ltr'>Vl.</span> <span class='ocrx_word' id='word_1_3' title='bbox 933 152 1044 184; x_wconf 88' lang='lat' dir='ltr'><strong>PARS.</strong></span> <span class='ocrx_word' id='word_1_4' title='bbox 1069 153 1106 183; x_wconf 90' lang='lat'>11.</span> <span class='ocrx_word' id='word_1_5' title='bbox 1129 153 1220 184; x_wconf 86' lang='lat' dir='ltr'><strong>ART.</strong></span> <span class='ocrx_word' id='word_1_6' title='bbox 1245 153 1282 183; x_wconf 88' lang='lat'>11.</span> <span class='ocrx_word' id='word_1_7' title='bbox 1756 153 1809 182; x_wconf 81' lang='lat'>391</span> 
     </span>
     <span class='ocr_line' id='line_1_2' title="bbox 210 219 1922 262; baseline -0.002 -10"><span class='ocrx_word' id='word_1_8' title='bbox 210 222 285 262; x_wconf 83' lang='lat' dir='ltr'>quia</span> <span class='ocrx_word' id='word_1_9' title='bbox 310 221 382 252; x_wconf 83' lang='lat' dir='ltr'>talis</span> <span class='ocrx_word' id='word_1_10' title='bbox 405 230 461 261; x_wconf 88' lang='lat' dir='ltr'>per</span> <span class='ocrx_word' id='word_1_11' title='bbox 488 219 766 251; x_wconf 83' lang='lat' dir='ltr'>sanctificationem</span> <span class='ocrx_word' id='word_1_12' title='bbox 794 227 858 249; x_wconf 88' lang='lat' dir='ltr'>non</span> <span class='ocrx_word' id='word_1_13' title='bbox 886 219 981 249; x_wconf 85' lang='lat' dir='ltr'>hahet</span> <span class='ocrx_word' id='word_1_14' title='bbox 1034 219 1173 258; x_wconf 83' lang='lat' dir='ltr'>triplex:</span> <span class='ocrx_word' id='word_1_15' title='bbox 1191 220 1295 259; x_wconf 87' lang='lat' dir='ltr'>prima</span> <span class='ocrx_word' id='word_1_16' title='bbox 1312 221 1438 258; x_wconf 86' lang='lat' dir='ltr'>propter</span> <span class='ocrx_word' id='word_1_17' title='bbox 1460 220 1578 250; x_wconf 87' lang='lat' dir='ltr'>honum</span> <span class='ocrx_word' id='word_1_18' title='bbox 1604 219 1788 251; x_wconf 69' lang='lat' dir='ltr'>obedientiae</span> <span class='ocrx_word' id='word_1_19' title='bbox 1802 244 1809 257; x_wconf 89' lang='lat'>,</span> <span class='ocrx_word' id='word_1_20' title='bbox 1828 222 1922 257; x_wconf 51' lang='lat' dir='ltr'>caeam-</span> 
     </span>
     <span class='ocr_line' id='line_1_3' title="bbox 211 259 1913 312; baseline -0.001 -7"><span class='ocrx_word' id='word_1_21' title='bbox 211 275 445 310; x_wconf 86' lang='lat' dir='ltr'>characterem,</span> <span class='ocrx_word' id='word_1_22' title='bbox 464 273 517 304; x_wconf 86' lang='lat' dir='ltr'>sed</span> <span class='ocrx_word' id='word_1_23' title='bbox 541 272 632 303; x_wconf 86' lang='lat' dir='ltr'>dehet</span> <span class='ocrx_word' id='word_1_24' title='bbox 653 272 748 311; x_wconf 82' lang='lat' dir='ltr'>signo</span> <span class='ocrx_word' id='word_1_25' title='bbox 768 271 881 302; x_wconf 80' lang='lat' dir='ltr'>Christi</span> <span class='ocrx_word' id='word_1_26' title='bbox 904 281 980 302; x_wconf 83' lang='lat' dir='ltr'>con·</span> <span class='ocrx_word' id='word_1_27' title='bbox 1034 272 1109 312; x_wconf 88' lang='lat' dir='ltr'>quia</span> <span class='ocrx_word' id='word_1_28' title='bbox 1135 272 1216 303; x_wconf 89' lang='lat' dir='ltr'>Deus</span> <span class='ocrx_word' id='word_1_29' title='bbox 1239 272 1404 311; x_wconf 80' lang='lat' dir='ltr'>praecepit,</span> <span class='ocrx_word' id='word_1_30' title='bbox 1421 274 1457 302; x_wconf 87' lang='lat' dir='ltr'>nt</span> <span class='ocrx_word' id='word_1_31' title='bbox 1478 282 1588 303; x_wconf 88' lang='lat' dir='ltr'>onmes</span> <span class='ocrx_word' id='word_1_32' title='bbox 1604 274 1811 304; x_wconf 79' lang='lat' dir='ltr'>renascantur</span> <span class='ocrx_word' id='word_1_33' title='bbox 1847 259 1913 310; x_wconf 50' lang='lat' dir='ltr'>{¹52⁰oe</span> 
     </span>
    </p>
   </div>
   <div class='ocr_carea' id='block_1_2' title="bbox 1826 315 1929 342">
    <p class='ocr_par' dir='ltr' id='par_1_2' title="bbox 1826 315 1929 342">
     <span class='ocr_line' id='line_1_4' title="bbox 1826 315 1929 342; baseline 0 -7"><span class='ocrx_word' id='word_1_34' title='bbox 1826 315 1929 342; x_wconf 77' lang='lat' dir='ltr'>suscipia-</span> 
     </span>
    </p>
   </div>
   <div class='ocr_carea' id='block_1_3' title="bbox 91 976 193 1002">
    <p class='ocr_par' dir='ltr' id='par_1_3' title="bbox 91 976 193 1002">
     <span class='ocr_line' id='line_1_5' title="bbox 91 976 193 1002; baseline 0 -6"><span class='ocrx_word' id='word_1_35' title='bbox 91 976 124 996; x_wconf 72' lang='lat' dir='ltr'>Ad</span> <span class='ocrx_word' id='word_1_36' title='bbox 143 982 193 1002; x_wconf 85' lang='lat' dir='ltr'>opp.</span> 
     </span>
    </p>
   </div>
   <div class='ocr_carea' id='block_1_4' title="bbox 208 325 983 2013">
    <p class='ocr_par' dir='ltr' id='par_1_4' title="bbox 210 325 981 421">
     <span class='ocr_line' id='line_1_6' title="bbox 210 325 981 367; baseline -0.005 -9"><span class='ocrx_word' id='word_1_37' title='bbox 210 328 354 367; x_wconf 84' lang='lat' dir='ltr'>signari;</span> <span class='ocrx_word' id='word_1_38' title='bbox 373 326 458 367; x_wconf 88' lang='lat' dir='ltr'>quod</span> <span class='ocrx_word' id='word_1_39' title='bbox 481 326 516 356; x_wconf 85' lang='lat' dir='ltr'>fit</span> <span class='ocrx_word' id='word_1_40' title='bbox 533 325 568 356; x_wconf 91' lang='lat' dir='ltr'>in</span> <span class='ocrx_word' id='word_1_41' title='bbox 590 325 745 364; x_wconf 81' lang='lat' dir='ltr'>baptismo</span> <span class='ocrx_word' id='word_1_42' title='bbox 762 335 769 354; x_wconf 78' lang='lat' dir='ltr'><strong><em>z</em></strong></span> <span class='ocrx_word' id='word_1_43' title='bbox 787 333 866 363; x_wconf 76' lang='lat' dir='ltr'>ergo</span> <span class='ocrx_word' id='word_1_44' title='bbox 889 325 981 355; x_wconf 85' lang='lat' dir='ltr'>debet</span> 
     </span>
     <span class='ocr_line' id='line_1_7' title="bbox 210 380 371 421; baseline -0.012 -9"><span class='ocrx_word' id='word_1_45' title='bbox 210 380 371 421; x_wconf 83' lang='lat' dir='ltr'>baptizari.</span> 
     </span>
    </p>

    <p class='ocr_par' dir='ltr' id='par_1_5' title="bbox 212 431 981 684">
     <span class='ocr_line' id='line_1_8' title="bbox 252 431 980 472; baseline -0.007 -7"><span class='ocrx_word' id='word_1_46' title='bbox 252 434 330 465; x_wconf 82' lang='lat' dir='ltr'>item</span> <span class='ocrx_word' id='word_1_47' title='bbox 356 432 503 472; x_wconf 83' lang='lat' dir='ltr'>baptizati</span> <span class='ocrx_word' id='word_1_48' title='bbox 526 431 682 471; x_wconf 80' lang='lat' dir='ltr'>baptismo</span> <span class='ocrx_word' id='word_1_49' title='bbox 708 431 852 461; x_wconf 87' lang='lat' dir='ltr'>fluminis</span> <span class='ocrx_word' id='word_1_50' title='bbox 876 431 980 470; x_wconf 87' lang='lat' dir='ltr'>bapti-</span> 
     </span>
     <span class='ocr_line' id='line_1_9' title="bbox 212 484 981 525; baseline -0.007 -7"><span class='ocrx_word' id='word_1_51' title='bbox 212 490 322 518; x_wconf 86' lang='lat' dir='ltr'>zantur</span> <span class='ocrx_word' id='word_1_52' title='bbox 337 495 419 525; x_wconf 79' lang='lat' dir='ltr'>aqua</span> <span class='ocrx_word' id='word_1_53' title='bbox 430 509 439 523; x_wconf 82' lang='lat'>‚</span> <span class='ocrx_word' id='word_1_54' title='bbox 456 487 486 515; x_wconf 87' lang='lat' dir='ltr'>et</span> <span class='ocrx_word' id='word_1_55' title='bbox 500 486 646 515; x_wconf 85' lang='lat' dir='ltr'>tenentur</span> <span class='ocrx_word' id='word_1_56' title='bbox 661 484 829 523; x_wconf 83' lang='lat' dir='ltr'>baptizari,</span> <span class='ocrx_word' id='word_1_57' title='bbox 846 486 882 514; x_wconf 88' lang='lat' dir='ltr'>ut</span> <span class='ocrx_word' id='word_1_58' title='bbox 897 485 981 522; x_wconf 85' lang='lat' dir='ltr'>patet</span> 
     </span>
     <span class='ocr_line' id='line_1_10' title="bbox 212 537 978 574; baseline -0.008 -2"><span class='ocrx_word' id='word_1_59' title='bbox 212 541 249 572; x_wconf 89' lang='lat' dir='ltr'>de</span> <span class='ocrx_word' id='word_1_60' title='bbox 265 540 404 571; x_wconf 85' lang='lat' dir='ltr'>Cornelio</span> <span class='ocrx_word' id='word_1_61' title='bbox 420 543 429 558; x_wconf 85' lang='lat'><strong>¹</strong></span> <span class='ocrx_word' id='word_1_62' title='bbox 443 549 450 568; x_wconf 90' lang='lat'>:</span> <span class='ocrx_word' id='word_1_63' title='bbox 467 538 522 569; x_wconf 87' lang='lat' dir='ltr'>sed</span> <span class='ocrx_word' id='word_1_64' title='bbox 538 537 726 568; x_wconf 78' lang='lat' dir='ltr'>sanctificari</span> <span class='ocrx_word' id='word_1_65' title='bbox 741 546 806 567; x_wconf 88' lang='lat' dir='ltr'>non</span> <span class='ocrx_word' id='word_1_66' title='bbox 820 538 867 567; x_wconf 91' lang='lat' dir='ltr'>est</span> <span class='ocrx_word' id='word_1_67' title='bbox 880 537 978 574; x_wconf 88' lang='lat' dir='ltr'>aliud,</span> 
     </span>
     <span class='ocr_line' id='line_1_11' title="bbox 212 590 981 633; baseline -0.007 -9"><span class='ocrx_word' id='word_1_68' title='bbox 212 602 307 633; x_wconf 82' lang='lat' dir='ltr'>quam</span> <span class='ocrx_word' id='word_1_69' title='bbox 321 592 458 632; x_wconf 81' lang='lat' dir='ltr'>gratiam</span> <span class='ocrx_word' id='word_1_70' title='bbox 472 591 608 631; x_wconf 81' lang='lat' dir='ltr'>Spiritus</span> <span class='ocrx_word' id='word_1_71' title='bbox 621 590 719 620; x_wconf 85' lang='lat' dir='ltr'>sancti</span> <span class='ocrx_word' id='word_1_72' title='bbox 729 590 869 629; x_wconf 87' lang='lat' dir='ltr'>recipere</span> <span class='ocrx_word' id='word_1_73' title='bbox 882 600 889 620; x_wconf 76' lang='lat' dir='ltr'>t</span> <span class='ocrx_word' id='word_1_74' title='bbox 903 599 981 629; x_wconf 80' lang='lat' dir='ltr'>ergo</span> 
     </span>
     <span class='ocr_line' id='line_1_12' title="bbox 213 644 736 684; baseline -0.006 -8"><span class='ocrx_word' id='word_1_75' title='bbox 213 645 395 677; x_wconf 82' lang='lat' dir='ltr'>sanctificati</span> <span class='ocrx_word' id='word_1_76' title='bbox 409 647 556 676; x_wconf 87' lang='lat' dir='ltr'>tenentur</span> <span class='ocrx_word' id='word_1_77' title='bbox 570 644 736 684; x_wconf 80' lang='lat' dir='ltr'>baptizari.</span> 
     </span>
    </p>

    <p class='ocr_par' dir='ltr' id='par_1_6' title="bbox 210 696 982 941">
     <span class='ocr_line' id='line_1_13' title="bbox 254 696 982 737; baseline -0.005 -8"><span class='ocrx_word' id='word_1_78' title='bbox 254 699 330 730; x_wconf 89' lang='lat' dir='ltr'>Item</span> <span class='ocrx_word' id='word_1_79' title='bbox 346 698 453 729; x_wconf 87' lang='lat' dir='ltr'>nullus</span> <span class='ocrx_word' id='word_1_80' title='bbox 466 699 759 737; x_wconf 78' lang='lat' dir='ltr'>quantumcumque</span> <span class='ocrx_word' id='word_1_81' title='bbox 774 705 915 735; x_wconf 82' lang='lat' dir='ltr'>magnus</span> <span class='ocrx_word' id='word_1_82' title='bbox 930 696 982 726; x_wconf 85' lang='lat' dir='ltr'>ab·</span> 
     </span>
     <span class='ocr_line' id='line_1_14' title="bbox 213 749 980 783; baseline -0.005 0"><span class='ocrx_word' id='word_1_83' title='bbox 213 752 348 783; x_wconf 86' lang='lat' dir='ltr'>solvitur</span> <span class='ocrx_word' id='word_1_84' title='bbox 372 760 391 782; x_wconf 81' lang='lat' dir='ltr'>a</span> <span class='ocrx_word' id='word_1_85' title='bbox 416 751 524 781; x_wconf 89' lang='lat' dir='ltr'>divino</span> <span class='ocrx_word' id='word_1_86' title='bbox 551 750 720 781; x_wconf 85' lang='lat' dir='ltr'>mandato:</span> <span class='ocrx_word' id='word_1_87' title='bbox 744 750 797 780; x_wconf 89' lang='lat' dir='ltr'>sed</span> <span class='ocrx_word' id='word_1_88' title='bbox 826 749 980 780; x_wconf 80' lang='lat' dir='ltr'>Dominus</span> 
     </span>
     <span class='ocr_line' id='line_1_15' title="bbox 212 802 978 842; baseline -0.007 -6"><span class='ocrx_word' id='word_1_89' title='bbox 212 805 399 836; x_wconf 85' lang='lat' dir='ltr'>mandatum</span> <span class='ocrx_word' id='word_1_90' title='bbox 413 804 497 834; x_wconf 89' lang='lat' dir='ltr'>dedit</span> <span class='ocrx_word' id='word_1_91' title='bbox 509 803 547 833; x_wconf 89' lang='lat' dir='ltr'>de</span> <span class='ocrx_word' id='word_1_92' title='bbox 557 802 754 842; x_wconf 86' lang='lat' dir='ltr'>suscipiendo</span> <span class='ocrx_word' id='word_1_93' title='bbox 766 802 959 842; x_wconf 84' lang='lat' dir='ltr'>baptismum</span> <span class='ocrx_word' id='word_1_94' title='bbox 972 813 978 832; x_wconf 86' lang='lat'><strong>:</strong></span> 
     </span>
     <span class='ocr_line' id='line_1_16' title="bbox 211 856 982 897; baseline -0.004 -9"><span class='ocrx_word' id='word_1_95' title='bbox 211 866 289 897; x_wconf 86' lang='lat' dir='ltr'>ergo</span> <span class='ocrx_word' id='word_1_96' title='bbox 315 857 359 887; x_wconf 85' lang='lat' dir='ltr'>ita</span> <span class='ocrx_word' id='word_1_97' title='bbox 388 858 515 887; x_wconf 86' lang='lat' dir='ltr'>tenetur</span> <span class='ocrx_word' id='word_1_98' title='bbox 542 856 581 886; x_wconf 88' lang='lat' dir='ltr'>ad</span> <span class='ocrx_word' id='word_1_99' title='bbox 610 856 669 886; x_wconf 88' lang='lat' dir='ltr'>hoc</span> <span class='ocrx_word' id='word_1_100' title='bbox 691 856 903 886; x_wconf 83' lang='lat' dir='ltr'>sanctificatus</span> <span class='ocrx_word' id='word_1_101' title='bbox 917 879 925 893; x_wconf 90' lang='lat'>,</span> <span class='ocrx_word' id='word_1_102' title='bbox 947 857 982 885; x_wconf 92' lang='lat' dir='ltr'>ut</span> 
     </span>
     <span class='ocr_line' id='line_1_17' title="bbox 210 911 302 941; baseline -0.011 0"><span class='ocrx_word' id='word_1_103' title='bbox 210 911 302 941; x_wconf 89' lang='lat' dir='ltr'>alius.</span> 
     </span>
    </p>

    <p class='ocr_par' dir='ltr' id='par_1_7' title="bbox 208 962 983 1321">
     <span class='ocr_line' id='line_1_18' title="bbox 250 962 982 1001; baseline -0.005 -6"><span class='ocrx_word' id='word_1_104' title='bbox 250 964 309 995; x_wconf 86' lang='lat' dir='ltr'>Sed</span> <span class='ocrx_word' id='word_1_105' title='bbox 316 965 440 994; x_wconf 83' lang='lat' dir='ltr'>contra:</span> <span class='ocrx_word' id='word_1_106' title='bbox 452 962 633 1001; x_wconf 53' lang='grc' dir='ltr'>[Ἧι-111501)</span> <span class='ocrx_word' id='word_1_107' title='bbox 641 962 814 1001; x_wconf 80' lang='lat' dir='ltr'>singularis</span> <span class='ocrx_word' id='word_1_108' title='bbox 824 962 982 1001; x_wconf 74' lang='lat' dir='ltr'>privilegii</span> 
     </span>
     <span class='ocr_line' id='line_1_19' title="bbox 209 1016 981 1057; baseline -0.005 -9"><span class='ocrx_word' id='word_1_109' title='bbox 209 1027 333 1057; x_wconf 79' lang='lat' dir='ltr'>semper</span> <span class='ocrx_word' id='word_1_110' title='bbox 358 1016 551 1047; x_wconf 76' lang='lat' dir='ltr'>transcendit</span> <span class='ocrx_word' id='word_1_111' title='bbox 573 1016 764 1046; x_wconf 80' lang='lat' dir='ltr'>beneficium</span> <span class='ocrx_word' id='word_1_112' title='bbox 788 1024 958 1046; x_wconf 83' lang='lat' dir='ltr'>commune</span> <span class='ocrx_word' id='word_1_113' title='bbox 971 1038 981 1053; x_wconf 87' lang='lat'>,</span> 
     </span>
     <span class='ocr_line' id='line_1_20' title="bbox 209 1067 983 1108; baseline -0.004 -7"><span class='ocrx_word' id='word_1_114' title='bbox 209 1071 286 1101; x_wconf 88' lang='lat' dir='ltr'>etin</span> <span class='ocrx_word' id='word_1_115' title='bbox 307 1070 550 1100; x_wconf 83' lang='lat' dir='ltr'>sanctificatione</span> <span class='ocrx_word' id='word_1_116' title='bbox 570 1069 661 1098; x_wconf 82' lang='lat' dir='ltr'>datur</span> <span class='ocrx_word' id='word_1_117' title='bbox 675 1068 778 1108; x_wconf 81' lang='lat' dir='ltr'>gratia</span> <span class='ocrx_word' id='word_1_118' title='bbox 793 1077 921 1105; x_wconf 85' lang='lat' dir='ltr'>curans,</span> <span class='ocrx_word' id='word_1_119' title='bbox 941 1067 983 1098; x_wconf 91' lang='lat' dir='ltr'>si-</span> 
     </span>
     <span class='ocr_line' id='line_1_21' title="bbox 209 1121 982 1162; baseline -0.003 -8"><span class='ocrx_word' id='word_1_120' title='bbox 209 1126 261 1155; x_wconf 88' lang='lat' dir='ltr'>cut</span> <span class='ocrx_word' id='word_1_121' title='bbox 274 1124 307 1153; x_wconf 89' lang='grc'>111</span> <span class='ocrx_word' id='word_1_122' title='bbox 321 1124 491 1162; x_wconf 81' lang='lat' dir='ltr'>baptismo,</span> <span class='ocrx_word' id='word_1_123' title='bbox 507 1124 537 1152; x_wconf 90' lang='lat' dir='ltr'>et</span> <span class='ocrx_word' id='word_1_124' title='bbox 556 1122 671 1161; x_wconf 87' lang='lat' dir='ltr'>major,</span> <span class='ocrx_word' id='word_1_125' title='bbox 687 1124 718 1151; x_wconf 89' lang='lat' dir='ltr'>et</span> <span class='ocrx_word' id='word_1_126' title='bbox 732 1121 888 1151; x_wconf 80' lang='lat' dir='ltr'>efficacior</span> <span class='ocrx_word' id='word_1_127' title='bbox 904 1132 909 1151; x_wconf 89' lang='lat'>:</span> <span class='ocrx_word' id='word_1_128' title='bbox 928 1121 982 1152; x_wconf 84' lang='lat' dir='ltr'>sed</span> 
     </span>
     <span class='ocr_line' id='line_1_22' title="bbox 210 1175 980 1215; baseline -0.004 -8"><span class='ocrx_word' id='word_1_129' title='bbox 210 1176 286 1207; x_wconf 85' lang='lat' dir='ltr'>ordo</span> <span class='ocrx_word' id='word_1_130' title='bbox 301 1178 347 1207; x_wconf 87' lang='lat' dir='ltr'>est</span> <span class='ocrx_word' id='word_1_131' title='bbox 368 1185 387 1206; x_wconf 84' lang='lat' dir='ltr'>a</span> <span class='ocrx_word' id='word_1_132' title='bbox 401 1176 517 1206; x_wconf 84' lang='lat' dir='ltr'>minori</span> <span class='ocrx_word' id='word_1_133' title='bbox 532 1175 723 1215; x_wconf 80' lang='lat' dir='ltr'>perfect&#39;10ne</span> <span class='ocrx_word' id='word_1_134' title='bbox 744 1175 784 1205; x_wconf 85' lang='lat' dir='ltr'>ad</span> <span class='ocrx_word' id='word_1_135' title='bbox 806 1175 980 1213; x_wconf 81' lang='lat' dir='ltr'>majorem,</span> 
     </span>
     <span class='ocr_line' id='line_1_23' title="bbox 210 1228 983 1267; baseline -0.005 -6"><span class='ocrx_word' id='word_1_136' title='bbox 210 1230 264 1261; x_wconf 87' lang='lat' dir='ltr'>sed</span> <span class='ocrx_word' id='word_1_137' title='bbox 281 1239 345 1260; x_wconf 91' lang='lat' dir='ltr'>non</span> <span class='ocrx_word' id='word_1_138' title='bbox 360 1238 376 1259; x_wconf 89' lang='lat' dir='ltr'>e</span> <span class='ocrx_word' id='word_1_139' title='bbox 389 1231 498 1259; x_wconf 85' lang='lat' dir='ltr'>contra</span> <span class='ocrx_word' id='word_1_140' title='bbox 515 1238 522 1259; x_wconf 92' lang='lat'>:</span> <span class='ocrx_word' id='word_1_141' title='bbox 539 1237 617 1267; x_wconf 82' lang='lat' dir='ltr'>ergo</span> <span class='ocrx_word' id='word_1_142' title='bbox 633 1228 843 1258; x_wconf 83' lang='lat' dir='ltr'>sanctificatus</span> <span class='ocrx_word' id='word_1_143' title='bbox 856 1236 920 1258; x_wconf 88' lang='grc'>11011</span> <span class='ocrx_word' id='word_1_144' title='bbox 936 1229 983 1258; x_wconf 88' lang='lat' dir='ltr'>te-</span> 
     </span>
     <span class='ocr_line' id='line_1_24' title="bbox 208 1281 481 1321; baseline -0.004 -8"><span class='ocrx_word' id='word_1_145' title='bbox 208 1285 302 1313; x_wconf 88' lang='lat' dir='ltr'>netur</span> <span class='ocrx_word' id='word_1_146' title='bbox 316 1281 481 1321; x_wconf 80' lang='lat' dir='ltr'>baptizari.</span> 
     </span>
    </p>

    <p class='ocr_par' dir='ltr' id='par_1_8' title="bbox 208 1334 983 1695">
     <span class='ocr_line' id='line_1_25' title="bbox 249 1334 980 1375; baseline -0.003 -9"><span class='ocrx_word' id='word_1_147' title='bbox 249 1337 278 1366; x_wconf 68' lang='grc' dir='ltr'>ΞΣ.</span> <span class='ocrx_word' id='word_1_148' title='bbox 296 1336 394 1373; x_wconf 83' lang='lat' dir='ltr'>ltem,</span> <span class='ocrx_word' id='word_1_149' title='bbox 414 1335 440 1366; x_wconf 90' lang='lat' dir='ltr'>si</span> <span class='ocrx_word' id='word_1_150' title='bbox 460 1334 672 1365; x_wconf 80' lang='lat' dir='ltr'>sanctificatus</span> <span class='ocrx_word' id='word_1_151' title='bbox 688 1334 876 1375; x_wconf 78' lang='lat' dir='ltr'>baptizatur,</span> <span class='ocrx_word' id='word_1_152' title='bbox 894 1334 980 1365; x_wconf 85' lang='lat' dir='ltr'>vide-</span> 
     </span>
     <span class='ocr_line' id='line_1_26' title="bbox 210 1387 983 1428; baseline -0.003 -9"><span class='ocrx_word' id='word_1_153' title='bbox 210 1391 262 1420; x_wconf 89' lang='lat' dir='ltr'>tur</span> <span class='ocrx_word' id='word_1_154' title='bbox 277 1389 361 1428; x_wconf 78' lang='lat' dir='ltr'>quod</span> <span class='ocrx_word' id='word_1_155' title='bbox 376 1389 415 1419; x_wconf 83' lang='lat' dir='ltr'>sit</span> <span class='ocrx_word' id='word_1_156' title='bbox 432 1388 568 1426; x_wconf 75' lang='lat' dir='ltr'>vanitas,</span> <span class='ocrx_word' id='word_1_157' title='bbox 586 1389 662 1428; x_wconf 85' lang='lat' dir='ltr'>quia</span> <span class='ocrx_word' id='word_1_158' title='bbox 677 1389 686 1404; x_wconf 68' lang='lat'>2</span> <span class='ocrx_word' id='word_1_159' title='bbox 701 1388 785 1427; x_wconf 84' lang='grc'>(111011</span> <span class='ocrx_word' id='word_1_160' title='bbox 801 1389 900 1427; x_wconf 89' lang='lat' dir='ltr'>potest</span> <span class='ocrx_word' id='word_1_161' title='bbox 916 1387 983 1417; x_wconf 83' lang='lat' dir='ltr'>suf-</span> 
     </span>
     <span class='ocr_line' id='line_1_27' title="bbox 210 1441 982 1481; baseline -0.001 -9"><span class='ocrx_word' id='word_1_162' title='bbox 210 1442 350 1472; x_wconf 85' lang='lat' dir='ltr'>ficienter</span> <span class='ocrx_word' id='word_1_163' title='bbox 365 1441 433 1472; x_wconf 82' lang='lat' dir='ltr'>sieri</span> <span class='ocrx_word' id='word_1_164' title='bbox 450 1451 505 1480; x_wconf 86' lang='lat' dir='ltr'>per</span> <span class='ocrx_word' id='word_1_165' title='bbox 527 1451 645 1479; x_wconf 85' lang='lat' dir='ltr'>unum,</span> <span class='ocrx_word' id='word_1_166' title='bbox 662 1442 777 1473; x_wconf 81' lang='lat' dir='ltr'>frustra</span> <span class='ocrx_word' id='word_1_167' title='bbox 792 1442 826 1471; x_wconf 83' lang='lat' dir='ltr'>tit</span> <span class='ocrx_word' id='word_1_168' title='bbox 848 1450 903 1481; x_wconf 87' lang='lat' dir='ltr'>per</span> <span class='ocrx_word' id='word_1_169' title='bbox 919 1442 982 1472; x_wconf 90' lang='lat' dir='ltr'>duo</span> 
     </span>
     <span class='ocr_line' id='line_1_28' title="bbox 209 1495 980 1533; baseline -0.001 -7"><span class='ocrx_word' id='word_1_170' title='bbox 209 1495 241 1526; x_wconf 89' lang='lat' dir='ltr'>in</span> <span class='ocrx_word' id='word_1_171' title='bbox 257 1497 371 1526; x_wconf 81' lang='lat' dir='ltr'>natura</span> <span class='ocrx_word' id='word_1_172' title='bbox 385 1503 392 1525; x_wconf 91' lang='lat'><strong>:</strong></span> <span class='ocrx_word' id='word_1_173' title='bbox 408 1504 486 1533; x_wconf 80' lang='lat' dir='ltr'>ergo</span> <span class='ocrx_word' id='word_1_174' title='bbox 502 1495 526 1524; x_wconf 85' lang='lat' dir='ltr'>si</span> <span class='ocrx_word' id='word_1_175' title='bbox 543 1497 659 1525; x_wconf 86' lang='lat' dir='ltr'>natura</span> <span class='ocrx_word' id='word_1_176' title='bbox 679 1504 742 1525; x_wconf 87' lang='grc'>11011</span> <span class='ocrx_word' id='word_1_177' title='bbox 756 1495 829 1524; x_wconf 78' lang='lat' dir='ltr'>facit</span> <span class='ocrx_word' id='word_1_178' title='bbox 842 1495 959 1525; x_wconf 83' lang='lat' dir='ltr'>frustra</span> <span class='ocrx_word' id='word_1_179' title='bbox 972 1519 980 1532; x_wconf 97' lang='lat'>‚</span> 
     </span>
     <span class='ocr_line' id='line_1_29' title="bbox 209 1548 980 1586; baseline -0.001 -7"><span class='ocrx_word' id='word_1_180' title='bbox 209 1548 310 1579; x_wconf 87' lang='lat' dir='ltr'>multo</span> <span class='ocrx_word' id='word_1_181' title='bbox 325 1548 432 1578; x_wconf 89' lang='lat' dir='ltr'>minus</span> <span class='ocrx_word' id='word_1_182' title='bbox 450 1556 507 1578; x_wconf 91' lang='lat' dir='ltr'>nec</span> <span class='ocrx_word' id='word_1_183' title='bbox 524 1548 628 1586; x_wconf 75' lang='lat' dir='ltr'>gratia</span> <span class='ocrx_word' id='word_1_184' title='bbox 645 1557 651 1578; x_wconf 92' lang='lat'>:</span> <span class='ocrx_word' id='word_1_185' title='bbox 668 1548 722 1578; x_wconf 88' lang='lat' dir='ltr'>sed</span> <span class='ocrx_word' id='word_1_186' title='bbox 739 1548 844 1585; x_wconf 81' lang='lat' dir='ltr'>gratia</span> <span class='ocrx_word' id='word_1_187' title='bbox 863 1548 980 1578; x_wconf 77' lang='lat' dir='ltr'>sancti-</span> 
     </span>
     <span class='ocr_line' id='line_1_30' title="bbox 208 1600 982 1640; baseline -0.001 -8"><span class='ocrx_word' id='word_1_188' title='bbox 208 1602 306 1632; x_wconf 84' lang='lat' dir='ltr'>ficans</span> <span class='ocrx_word' id='word_1_189' title='bbox 322 1602 438 1632; x_wconf 82' lang='lat' dir='ltr'>sufficit</span> <span class='ocrx_word' id='word_1_190' title='bbox 454 1601 493 1632; x_wconf 90' lang='lat' dir='ltr'>ad</span> <span class='ocrx_word' id='word_1_191' title='bbox 513 1601 727 1639; x_wconf 84' lang='lat' dir='ltr'>curationem,</span> <span class='ocrx_word' id='word_1_192' title='bbox 745 1600 886 1640; x_wconf 83' lang='lat' dir='ltr'>alioquin</span> <span class='ocrx_word' id='word_1_193' title='bbox 899 1601 982 1631; x_wconf 90' lang='lat' dir='ltr'>Deus</span> 
     </span>
     <span class='ocr_line' id='line_1_31' title="bbox 209 1654 683 1695; baseline -0.002 -9"><span class='ocrx_word' id='word_1_194' title='bbox 209 1655 275 1694; x_wconf 82' lang='lat' dir='ltr'>agit</span> <span class='ocrx_word' id='word_1_195' title='bbox 289 1654 468 1695; x_wconf 81' lang='lat' dir='ltr'>imperfecte</span> <span class='ocrx_word' id='word_1_196' title='bbox 486 1666 491 1685; x_wconf 90' lang='lat'>:</span> <span class='ocrx_word' id='word_1_197' title='bbox 508 1663 603 1693; x_wconf 79' lang='lat' dir='ltr'>ergo,</span> <span class='ocrx_word' id='word_1_198' title='bbox 625 1656 683 1685; x_wconf 85' lang='lat' dir='ltr'>etc.</span> 
     </span>
    </p>

    <p class='ocr_par' dir='ltr' id='par_1_9' title="bbox 209 1707 981 2013">
     <span class='ocr_line' id='line_1_32' title="bbox 251 1707 979 1748; baseline 0 -10"><span class='ocrx_word' id='word_1_199' title='bbox 251 1710 279 1739; x_wconf 89' lang='lat'>3.</span> <span class='ocrx_word' id='word_1_200' title='bbox 297 1707 375 1738; x_wconf 81' lang='lat' dir='ltr'>item</span> <span class='ocrx_word' id='word_1_201' title='bbox 389 1707 516 1739; x_wconf 85' lang='lat' dir='ltr'>videtur</span> <span class='ocrx_word' id='word_1_202' title='bbox 532 1708 615 1748; x_wconf 87' lang='lat' dir='ltr'>quod</span> <span class='ocrx_word' id='word_1_203' title='bbox 636 1708 675 1738; x_wconf 86' lang='lat' dir='ltr'>sit</span> <span class='ocrx_word' id='word_1_204' title='bbox 699 1707 742 1738; x_wconf 88' lang='lat' dir='ltr'>ibi</span> <span class='ocrx_word' id='word_1_205' title='bbox 762 1709 979 1747; x_wconf 83' lang='lat' dir='ltr'>contemptus,</span> 
     </span>
     <span class='ocr_line' id='line_1_33' title="bbox 209 1761 980 1802; baseline -0.001 -10"><span class='ocrx_word' id='word_1_206' title='bbox 209 1762 284 1802; x_wconf 86' lang='lat' dir='ltr'>quia</span> <span class='ocrx_word' id='word_1_207' title='bbox 294 1761 349 1801; x_wconf 83' lang='lat' dir='ltr'>qui</span> <span class='ocrx_word' id='word_1_208' title='bbox 362 1761 536 1800; x_wconf 83' lang='lat' dir='ltr'>baptizatus</span> <span class='ocrx_word' id='word_1_209' title='bbox 546 1762 610 1797; x_wconf 84' lang='lat' dir='ltr'>est,</span> <span class='ocrx_word' id='word_1_210' title='bbox 624 1761 649 1791; x_wconf 89' lang='lat' dir='ltr'>si</span> <span class='ocrx_word' id='word_1_211' title='bbox 661 1761 777 1791; x_wconf 82' lang='lat' dir='ltr'>iteruin</span> <span class='ocrx_word' id='word_1_212' title='bbox 793 1761 980 1800; x_wconf 74' lang='lat' dir='ltr'>baptizetur,</span> 
     </span>
     <span class='ocr_line' id='line_1_34' title="bbox 209 1814 981 1853; baseline 0 -8"><span class='ocrx_word' id='word_1_213' title='bbox 209 1815 283 1845; x_wconf 79' lang='lat' dir='ltr'>facit</span> <span class='ocrx_word' id='word_1_214' title='bbox 297 1814 520 1844; x_wconf 77' lang='lat' dir='ltr'>contumeliam</span> <span class='ocrx_word' id='word_1_215' title='bbox 531 1816 739 1851; x_wconf 82' lang='lat' dir='ltr'>sacramento,</span> <span class='ocrx_word' id='word_1_216' title='bbox 751 1814 826 1853; x_wconf 87' lang='lat' dir='ltr'>quia</span> <span class='ocrx_word' id='word_1_217' title='bbox 840 1814 981 1853; x_wconf 80' lang='lat' dir='ltr'>primun]</span> 
     </span>
     <span class='ocr_line' id='line_1_35' title="bbox 211 1867 981 1907; baseline -0.001 -9"><span class='ocrx_word' id='word_1_218' title='bbox 211 1867 387 1898; x_wconf 87' lang='lat' dir='ltr'>remedium</span> <span class='ocrx_word' id='word_1_219' title='bbox 411 1869 536 1906; x_wconf 85' lang='lat' dir='ltr'>reputat</span> <span class='ocrx_word' id='word_1_220' title='bbox 562 1867 755 1897; x_wconf 83' lang='lat' dir='ltr'>insufficiens</span> <span class='ocrx_word' id='word_1_221' title='bbox 780 1877 787 1897; x_wconf 69' lang='grc' dir='ltr'>ι</span> <span class='ocrx_word' id='word_1_222' title='bbox 811 1876 890 1906; x_wconf 86' lang='lat' dir='ltr'>ergo</span> <span class='ocrx_word' id='word_1_223' title='bbox 910 1867 981 1907; x_wconf 79' lang='lat' dir='ltr'>pari</span> 
     </span>
     <span class='ocr_line' id='line_1_36' title="bbox 210 1919 979 1960; baseline 0 -9"><span class='ocrx_word' id='word_1_224' title='bbox 210 1921 332 1951; x_wconf 72' lang='lat' dir='ltr'>ratione</span> <span class='ocrx_word' id='word_1_225' title='bbox 347 1920 402 1960; x_wconf 87' lang='lat' dir='ltr'>qui</span> <span class='ocrx_word' id='word_1_226' title='bbox 417 1920 591 1959; x_wconf 84' lang='lat' dir='ltr'>baptizatur</span> <span class='ocrx_word' id='word_1_227' title='bbox 604 1921 674 1959; x_wconf 89' lang='lat' dir='ltr'>post</span> <span class='ocrx_word' id='word_1_228' title='bbox 686 1919 979 1959; x_wconf 81' lang='lat' dir='ltr'>sanctificationem,</span> 
     </span>
     <span class='ocr_line' id='line_1_37' title="bbox 210 1972 644 2013; baseline -0.002 -10"><span class='ocrx_word' id='word_1_229' title='bbox 210 1973 382 2013; x_wconf 86' lang='lat' dir='ltr'>injuriatur</span> <span class='ocrx_word' id='word_1_230' title='bbox 396 1972 644 2004; x_wconf 85' lang='lat' dir='ltr'>sanctificationi.</span> 
     </span>
    </p>
   </div>
   <div class='ocr_carea' id='block_1_5' title="bbox 482 2088 706 2122">
    <p class='ocr_par' dir='ltr' id='par_1_10' title="bbox 482 2088 706 2122">
     <span class='ocr_line' id='line_1_38' title="bbox 482 2088 706 2122; baseline 0 -2"><span class='ocrx_word' id='word_1_231' title='bbox 482 2088 706 2122; x_wconf 86' lang='lat' dir='ltr'>CONCLUSIO.</span> 
     </span>
    </p>
   </div>
   <div class='ocr_carea' id='block_1_6' title="bbox 210 2175 980 2299">
    <p class='ocr_par' dir='ltr' id='par_1_11' title="bbox 210 2175 980 2299">
     <span class='ocr_line' id='line_1_39' title="bbox 210 2175 980 2211; baseline 0.001 -8"><span class='ocrx_word' id='word_1_232' title='bbox 210 2175 399 2209; x_wconf 74' lang='lat' dir='ltr'>Sanctificatus</span> <span class='ocrx_word' id='word_1_233' title='bbox 415 2177 444 2202; x_wconf 85' lang='lat' dir='ltr'>in</span> <span class='ocrx_word' id='word_1_234' title='bbox 459 2177 532 2202; x_wconf 74' lang='lat' dir='ltr'>utero</span> <span class='ocrx_word' id='word_1_235' title='bbox 548 2175 620 2202; x_wconf 74' lang='lat' dir='ltr'>debet</span> <span class='ocrx_word' id='word_1_236' title='bbox 636 2175 785 2210; x_wconf 77' lang='lat' dir='ltr'>baptizari,</span> <span class='ocrx_word' id='word_1_237' title='bbox 802 2177 856 2202; x_wconf 79' lang='lat' dir='ltr'>tum</span> <span class='ocrx_word' id='word_1_238' title='bbox 870 2179 980 2211; x_wconf 76' lang='lat' dir='ltr'>propter</span> 
     </span>
     <span class='ocr_line' id='line_1_40' title="bbox 246 2220 977 2254; baseline 0.003 -9"><span class='ocrx_word' id='word_1_239' title='bbox 246 2220 341 2246; x_wconf 80' lang='lat' dir='ltr'>bonum</span> <span class='ocrx_word' id='word_1_240' title='bbox 369 2220 539 2252; x_wconf 67' lang='lat' dir='ltr'>obedientiae,</span> <span class='ocrx_word' id='word_1_241' title='bbox 569 2222 623 2247; x_wconf 83' lang='lat' dir='ltr'>tum</span> <span class='ocrx_word' id='word_1_242' title='bbox 648 2222 756 2254; x_wconf 80' lang='lat' dir='ltr'>propter</span> <span class='ocrx_word' id='word_1_243' title='bbox 779 2220 977 2252; x_wconf 75' lang='lat' dir='ltr'>humilitatem,</span> 
     </span>
     <span class='ocr_line' id='line_1_41' title="bbox 247 2265 576 2299; baseline 0.003 -9"><span class='ocrx_word' id='word_1_244' title='bbox 247 2266 300 2291; x_wconf 79' lang='lat' dir='ltr'>tum</span> <span class='ocrx_word' id='word_1_245' title='bbox 314 2266 425 2299; x_wconf 76' lang='lat' dir='ltr'>propter</span> <span class='ocrx_word' id='word_1_246' title='bbox 439 2265 576 2291; x_wconf 79' lang='lat' dir='ltr'>unitatem.</span> 
     </span>
    </p>
   </div>
   <div class='ocr_carea' id='block_1_7' title="bbox 209 2347 979 2495">
    <p class='ocr_par' dir='ltr' id='par_1_12' title="bbox 209 2347 979 2495">
     <span class='ocr_line' id='line_1_42' title="bbox 250 2347 977 2389; baseline 0.004 -11"><span class='ocrx_word' id='word_1_247' title='bbox 250 2347 340 2388; x_wconf 81' lang='lat' dir='ltr'>Resp.</span> <span class='ocrx_word' id='word_1_248' title='bbox 360 2348 398 2378; x_wconf 87' lang='lat' dir='ltr'>ad</span> <span class='ocrx_word' id='word_1_249' title='bbox 414 2357 485 2387; x_wconf 81' lang='lat' dir='ltr'>arg.</span> <span class='ocrx_word' id='word_1_250' title='bbox 503 2349 673 2379; x_wconf 83' lang='lat' dir='ltr'>Dicendum</span> <span class='ocrx_word' id='word_1_251' title='bbox 696 2349 781 2389; x_wconf 87' lang='lat' dir='ltr'>quod</span> <span class='ocrx_word' id='word_1_252' title='bbox 804 2350 977 2381; x_wconf 83' lang='lat' dir='ltr'>sanctitica-</span> 
     </span>
     <span class='ocr_line' id='line_1_43' title="bbox 209 2401 979 2441; baseline 0.001 -8"><span class='ocrx_word' id='word_1_253' title='bbox 209 2404 260 2433; x_wconf 84' lang='lat' dir='ltr'>tus</span> <span class='ocrx_word' id='word_1_254' title='bbox 283 2401 434 2441; x_wconf 87' lang='lat' dir='ltr'>baptizari</span> <span class='ocrx_word' id='word_1_255' title='bbox 457 2401 548 2432; x_wconf 87' lang='lat' dir='ltr'>debet</span> <span class='ocrx_word' id='word_1_256' title='bbox 573 2402 727 2441; x_wconf 84' lang='lat' dir='ltr'>baptismo</span> <span class='ocrx_word' id='word_1_257' title='bbox 754 2412 847 2441; x_wconf 82' lang='lat' dir='ltr'>aquae</span> <span class='ocrx_word' id='word_1_258' title='bbox 863 2427 871 2440; x_wconf 84' lang='lat'>‚</span> <span class='ocrx_word' id='word_1_259' title='bbox 897 2404 979 2434; x_wconf 81' lang='lat' dir='ltr'>sicut</span> 
     </span>
     <span class='ocr_line' id='line_1_44' title="bbox 209 2454 978 2495; baseline 0.001 -9"><span class='ocrx_word' id='word_1_260' title='bbox 209 2455 383 2495; x_wconf 81' lang='lat' dir='ltr'>baptizatus</span> <span class='ocrx_word' id='word_1_261' title='bbox 411 2454 565 2494; x_wconf 84' lang='lat' dir='ltr'>baptismo</span> <span class='ocrx_word' id='word_1_262' title='bbox 592 2455 741 2486; x_wconf 83' lang='lat' dir='ltr'>flaminis.</span> <span class='ocrx_word' id='word_1_263' title='bbox 768 2456 806 2487; x_wconf 76' lang='lat' dir='ltr'>Et</span> <span class='ocrx_word' id='word_1_264' title='bbox 828 2458 875 2486; x_wconf 89' lang='lat' dir='ltr'>est</span> <span class='ocrx_word' id='word_1_265' title='bbox 899 2457 978 2488; x_wconf 82' lang='lat' dir='ltr'>ratio</span> 
     </span>
    </p>
   </div>
   <div class='ocr_carea' id='block_1_8' title="bbox 210 2552 977 2655">
    <p class='ocr_par' dir='ltr' id='par_1_13' title="bbox 210 2552 977 2655">
     <span class='ocr_line' id='line_1_45' title="bbox 211 2552 976 2585; baseline 0.001 -7"><span class='ocrx_word' id='word_1_266' title='bbox 211 2554 241 2578; x_wconf 87' lang='lat' dir='ltr'>lV</span> <span class='ocrx_word' id='word_1_267' title='bbox 263 2554 340 2582; x_wconf 63' lang='lat' dir='ltr'>SenL,</span> <span class='ocrx_word' id='word_1_268' title='bbox 359 2553 416 2576; x_wconf 67' lang='lat' dir='ltr'>dist.</span> <span class='ocrx_word' id='word_1_269' title='bbox 438 2558 473 2582; x_wconf 91' lang='lat' dir='ltr'>1v,</span> <span class='ocrx_word' id='word_1_270' title='bbox 493 2560 516 2582; x_wconf 57' lang='lat' dir='ltr'>q.</span> <span class='ocrx_word' id='word_1_271' title='bbox 534 2559 558 2582; x_wconf 82' lang='lat'>1;</span> <span class='ocrx_word' id='word_1_272' title='bbox 575 2552 696 2581; x_wconf 60' lang='lat' dir='ltr'>hurand„</span> <span class='ocrx_word' id='word_1_273' title='bbox 718 2554 748 2577; x_wconf 88' lang='lat' dir='ltr'>lv</span> <span class='ocrx_word' id='word_1_274' title='bbox 769 2555 846 2585; x_wconf 75' lang='lat' dir='ltr'>Sent.‚</span> <span class='ocrx_word' id='word_1_275' title='bbox 865 2555 921 2579; x_wconf 80' lang='lat' dir='ltr'>dist.</span> <span class='ocrx_word' id='word_1_276' title='bbox 944 2562 976 2584; x_wconf 77' lang='grc' dir='ltr'>νι,</span> 
     </span>
     <span class='ocr_line' id='line_1_46' title="bbox 210 2588 977 2620; baseline 0.005 -8"><span class='ocrx_word' id='word_1_277' title='bbox 210 2597 234 2620; x_wconf 91' lang='lat' dir='ltr'>q.</span> <span class='ocrx_word' id='word_1_278' title='bbox 250 2595 276 2618; x_wconf 75' lang='lat'>13</span> <span class='ocrx_word' id='word_1_279' title='bbox 292 2589 379 2619; x_wconf 84' lang='lat' dir='ltr'>Steph.</span> <span class='ocrx_word' id='word_1_280' title='bbox 394 2588 498 2617; x_wconf 61' lang='lat' dir='ltr'>nrulef„</span> <span class='ocrx_word' id='word_1_281' title='bbox 513 2589 544 2612; x_wconf 79' lang='lat' dir='ltr'>iv</span> <span class='ocrx_word' id='word_1_282' title='bbox 564 2588 643 2618; x_wconf 53' lang='lat' dir='ltr'>Sena,</span> <span class='ocrx_word' id='word_1_283' title='bbox 658 2588 715 2611; x_wconf 82' lang='lat' dir='ltr'>dist.</span> <span class='ocrx_word' id='word_1_284' title='bbox 729 2594 763 2619; x_wconf 76' lang='lat' dir='ltr'>vt,</span> <span class='ocrx_word' id='word_1_285' title='bbox 777 2596 801 2620; x_wconf 87' lang='lat' dir='ltr'>q.</span> <span class='ocrx_word' id='word_1_286' title='bbox 817 2595 876 2620; x_wconf 84' lang='lat' dir='ltr'>V111;</span> <span class='ocrx_word' id='word_1_287' title='bbox 889 2592 977 2615; x_wconf 80' lang='lat' dir='ltr'>Petrus</span> 
     </span>
     <span class='ocr_line' id='line_1_47' title="bbox 211 2624 723 2655; baseline 0 -7"><span class='ocrx_word' id='word_1_288' title='bbox 211 2624 241 2648; x_wconf 81' lang='lat' dir='ltr'>de</span> <span class='ocrx_word' id='word_1_289' title='bbox 251 2625 362 2653; x_wconf 63' lang='lat' dir='ltr'>Tar-ant„</span> <span class='ocrx_word' id='word_1_290' title='bbox 379 2625 410 2649; x_wconf 88' lang='lat' dir='ltr'>lv</span> <span class='ocrx_word' id='word_1_291' title='bbox 426 2624 504 2654; x_wconf 60' lang='lat' dir='ltr'>sent„</span> <span class='ocrx_word' id='word_1_292' title='bbox 519 2624 574 2648; x_wconf 76' lang='lat' dir='ltr'>dist.</span> <span class='ocrx_word' id='word_1_293' title='bbox 589 2629 623 2653; x_wconf 81' lang='lat' dir='ltr'>vx,</span> <span class='ocrx_word' id='word_1_294' title='bbox 639 2630 664 2655; x_wconf 86' lang='lat' dir='ltr'>q.</span> <span class='ocrx_word' id='word_1_295' title='bbox 678 2629 723 2648; x_wconf 86' lang='lat' dir='ltr'>vu.</span> 
     </span>
    </p>
   </div>
   <div class='ocr_carea' id='block_1_9' title="bbox 1035 325 1860 365">
    <p class='ocr_par' dir='ltr' id='par_1_14' title="bbox 1035 325 1860 365">
     <span class='ocr_line' id='line_1_48' title="bbox 1035 325 1860 365; baseline 0 -10"><span class='ocrx_word' id='word_1_296' title='bbox 1035 334 1140 364; x_wconf 86' lang='lat' dir='ltr'>aqua;</span> <span class='ocrx_word' id='word_1_297' title='bbox 1163 325 1301 355; x_wconf 85' lang='lat' dir='ltr'>secunda</span> <span class='ocrx_word' id='word_1_298' title='bbox 1322 327 1450 365; x_wconf 83' lang='lat' dir='ltr'>propter</span> <span class='ocrx_word' id='word_1_299' title='bbox 1473 326 1688 356; x_wconf 80' lang='lat' dir='ltr'>humilitatem</span> <span class='ocrx_word' id='word_1_300' title='bbox 1704 350 1712 364; x_wconf 95' lang='lat'>,</span> <span class='ocrx_word' id='word_1_301' title='bbox 1736 326 1810 365; x_wconf 86' lang='lat' dir='ltr'>quia</span> <span class='ocrx_word' id='word_1_302' title='bbox 1836 353 1860 365; x_wconf 57' lang='lat' dir='ltr'>ur</span> 
     </span>
    </p>
   </div>
   <div class='ocr_carea' id='block_1_10' title="bbox 1035 376 1811 2068">
    <p class='ocr_par' dir='ltr' id='par_1_15' title="bbox 1035 376 1811 1258">
     <span class='ocr_line' id='line_1_49' title="bbox 1035 376 1810 417; baseline 0.001 -9"><span class='ocrx_word' id='word_1_303' title='bbox 1035 376 1125 409; x_wconf 80' lang='lat' dir='ltr'>debet</span> <span class='ocrx_word' id='word_1_304' title='bbox 1151 388 1183 408; x_wconf 86' lang='lat' dir='ltr'>sc</span> <span class='ocrx_word' id='word_1_305' title='bbox 1204 380 1350 417; x_wconf 89' lang='lat' dir='ltr'>reputare</span> <span class='ocrx_word' id='word_1_306' title='bbox 1372 380 1584 417; x_wconf 81' lang='lat' dir='ltr'>peccatorem,</span> <span class='ocrx_word' id='word_1_307' title='bbox 1610 381 1641 408; x_wconf 86' lang='lat' dir='ltr'>et</span> <span class='ocrx_word' id='word_1_308' title='bbox 1663 379 1810 417; x_wconf 79' lang='lat' dir='ltr'>indigere</span> 
     </span>
     <span class='ocr_line' id='line_1_50' title="bbox 1035 431 1807 470; baseline 0 -9"><span class='ocrx_word' id='word_1_309' title='bbox 1035 431 1148 462; x_wconf 84' lang='lat' dir='ltr'>Christi</span> <span class='ocrx_word' id='word_1_310' title='bbox 1159 431 1263 461; x_wconf 84' lang='lat' dir='ltr'>reden]</span> <span class='ocrx_word' id='word_1_311' title='bbox 1268 432 1389 470; x_wconf 85' lang='lat' dir='ltr'>ptione;</span> <span class='ocrx_word' id='word_1_312' title='bbox 1401 431 1490 461; x_wconf 80' lang='lat' dir='ltr'>tertio</span> <span class='ocrx_word' id='word_1_313' title='bbox 1501 433 1628 470; x_wconf 86' lang='lat' dir='ltr'>propter</span> <span class='ocrx_word' id='word_1_314' title='bbox 1643 432 1807 468; x_wconf 82' lang='lat' dir='ltr'>unitatem,</span> 
     </span>
     <span class='ocr_line' id='line_1_51' title="bbox 1035 484 1809 515; baseline 0.003 -2"><span class='ocrx_word' id='word_1_315' title='bbox 1035 484 1117 514; x_wconf 85' lang='lat' dir='ltr'>utab</span> <span class='ocrx_word' id='word_1_316' title='bbox 1126 485 1194 513; x_wconf 86' lang='lat' dir='ltr'>aliis</span> <span class='ocrx_word' id='word_1_317' title='bbox 1209 484 1360 514; x_wconf 85' lang='lat' dir='ltr'>membris</span> <span class='ocrx_word' id='word_1_318' title='bbox 1369 484 1482 515; x_wconf 81' lang='lat' dir='ltr'>Christi</span> <span class='ocrx_word' id='word_1_319' title='bbox 1492 493 1555 514; x_wconf 88' lang='lat' dir='ltr'>non</span> <span class='ocrx_word' id='word_1_320' title='bbox 1565 484 1729 514; x_wconf 79' lang='lat' dir='ltr'>discordet.</span> <span class='ocrx_word' id='word_1_321' title='bbox 1741 484 1809 515; x_wconf 86' lang='lat' dir='ltr'>Non</span> 
     </span>
     <span class='ocr_line' id='line_1_52' title="bbox 1035 537 1806 577; baseline 0.001 -11"><span class='ocrx_word' id='word_1_322' title='bbox 1035 546 1112 575; x_wconf 80' lang='lat' dir='ltr'>ergo</span> <span class='ocrx_word' id='word_1_323' title='bbox 1130 537 1307 577; x_wconf 84' lang='lat' dir='ltr'>baptizatur</span> <span class='ocrx_word' id='word_1_324' title='bbox 1322 539 1450 576; x_wconf 84' lang='lat' dir='ltr'>propter</span> <span class='ocrx_word' id='word_1_325' title='bbox 1466 537 1542 574; x_wconf 73' lang='lat' dir='ltr'>hoe,</span> <span class='ocrx_word' id='word_1_326' title='bbox 1560 537 1644 576; x_wconf 83' lang='lat' dir='ltr'>quod</span> <span class='ocrx_word' id='word_1_327' title='bbox 1668 538 1806 567; x_wconf 85' lang='lat' dir='ltr'>sanctifi-</span> 
     </span>
     <span class='ocr_line' id='line_1_53' title="bbox 1035 590 1810 630; baseline 0.003 -11"><span class='ocrx_word' id='word_1_328' title='bbox 1035 590 1115 620; x_wconf 82' lang='lat' dir='ltr'>catio</span> <span class='ocrx_word' id='word_1_329' title='bbox 1126 600 1189 620; x_wconf 89' lang='lat' dir='ltr'>nou</span> <span class='ocrx_word' id='word_1_330' title='bbox 1203 591 1355 628; x_wconf 81' lang='lat' dir='ltr'>sufficiat,</span> <span class='ocrx_word' id='word_1_331' title='bbox 1369 590 1422 620; x_wconf 85' lang='lat' dir='ltr'>sed</span> <span class='ocrx_word' id='word_1_332' title='bbox 1438 592 1565 630; x_wconf 89' lang='lat' dir='ltr'>propter</span> <span class='ocrx_word' id='word_1_333' title='bbox 1580 590 1718 621; x_wconf 87' lang='lat' dir='ltr'>rationes</span> <span class='ocrx_word' id='word_1_334' title='bbox 1732 600 1810 630; x_wconf 79' lang='lat' dir='ltr'>prae-</span> 
     </span>
     <span class='ocr_line' id='line_1_54' title="bbox 1035 643 1810 683; baseline 0.001 -10"><span class='ocrx_word' id='word_1_335' title='bbox 1035 643 1143 677; x_wconf 82' lang='lat' dir='ltr'>dictas,</span> <span class='ocrx_word' id='word_1_336' title='bbox 1156 646 1282 683; x_wconf 86' lang='lat' dir='ltr'>propter</span> <span class='ocrx_word' id='word_1_337' title='bbox 1293 653 1430 683; x_wconf 76' lang='lat' dir='ltr'>quarum</span> <span class='ocrx_word' id='word_1_338' title='bbox 1439 643 1585 683; x_wconf 81' lang='lat' dir='ltr'>exempla</span> <span class='ocrx_word' id='word_1_339' title='bbox 1594 644 1697 674; x_wconf 82' lang='lat' dir='ltr'>danda</span> <span class='ocrx_word' id='word_1_340' title='bbox 1707 644 1810 674; x_wconf 87' lang='lat' dir='ltr'>Chris-</span> 
     </span>
     <span class='ocr_line' id='line_1_55' title="bbox 1036 696 1808 736; baseline 0.001 -10"><span class='ocrx_word' id='word_1_341' title='bbox 1036 699 1087 727; x_wconf 87' lang='lat' dir='ltr'>tus</span> <span class='ocrx_word' id='word_1_342' title='bbox 1103 697 1161 726; x_wconf 87' lang='lat' dir='ltr'>fuit</span> <span class='ocrx_word' id='word_1_343' title='bbox 1177 697 1392 727; x_wconf 74' lang='lat' dir='ltr'>circumcisus.</span> <span class='ocrx_word' id='word_1_344' title='bbox 1404 696 1443 727; x_wconf 89' lang='lat' dir='ltr'>Ut</span> <span class='ocrx_word' id='word_1_345' title='bbox 1459 699 1565 727; x_wconf 84' lang='lat' dir='ltr'>autem</span> <span class='ocrx_word' id='word_1_346' title='bbox 1582 697 1721 728; x_wconf 82' lang='lat' dir='ltr'>obediret</span> <span class='ocrx_word' id='word_1_347' title='bbox 1733 697 1808 736; x_wconf 81' lang='lat' dir='ltr'>legi,</span> 
     </span>
     <span class='ocr_line' id='line_1_56' title="bbox 1036 750 1811 790; baseline 0.001 -10"><span class='ocrx_word' id='word_1_348' title='bbox 1036 750 1170 790; x_wconf 79' lang='lat' dir='ltr'>subjecit</span> <span class='ocrx_word' id='word_1_349' title='bbox 1193 759 1225 779; x_wconf 89' lang='lat' dir='ltr'>se</span> <span class='ocrx_word' id='word_1_350' title='bbox 1249 750 1342 788; x_wconf 71' lang='lat' dir='ltr'>signo</span> <span class='ocrx_word' id='word_1_351' title='bbox 1366 750 1556 789; x_wconf 81' lang='lat' dir='ltr'>peccatoris,</span> <span class='ocrx_word' id='word_1_352' title='bbox 1574 759 1637 790; x_wconf 88' lang='lat' dir='ltr'>quo</span> <span class='ocrx_word' id='word_1_353' title='bbox 1660 759 1725 781; x_wconf 87' lang='lat' dir='ltr'>non</span> <span class='ocrx_word' id='word_1_354' title='bbox 1744 750 1811 790; x_wconf 86' lang='lat' dir='ltr'>ipse</span> 
     </span>
     <span class='ocr_line' id='line_1_57' title="bbox 1038 803 1811 843; baseline 0.001 -10"><span class='ocrx_word' id='word_1_355' title='bbox 1038 813 1071 833; x_wconf 89' lang='lat' dir='ltr'>se</span> <span class='ocrx_word' id='word_1_356' title='bbox 1110 805 1305 842; x_wconf 75' lang='lat' dir='ltr'>peccatorem</span> <span class='ocrx_word' id='word_1_357' title='bbox 1326 827 1334 841; x_wconf 86' lang='lat'>,</span> <span class='ocrx_word' id='word_1_358' title='bbox 1367 804 1420 833; x_wconf 86' lang='lat' dir='ltr'>sed</span> <span class='ocrx_word' id='word_1_359' title='bbox 1455 803 1531 833; x_wconf 82' lang='lat' dir='ltr'>alios</span> <span class='ocrx_word' id='word_1_360' title='bbox 1564 812 1595 834; x_wconf 83' lang='lat' dir='ltr'>se</span> <span class='ocrx_word' id='word_1_361' title='bbox 1632 805 1811 843; x_wconf 77' lang='lat' dir='ltr'>peccatores</span> 
     </span>
     <span class='ocr_line' id='line_1_58' title="bbox 1037 856 1809 895; baseline 0.001 -9"><span class='ocrx_word' id='word_1_362' title='bbox 1037 857 1176 895; x_wconf 84' lang='lat' dir='ltr'>profiteri</span> <span class='ocrx_word' id='word_1_363' title='bbox 1200 856 1344 893; x_wconf 74' lang='lat' dir='ltr'>doceret3</span> <span class='ocrx_word' id='word_1_364' title='bbox 1362 858 1522 894; x_wconf 85' lang='lat' dir='ltr'>postremo</span> <span class='ocrx_word' id='word_1_365' title='bbox 1536 857 1569 885; x_wconf 92' lang='lat' dir='ltr'>ut</span> <span class='ocrx_word' id='word_1_366' title='bbox 1587 856 1730 895; x_wconf 81' lang='lat' dir='ltr'>patribus</span> <span class='ocrx_word' id='word_1_367' title='bbox 1745 866 1809 887; x_wconf 92' lang='lat' dir='ltr'>non</span> 
     </span>
     <span class='ocr_line' id='line_1_59' title="bbox 1037 908 1811 949; baseline 0.001 -10"><span class='ocrx_word' id='word_1_368' title='bbox 1037 911 1117 939; x_wconf 84' lang='lat' dir='ltr'>esset</span> <span class='ocrx_word' id='word_1_369' title='bbox 1133 909 1306 939; x_wconf 78' lang='lat' dir='ltr'>dissimilis.</span> <span class='ocrx_word' id='word_1_370' title='bbox 1321 908 1408 938; x_wconf 86' lang='lat' dir='ltr'>Patet</span> <span class='ocrx_word' id='word_1_371' title='bbox 1424 909 1524 947; x_wconf 82' lang='lat' dir='ltr'>igitur</span> <span class='ocrx_word' id='word_1_372' title='bbox 1537 909 1709 948; x_wconf 84' lang='lat' dir='ltr'>responsio,</span> <span class='ocrx_word' id='word_1_373' title='bbox 1725 909 1811 949; x_wconf 88' lang='lat' dir='ltr'>quod</span> 
     </span>
     <span class='ocr_line' id='line_1_60' title="bbox 1037 962 1808 1001; baseline 0.003 -10"><span class='ocrx_word' id='word_1_374' title='bbox 1037 962 1250 992; x_wconf 84' lang='lat' dir='ltr'>sanctificatus</span> <span class='ocrx_word' id='word_1_375' title='bbox 1270 971 1333 991; x_wconf 91' lang='lat' dir='ltr'>non</span> <span class='ocrx_word' id='word_1_376' title='bbox 1356 962 1465 1001; x_wconf 84' lang='lat' dir='ltr'>recipit</span> <span class='ocrx_word' id='word_1_377' title='bbox 1489 962 1684 1001; x_wconf 85' lang='lat' dir='ltr'>baptismum</span> <span class='ocrx_word' id='word_1_378' title='bbox 1705 962 1738 992; x_wconf 89' lang='lat' dir='ltr'>in</span> <span class='ocrx_word' id='word_1_379' title='bbox 1758 971 1808 993; x_wconf 84' lang='lat' dir='ltr'>re-</span> 
     </span>
     <span class='ocr_line' id='line_1_61' title="bbox 1038 1014 1808 1054; baseline 0.001 -10"><span class='ocrx_word' id='word_1_380' title='bbox 1038 1015 1179 1045; x_wconf 82' lang='lat' dir='ltr'>medium</span> <span class='ocrx_word' id='word_1_381' title='bbox 1198 1026 1204 1044; x_wconf 90' lang='lat'>:</span> <span class='ocrx_word' id='word_1_382' title='bbox 1222 1015 1305 1054; x_wconf 83' lang='lat' dir='ltr'>quod</span> <span class='ocrx_word' id='word_1_383' title='bbox 1322 1014 1348 1044; x_wconf 94' lang='lat' dir='ltr'>si</span> <span class='ocrx_word' id='word_1_384' title='bbox 1363 1014 1494 1052; x_wconf 82' lang='lat' dir='ltr'>faceret,</span> <span class='ocrx_word' id='word_1_385' title='bbox 1509 1016 1590 1045; x_wconf 84' lang='lat' dir='ltr'>esset</span> <span class='ocrx_word' id='word_1_386' title='bbox 1605 1015 1808 1054; x_wconf 85' lang='lat' dir='ltr'>inordinatio,</span> 
     </span>
     <span class='ocr_line' id='line_1_62' title="bbox 1037 1068 1808 1108; baseline 0.001 -11"><span class='ocrx_word' id='word_1_387' title='bbox 1037 1068 1160 1098; x_wconf 79' lang='lat' dir='ltr'>vanitas</span> <span class='ocrx_word' id='word_1_388' title='bbox 1175 1070 1205 1098; x_wconf 89' lang='lat' dir='ltr'>et</span> <span class='ocrx_word' id='word_1_389' title='bbox 1221 1070 1420 1108; x_wconf 89' lang='lat' dir='ltr'>contemptus</span> <span class='ocrx_word' id='word_1_390' title='bbox 1437 1077 1444 1098; x_wconf 91' lang='lat'>:</span> <span class='ocrx_word' id='word_1_391' title='bbox 1461 1068 1514 1098; x_wconf 91' lang='lat' dir='ltr'>sed</span> <span class='ocrx_word' id='word_1_392' title='bbox 1531 1068 1563 1098; x_wconf 90' lang='lat' dir='ltr'>in</span> <span class='ocrx_word' id='word_1_393' title='bbox 1583 1068 1786 1107; x_wconf 81' lang='lat' dir='ltr'>signaculum</span> <span class='ocrx_word' id='word_1_394' title='bbox 1800 1092 1808 1106; x_wconf 85' lang='lat'>‚</span> 
     </span>
     <span class='ocr_line' id='line_1_63' title="bbox 1037 1121 1810 1161; baseline 0.001 -10"><span class='ocrx_word' id='word_1_395' title='bbox 1037 1121 1122 1161; x_wconf 87' lang='lat' dir='ltr'>quod</span> <span class='ocrx_word' id='word_1_396' title='bbox 1133 1121 1228 1152; x_wconf 85' lang='lat' dir='ltr'>habet</span> <span class='ocrx_word' id='word_1_397' title='bbox 1241 1121 1299 1151; x_wconf 82' lang='lat' dir='ltr'>tria</span> <span class='ocrx_word' id='word_1_398' title='bbox 1315 1122 1397 1151; x_wconf 86' lang='lat' dir='ltr'>bona</span> <span class='ocrx_word' id='word_1_399' title='bbox 1408 1123 1478 1161; x_wconf 85' lang='lat' dir='ltr'>conj</span> <span class='ocrx_word' id='word_1_400' title='bbox 1486 1124 1594 1158; x_wconf 85' lang='lat' dir='ltr'>uncta,</span> <span class='ocrx_word' id='word_1_401' title='bbox 1611 1121 1810 1153; x_wconf 85' lang='lat' dir='ltr'>scilicetobe-</span> 
     </span>
     <span class='ocr_line' id='line_1_64' title="bbox 1037 1174 1807 1215; baseline 0 -10"><span class='ocrx_word' id='word_1_402' title='bbox 1037 1174 1203 1212; x_wconf 84' lang='lat' dir='ltr'>dientiam,</span> <span class='ocrx_word' id='word_1_403' title='bbox 1221 1174 1449 1212; x_wconf 80' lang='lat' dir='ltr'>humilitatem,</span> <span class='ocrx_word' id='word_1_404' title='bbox 1467 1177 1497 1205; x_wconf 86' lang='lat' dir='ltr'>et</span> <span class='ocrx_word' id='word_1_405' title='bbox 1516 1175 1686 1213; x_wconf 82' lang='lat' dir='ltr'>unitatem,</span> <span class='ocrx_word' id='word_1_406' title='bbox 1703 1184 1807 1215; x_wconf 85' lang='lat' dir='ltr'>quan-</span> 
     </span>
     <span class='ocr_line' id='line_1_65' title="bbox 1036 1228 1546 1258; baseline 0 0"><span class='ocrx_word' id='word_1_407' title='bbox 1036 1229 1105 1258; x_wconf 91' lang='lat' dir='ltr'>tum</span> <span class='ocrx_word' id='word_1_408' title='bbox 1122 1228 1160 1257; x_wconf 88' lang='lat' dir='ltr'>ad</span> <span class='ocrx_word' id='word_1_409' title='bbox 1176 1228 1330 1258; x_wconf 82' lang='lat' dir='ltr'>unitatem</span> <span class='ocrx_word' id='word_1_410' title='bbox 1345 1228 1546 1258; x_wconf 79' lang='lat' dir='ltr'>characteris.</span> 
     </span>
    </p>

    <p class='ocr_par' dir='ltr' id='par_1_16' title="bbox 1036 1281 1810 1642">
     <span class='ocr_line' id='line_1_66' title="bbox 1078 1281 1809 1322; baseline 0.003 -11"><span class='ocrx_word' id='word_1_411' title='bbox 1078 1284 1106 1312; x_wconf 81' lang='lat'>1.</span> <span class='ocrx_word' id='word_1_412' title='bbox 1132 1282 1179 1311; x_wconf 85' lang='lat' dir='ltr'>Ad</span> <span class='ocrx_word' id='word_1_413' title='bbox 1205 1282 1282 1312; x_wconf 89' lang='lat' dir='ltr'>illud</span> <span class='ocrx_word' id='word_1_414' title='bbox 1303 1291 1383 1320; x_wconf 80' lang='lat' dir='ltr'>ergo</span> <span class='ocrx_word' id='word_1_415' title='bbox 1413 1281 1497 1321; x_wconf 86' lang='lat' dir='ltr'>quod</span> <span class='ocrx_word' id='word_1_416' title='bbox 1525 1281 1691 1321; x_wconf 73' lang='lat' dir='ltr'>oincitur,</span> <span class='ocrx_word' id='word_1_417' title='bbox 1723 1282 1809 1322; x_wconf 86' lang='lat' dir='ltr'>quod</span> 
     </span>
     <span class='ocr_line' id='line_1_67' title="bbox 1037 1335 1809 1375; baseline 0.001 -10"><span class='ocrx_word' id='word_1_418' title='bbox 1037 1335 1240 1365; x_wconf 83' lang='lat' dir='ltr'>sanctificatio</span> <span class='ocrx_word' id='word_1_419' title='bbox 1269 1335 1459 1365; x_wconf 86' lang='lat' dir='ltr'>transcendit</span> <span class='ocrx_word' id='word_1_420' title='bbox 1477 1360 1484 1373; x_wconf 81' lang='lat'>,</span> <span class='ocrx_word' id='word_1_421' title='bbox 1525 1335 1693 1366; x_wconf 76' lang='lat' dir='ltr'>dIcendum</span> <span class='ocrx_word' id='word_1_422' title='bbox 1723 1335 1809 1375; x_wconf 87' lang='lat' dir='ltr'>quod</span> 
     </span>
     <span class='ocr_line' id='line_1_68' title="bbox 1037 1389 1807 1428; baseline 0.001 -10"><span class='ocrx_word' id='word_1_423' title='bbox 1037 1389 1184 1428; x_wconf 85' lang='lat' dir='ltr'>quamvis</span> <span class='ocrx_word' id='word_1_424' title='bbox 1195 1389 1254 1418; x_wconf 88' lang='lat' dir='ltr'>hoc</span> <span class='ocrx_word' id='word_1_425' title='bbox 1265 1398 1379 1419; x_wconf 88' lang='lat' dir='ltr'>verum</span> <span class='ocrx_word' id='word_1_426' title='bbox 1392 1389 1431 1419; x_wconf 88' lang='lat' dir='ltr'>sit</span> <span class='ocrx_word' id='word_1_427' title='bbox 1441 1391 1596 1428; x_wconf 87' lang='lat' dir='ltr'>quantum</span> <span class='ocrx_word' id='word_1_428' title='bbox 1608 1389 1646 1419; x_wconf 86' lang='lat' dir='ltr'>ad</span> <span class='ocrx_word' id='word_1_429' title='bbox 1658 1389 1807 1428; x_wconf 79' lang='lat' dir='ltr'>gratiam,</span> 
     </span>
     <span class='ocr_line' id='line_1_69' title="bbox 1038 1442 1808 1482; baseline -0.001 -9"><span class='ocrx_word' id='word_1_430' title='bbox 1038 1452 1109 1482; x_wconf 78' lang='lat' dir='ltr'>quae</span> <span class='ocrx_word' id='word_1_431' title='bbox 1132 1442 1212 1473; x_wconf 76' lang='lat' dir='ltr'>delet</span> <span class='ocrx_word' id='word_1_432' title='bbox 1234 1442 1375 1481; x_wconf 82' lang='lat' dir='ltr'>culpam,</span> <span class='ocrx_word' id='word_1_433' title='bbox 1391 1444 1422 1473; x_wconf 90' lang='lat' dir='ltr'>et</span> <span class='ocrx_word' id='word_1_434' title='bbox 1443 1442 1589 1473; x_wconf 79' lang='lat' dir='ltr'>habilitat</span> <span class='ocrx_word' id='word_1_435' title='bbox 1610 1442 1649 1472; x_wconf 85' lang='lat' dir='ltr'>ad</span> <span class='ocrx_word' id='word_1_436' title='bbox 1669 1442 1808 1481; x_wconf 80' lang='lat' dir='ltr'>bonum,</span> 
     </span>
     <span class='ocr_line' id='line_1_70' title="bbox 1037 1495 1810 1535; baseline 0.001 -10"><span class='ocrx_word' id='word_1_437' title='bbox 1037 1499 1141 1526; x_wconf 76' lang='lat' dir='ltr'>tamen</span> <span class='ocrx_word' id='word_1_438' title='bbox 1162 1505 1228 1525; x_wconf 91' lang='lat' dir='ltr'>non</span> <span class='ocrx_word' id='word_1_439' title='bbox 1244 1496 1436 1526; x_wconf 83' lang='lat' dir='ltr'>transcendit</span> <span class='ocrx_word' id='word_1_440' title='bbox 1451 1498 1608 1535; x_wconf 85' lang='lat' dir='ltr'>quantum</span> <span class='ocrx_word' id='word_1_441' title='bbox 1622 1496 1661 1526; x_wconf 88' lang='lat' dir='ltr'>ad</span> <span class='ocrx_word' id='word_1_442' title='bbox 1678 1495 1810 1526; x_wconf 85' lang='lat' dir='ltr'>charac-</span> 
     </span>
     <span class='ocr_line' id='line_1_71' title="bbox 1038 1549 1809 1588; baseline 0.003 -10"><span class='ocrx_word' id='word_1_443' title='bbox 1038 1551 1156 1587; x_wconf 79' lang='lat' dir='ltr'>terem,</span> <span class='ocrx_word' id='word_1_444' title='bbox 1178 1549 1253 1588; x_wconf 87' lang='lat' dir='ltr'>quia</span> <span class='ocrx_word' id='word_1_445' title='bbox 1274 1549 1364 1579; x_wconf 91' lang='lat' dir='ltr'>illum</span> <span class='ocrx_word' id='word_1_446' title='bbox 1391 1558 1454 1579; x_wconf 91' lang='grc'>11011</span> <span class='ocrx_word' id='word_1_447' title='bbox 1479 1549 1634 1588; x_wconf 85' lang='lat' dir='ltr'>imprimit</span> <span class='ocrx_word' id='word_1_448' title='bbox 1659 1560 1666 1579; x_wconf 82' lang='lat' dir='ltr'>z</span> <span class='ocrx_word' id='word_1_449' title='bbox 1689 1551 1719 1580; x_wconf 86' lang='lat' dir='ltr'>et</span> <span class='ocrx_word' id='word_1_450' title='bbox 1740 1549 1809 1580; x_wconf 82' lang='lat' dir='ltr'>ideo</span> 
     </span>
     <span class='ocr_line' id='line_1_72' title="bbox 1036 1602 1808 1642; baseline 0 -9"><span class='ocrx_word' id='word_1_451' title='bbox 1036 1603 1157 1633; x_wconf 88' lang='lat' dir='ltr'>ratione</span> <span class='ocrx_word' id='word_1_452' title='bbox 1173 1602 1259 1632; x_wconf 84' lang='lat' dir='ltr'>illius</span> <span class='ocrx_word' id='word_1_453' title='bbox 1277 1602 1380 1632; x_wconf 89' lang='lat' dir='ltr'>adhuc</span> <span class='ocrx_word' id='word_1_454' title='bbox 1399 1602 1576 1642; x_wconf 78' lang='lat' dir='ltr'>baptismus</span> <span class='ocrx_word' id='word_1_455' title='bbox 1592 1602 1684 1632; x_wconf 87' lang='lat' dir='ltr'>debet</span> <span class='ocrx_word' id='word_1_456' title='bbox 1698 1602 1808 1642; x_wconf 83' lang='lat' dir='ltr'>recipi.</span> 
     </span>
    </p>

    <p class='ocr_par' dir='ltr' id='par_1_17' title="bbox 1036 1655 1810 1802">
     <span class='ocr_line' id='line_1_73' title="bbox 1077 1655 1810 1695; baseline 0 -9"><span class='ocrx_word' id='word_1_457' title='bbox 1077 1658 1106 1686; x_wconf 70' lang='lat'>2.</span> <span class='ocrx_word' id='word_1_458' title='bbox 1124 1656 1173 1686; x_wconf 91' lang='lat' dir='ltr'>Ad</span> <span class='ocrx_word' id='word_1_459' title='bbox 1193 1655 1269 1686; x_wconf 87' lang='lat' dir='ltr'>illud</span> <span class='ocrx_word' id='word_1_460' title='bbox 1295 1655 1379 1695; x_wconf 88' lang='lat' dir='ltr'>quod</span> <span class='ocrx_word' id='word_1_461' title='bbox 1399 1655 1559 1695; x_wconf 88' lang='lat' dir='ltr'>objicitur,</span> <span class='ocrx_word' id='word_1_462' title='bbox 1584 1656 1670 1695; x_wconf 85' lang='lat' dir='ltr'>quod</span> <span class='ocrx_word' id='word_1_463' title='bbox 1699 1665 1810 1695; x_wconf 88' lang='lat' dir='ltr'>super-</span> 
     </span>
     <span class='ocr_line' id='line_1_74' title="bbox 1036 1709 1810 1749; baseline 0.001 -10"><span class='ocrx_word' id='word_1_464' title='bbox 1036 1710 1108 1739; x_wconf 84' lang='lat' dir='ltr'>fluit</span> <span class='ocrx_word' id='word_1_465' title='bbox 1120 1733 1128 1747; x_wconf 80' lang='lat'>,</span> <span class='ocrx_word' id='word_1_466' title='bbox 1156 1711 1240 1749; x_wconf 86' lang='lat' dir='ltr'>patet</span> <span class='ocrx_word' id='word_1_467' title='bbox 1255 1709 1418 1748; x_wconf 86' lang='lat' dir='ltr'>responsio</span> <span class='ocrx_word' id='word_1_468' title='bbox 1432 1732 1439 1745; x_wconf 82' lang='lat'>,</span> <span class='ocrx_word' id='word_1_469' title='bbox 1465 1709 1541 1748; x_wconf 86' lang='lat' dir='ltr'>quia</span> <span class='ocrx_word' id='word_1_470' title='bbox 1555 1718 1620 1739; x_wconf 89' lang='lat' dir='ltr'>non</span> <span class='ocrx_word' id='word_1_471' title='bbox 1635 1709 1750 1749; x_wconf 86' lang='lat' dir='ltr'>recipit</span> <span class='ocrx_word' id='word_1_472' title='bbox 1771 1709 1810 1740; x_wconf 83' lang='lat' dir='ltr'>ad</span> 
     </span>
     <span class='ocr_line' id='line_1_75' title="bbox 1037 1762 1648 1802; baseline 0 -10"><span class='ocrx_word' id='word_1_473' title='bbox 1037 1763 1085 1800; x_wconf 79' lang='lat' dir='ltr'>id,</span> <span class='ocrx_word' id='word_1_474' title='bbox 1102 1762 1139 1792; x_wconf 83' lang='lat' dir='ltr'>ad</span> <span class='ocrx_word' id='word_1_475' title='bbox 1157 1763 1240 1801; x_wconf 75' lang='lat' dir='ltr'>quod</span> <span class='ocrx_word' id='word_1_476' title='bbox 1257 1763 1416 1802; x_wconf 82' lang='lat' dir='ltr'>praecessit</span> <span class='ocrx_word' id='word_1_477' title='bbox 1432 1762 1648 1793; x_wconf 76' lang='lat' dir='ltr'>sanctificatio.</span> 
     </span>
    </p>

    <p class='ocr_par' dir='ltr' id='par_1_18' title="bbox 1036 1814 1810 2068">
     <span class='ocr_line' id='line_1_76' title="bbox 1077 1814 1810 1855; baseline 0.001 -10"><span class='ocrx_word' id='word_1_478' title='bbox 1077 1817 1105 1846; x_wconf 89' lang='lat'>3.</span> <span class='ocrx_word' id='word_1_479' title='bbox 1122 1815 1170 1846; x_wconf 89' lang='lat' dir='ltr'>Ad</span> <span class='ocrx_word' id='word_1_480' title='bbox 1191 1816 1269 1846; x_wconf 91' lang='lat' dir='ltr'>illud</span> <span class='ocrx_word' id='word_1_481' title='bbox 1286 1815 1371 1855; x_wconf 78' lang='lat' dir='ltr'>quod</span> <span class='ocrx_word' id='word_1_482' title='bbox 1389 1815 1547 1855; x_wconf 81' lang='lat' dir='ltr'>objicitur,</span> <span class='ocrx_word' id='word_1_483' title='bbox 1570 1814 1655 1854; x_wconf 89' lang='lat' dir='ltr'>quod</span> <span class='ocrx_word' id='word_1_484' title='bbox 1669 1815 1810 1855; x_wconf 83' lang='lat' dir='ltr'>rebapti-</span> 
     </span>
     <span class='ocr_line' id='line_1_77' title="bbox 1036 1868 1808 1908; baseline 0 -9"><span class='ocrx_word' id='word_1_485' title='bbox 1036 1871 1123 1899; x_wconf 87' lang='lat' dir='ltr'>zatus</span> <span class='ocrx_word' id='word_1_486' title='bbox 1138 1869 1312 1907; x_wconf 79' lang='lat' dir='ltr'>injuriatur</span> <span class='ocrx_word' id='word_1_487' title='bbox 1331 1868 1487 1908; x_wconf 85' lang='lat' dir='ltr'>baptismo</span> <span class='ocrx_word' id='word_1_488' title='bbox 1499 1892 1507 1906; x_wconf 98' lang='lat'>,</span> <span class='ocrx_word' id='word_1_489' title='bbox 1533 1868 1703 1899; x_wconf 87' lang='lat' dir='ltr'>dicendum</span> <span class='ocrx_word' id='word_1_490' title='bbox 1724 1868 1808 1908; x_wconf 88' lang='lat' dir='ltr'>quod</span> 
     </span>
     <span class='ocr_line' id='line_1_78' title="bbox 1036 1921 1806 1962; baseline -0.001 -9"><span class='ocrx_word' id='word_1_491' title='bbox 1036 1922 1095 1953; x_wconf 86' lang='lat' dir='ltr'>hoc</span> <span class='ocrx_word' id='word_1_492' title='bbox 1112 1932 1225 1953; x_wconf 85' lang='lat' dir='ltr'>verum</span> <span class='ocrx_word' id='word_1_493' title='bbox 1241 1924 1302 1960; x_wconf 80' lang='lat' dir='ltr'>est,</span> <span class='ocrx_word' id='word_1_494' title='bbox 1320 1923 1395 1962; x_wconf 85' lang='lat' dir='ltr'>quia</span> <span class='ocrx_word' id='word_1_495' title='bbox 1410 1923 1501 1953; x_wconf 83' lang='lat' dir='ltr'>iterat</span> <span class='ocrx_word' id='word_1_496' title='bbox 1516 1922 1600 1952; x_wconf 84' lang='lat' dir='ltr'>idem</span> <span class='ocrx_word' id='word_1_497' title='bbox 1615 1921 1806 1959; x_wconf 87' lang='lat' dir='ltr'>remedium,</span> 
     </span>
     <span class='ocr_line' id='line_1_79' title="bbox 1036 1974 1807 2015; baseline -0.003 -9"><span class='ocrx_word' id='word_1_498' title='bbox 1036 1978 1066 2006; x_wconf 89' lang='lat' dir='ltr'>et</span> <span class='ocrx_word' id='word_1_499' title='bbox 1082 1976 1121 2006; x_wconf 88' lang='lat' dir='ltr'>ad</span> <span class='ocrx_word' id='word_1_500' title='bbox 1135 1976 1237 2014; x_wconf 89' lang='lat' dir='ltr'>idem;</span> <span class='ocrx_word' id='word_1_501' title='bbox 1254 1985 1319 2007; x_wconf 86' lang='lat' dir='ltr'>non</span> <span class='ocrx_word' id='word_1_502' title='bbox 1334 1976 1379 2007; x_wconf 88' lang='lat' dir='ltr'>sic</span> <span class='ocrx_word' id='word_1_503' title='bbox 1392 1978 1439 2007; x_wconf 87' lang='lat' dir='ltr'>est</span> <span class='ocrx_word' id='word_1_504' title='bbox 1460 1975 1493 2006; x_wconf 92' lang='lat' dir='ltr'>in</span> <span class='ocrx_word' id='word_1_505' title='bbox 1514 1975 1675 2015; x_wconf 89' lang='lat' dir='ltr'>proposito</span> <span class='ocrx_word' id='word_1_506' title='bbox 1689 1986 1695 2005; x_wconf 93' lang='lat'>:</span> <span class='ocrx_word' id='word_1_507' title='bbox 1713 1976 1744 2006; x_wconf 84' lang='lat' dir='ltr'>et</span> <span class='ocrx_word' id='word_1_508' title='bbox 1763 1974 1807 2005; x_wconf 82' lang='lat' dir='ltr'>sic</span> 
     </span>
     <span class='ocr_line' id='line_1_80' title="bbox 1036 2030 1252 2068; baseline 0 -8"><span class='ocrx_word' id='word_1_509' title='bbox 1036 2030 1121 2068; x_wconf 86' lang='lat' dir='ltr'>patet</span> <span class='ocrx_word' id='word_1_510' title='bbox 1137 2030 1252 2060; x_wconf 87' lang='lat' dir='ltr'>totum.</span> 
     </span>
    </p>
   </div>
   <div class='ocr_carea' id='block_1_11' title="bbox 1266 2141 1573 2176">
    <p class='ocr_par' dir='ltr' id='par_1_19' title="bbox 1266 2141 1573 2176">
     <span class='ocr_line' id='line_1_81' title="bbox 1266 2141 1573 2176; baseline -0.003 -1"><span class='ocrx_word' id='word_1_511' title='bbox 1266 2141 1507 2176; x_wconf 87' lang='lat' dir='ltr'>ARTICULUS</span> <span class='ocrx_word' id='word_1_512' title='bbox 1531 2142 1573 2175; x_wconf 91' lang='lat' dir='ltr'>II.</span> 
     </span>
    </p>
   </div>
   <div class='ocr_carea' id='block_1_12' title="bbox 1034 2243 1806 2550">
    <p class='ocr_par' dir='ltr' id='par_1_20' title="bbox 1034 2243 1806 2550">
     <span class='ocr_line' id='line_1_82' title="bbox 1074 2243 1806 2283; baseline 0 -10"><span class='ocrx_word' id='word_1_513' title='bbox 1074 2243 1235 2280; x_wconf 81' lang='lat' dir='ltr'>Quantum</span> <span class='ocrx_word' id='word_1_514' title='bbox 1249 2243 1288 2273; x_wconf 84' lang='lat' dir='ltr'>ad</span> <span class='ocrx_word' id='word_1_515' title='bbox 1308 2243 1484 2275; x_wconf 88' lang='lat' dir='ltr'>secundum</span> <span class='ocrx_word' id='word_1_516' title='bbox 1501 2243 1673 2274; x_wconf 78' lang='lat' dir='ltr'>articulum</span> <span class='ocrx_word' id='word_1_517' title='bbox 1687 2243 1806 2283; x_wconf 85' lang='lat' dir='ltr'>quaeri-</span> 
     </span>
     <span class='ocr_line' id='line_1_83' title="bbox 1034 2297 1806 2337; baseline -0.001 -9"><span class='ocrx_word' id='word_1_518' title='bbox 1034 2299 1089 2328; x_wconf 91' lang='lat' dir='ltr'>tur</span> <span class='ocrx_word' id='word_1_519' title='bbox 1115 2297 1153 2328; x_wconf 86' lang='lat' dir='ltr'>de</span> <span class='ocrx_word' id='word_1_520' title='bbox 1176 2297 1350 2328; x_wconf 86' lang='lat' dir='ltr'>intentione</span> <span class='ocrx_word' id='word_1_521' title='bbox 1371 2297 1564 2337; x_wconf 83' lang='lat' dir='ltr'>baptizandi;</span> <span class='ocrx_word' id='word_1_522' title='bbox 1591 2298 1622 2327; x_wconf 89' lang='lat' dir='ltr'>et</span> <span class='ocrx_word' id='word_1_523' title='bbox 1640 2297 1722 2327; x_wconf 80' lang='lat' dir='ltr'>circa</span> <span class='ocrx_word' id='word_1_524' title='bbox 1746 2297 1806 2327; x_wconf 86' lang='lat' dir='ltr'>hoc</span> 
     </span>
     <span class='ocr_line' id='line_1_84' title="bbox 1034 2349 1806 2390; baseline 0 -9"><span class='ocrx_word' id='word_1_525' title='bbox 1034 2351 1097 2381; x_wconf 88' lang='lat' dir='ltr'>duo</span> <span class='ocrx_word' id='word_1_526' title='bbox 1113 2353 1302 2390; x_wconf 65' lang='lat' dir='ltr'>quaeruntur</span> <span class='ocrx_word' id='word_1_527' title='bbox 1320 2361 1327 2381; x_wconf 75' lang='lat' dir='ltr'><em>z</em></span> <span class='ocrx_word' id='word_1_528' title='bbox 1344 2350 1448 2390; x_wconf 85' lang='lat' dir='ltr'>primo</span> <span class='ocrx_word' id='word_1_529' title='bbox 1465 2350 1620 2390; x_wconf 60' lang='lat' dir='ltr'>quaeritur</span> <span class='ocrx_word' id='word_1_530' title='bbox 1635 2351 1744 2380; x_wconf 89' lang='lat' dir='ltr'>utrum</span> <span class='ocrx_word' id='word_1_531' title='bbox 1760 2349 1806 2381; x_wconf 89' lang='lat' dir='ltr'>in-</span> 
     </span>
     <span class='ocr_line' id='line_1_85' title="bbox 1035 2402 1805 2443; baseline 0 -9"><span class='ocrx_word' id='word_1_532' title='bbox 1035 2405 1130 2435; x_wconf 88' lang='lat' dir='ltr'>tentio</span> <span class='ocrx_word' id='word_1_533' title='bbox 1153 2405 1193 2434; x_wconf 88' lang='lat' dir='ltr'>sit</span> <span class='ocrx_word' id='word_1_534' title='bbox 1217 2404 1255 2435; x_wconf 90' lang='lat' dir='ltr'>de</span> <span class='ocrx_word' id='word_1_535' title='bbox 1270 2404 1453 2435; x_wconf 81' lang='lat' dir='ltr'>necessitate</span> <span class='ocrx_word' id='word_1_536' title='bbox 1477 2402 1805 2443; x_wconf 70' lang='lat' dir='ltr'>liaptismi3‘25ecund0</span> 
     </span>
     <span class='ocr_line' id='line_1_86' title="bbox 1034 2456 1805 2497; baseline 0.001 -10"><span class='ocrx_word' id='word_1_537' title='bbox 1034 2458 1191 2497; x_wconf 59' lang='lat' dir='ltr'>quaeritur</span> <span class='ocrx_word' id='word_1_538' title='bbox 1205 2459 1316 2488; x_wconf 82' lang='lat' dir='ltr'>utrum</span> <span class='ocrx_word' id='word_1_539' title='bbox 1331 2459 1418 2488; x_wconf 82' lang='lat' dir='ltr'>recta</span> <span class='ocrx_word' id='word_1_540' title='bbox 1432 2457 1562 2487; x_wconf 87' lang='lat' dir='ltr'>intentio</span> <span class='ocrx_word' id='word_1_541' title='bbox 1577 2456 1617 2487; x_wconf 89' lang='lat' dir='ltr'>sit</span> <span class='ocrx_word' id='word_1_542' title='bbox 1630 2456 1669 2487; x_wconf 87' lang='lat' dir='ltr'>de</span> <span class='ocrx_word' id='word_1_543' title='bbox 1692 2464 1805 2488; x_wconf 84' lang='lat' dir='ltr'>neces·</span> 
     </span>
     <span class='ocr_line' id='line_1_87' title="bbox 1034 2510 1298 2550; baseline 0 -9"><span class='ocrx_word' id='word_1_544' title='bbox 1034 2511 1123 2542; x_wconf 86' lang='lat' dir='ltr'>sitate</span> <span class='ocrx_word' id='word_1_545' title='bbox 1138 2510 1298 2550; x_wconf 85' lang='lat' dir='ltr'>baptismi.</span> 
     </span>
    </p>
   </div>
   <div class='ocr_carea' id='block_1_13' title="bbox 1032 2588 1805 2657">
    <p class='ocr_par' dir='ltr' id='par_1_21' title="bbox 1032 2588 1805 2657">
     <span class='ocr_line' id='line_1_88' title="bbox 1065 2588 1805 2621; baseline -0.005 -6"><span class='ocrx_word' id='word_1_546' title='bbox 1065 2592 1072 2608; x_wconf 82' lang='lat'><strong>¹</strong></span> <span class='ocrx_word' id='word_1_547' title='bbox 1086 2591 1149 2620; x_wconf 62' lang='lat' dir='ltr'>Act„</span> <span class='ocrx_word' id='word_1_548' title='bbox 1164 2597 1190 2621; x_wconf 79' lang='lat' dir='ltr'>x,</span> <span class='ocrx_word' id='word_1_549' title='bbox 1204 2593 1230 2615; x_wconf 69' lang='lat'>48</span> <span class='ocrx_word' id='word_1_550' title='bbox 1246 2603 1272 2608; x_wconf 83' lang='lat'><em>-</em></span> <span class='ocrx_word' id='word_1_551' title='bbox 1285 2592 1292 2605; x_wconf 82' lang='lat'>²</span> <span class='ocrx_word' id='word_1_552' title='bbox 1305 2590 1392 2620; x_wconf 60' lang='lat' dir='ltr'>Arist„</span> <span class='ocrx_word' id='word_1_553' title='bbox 1405 2589 1434 2613; x_wconf 80' lang='lat' dir='ltr'>de</span> <span class='ocrx_word' id='word_1_554' title='bbox 1450 2589 1520 2618; x_wconf 74' lang='lat' dir='ltr'>Coel..</span> <span class='ocrx_word' id='word_1_555' title='bbox 1535 2589 1578 2613; x_wconf 86' lang='lat' dir='ltr'>lib.</span> <span class='ocrx_word' id='word_1_556' title='bbox 1593 2589 1625 2614; x_wconf 78' lang='lat'>11.</span> <span class='ocrx_word' id='word_1_557' title='bbox 1635 2590 1703 2614; x_wconf 79' lang='lat' dir='ltr'>cont.</span> <span class='ocrx_word' id='word_1_558' title='bbox 1716 2590 1761 2617; x_wconf 77' lang='lat'>323</span> <span class='ocrx_word' id='word_1_559' title='bbox 1775 2588 1805 2611; x_wconf 74' lang='lat' dir='ltr'>de</span> 
     </span>
     <span class='ocr_line' id='line_1_89' title="bbox 1032 2624 1744 2657; baseline -0.003 -7"><span class='ocrx_word' id='word_1_560' title='bbox 1032 2627 1136 2657; x_wconf 75' lang='lat' dir='ltr'>Anima,</span> <span class='ocrx_word' id='word_1_561' title='bbox 1151 2626 1194 2650; x_wconf 89' lang='lat' dir='ltr'>lib.</span> <span class='ocrx_word' id='word_1_562' title='bbox 1212 2627 1252 2657; x_wconf 74' lang='grc' dir='ltr'>ΙΙΙ,</span> <span class='ocrx_word' id='word_1_563' title='bbox 1267 2628 1334 2650; x_wconf 85' lang='lat' dir='ltr'>cont.</span> <span class='ocrx_word' id='word_1_564' title='bbox 1352 2627 1389 2650; x_wconf 75' lang='lat'>41.</span> <span class='ocrx_word' id='word_1_565' title='bbox 1404 2639 1428 2642; x_wconf 92' lang='lat'><em>-</em></span> <span class='ocrx_word' id='word_1_566' title='bbox 1447 2625 1482 2656; x_wconf 86' lang='lat' dir='ltr'>(n)</span> <span class='ocrx_word' id='word_1_567' title='bbox 1499 2625 1568 2648; x_wconf 74' lang='lat' dir='ltr'>Edit.</span> <span class='ocrx_word' id='word_1_568' title='bbox 1584 2625 1639 2649; x_wconf 78' lang='lat' dir='ltr'>Ven.</span> <span class='ocrx_word' id='word_1_569' title='bbox 1657 2624 1744 2653; x_wconf 67' lang='lat' dir='ltr'>Virgo.</span> 
     </span>
    </p>
   </div>
  </div>
 </body>
</html>
