2017 2948
25 1423 88 1451 Opin.
108 1426 128 1445 4.

34 1582 116 1609 Appi-0-

24 1613 93 1634 batur.

558 187 653 218 DIST.
676 187 741 218 ΧΠ.
765 184 881 218 ΡΑΡιΤ.
905 185 928 216 1.
951 185 1042 217 ART.
1065 185 1103 216 ΙΙ.
1127 184 1276 221 ΟῙΜἛΞΤ.
1298 185 1321 215 Ι.

28 257 92 285 Opin-
112 260 131 280 ⁸·
145 254 252 293 opinio
277 256 337 292 est,
360 254 444 293 quod
460 254 635 293 suscipiens
656 253 772 293 species
794 253 909 290 alitur,

146 316 212 337 non
225 307 300 346 quia
322 307 495 337 accidentia
513 307 546 336 in
561 306 767 336 substantiam
785 315 912 337 conver-

145 361 271 396 tantur,
288 360 341 390 sed
354 359 429 398 quia
445 359 619 389 substantia
632 359 823 396 revertitur,
840 367 912 397 quas

146 412 234 451 prius
248 412 291 442 ibi
308 412 410 442 suerat
425 422 431 441 ε
451 414 485 442 ut
501 412 580 442 sicut
598 412 631 441 in
645 411 713 441 aliis
728 411 890 441 miraculis
903 434 911 447 ,

146 466 177 494 et
202 465 449 504 apparitionibus
472 465 605 502 dicitur,
632 464 717 504 quod
737 464 771 494 in
796 465 911 503 przeja-

146 520 269 547 centem
294 517 458 547 materiam
479 517 698 553 resolvuntur,
715 518 746 546 et
760 516 910 554 redeunt,

146 570 226 600 sicut
244 569 358 600 dicitur
382 570 420 600 de
438 570 585 600 columba
596 593 603 606 ,
620 571 650 600 et
674 569 761 599 stella
771 592 781 607 ,
797 571 914 599 616011-

146 622 302 653 similibus
317 634 323 652 :
341 623 385 652 sic
399 623 493 653 etiam
508 623 633 660 dicunt,
653 621 736 662 quod
760 621 840 651 sicut
860 631 912 660 pa-

144 675 194 705 nis
219 675 412 706 convertitur
430 676 464 706 in
481 684 608 715 corpus,
631 677 666 705 ut
680 674 719 705 sit
732 683 911 705 sacramen-

144 729 213 758 tum
225 751 232 764 ,
249 728 292 758 sic
313 730 439 767 peracto
453 728 556 759 officio
569 727 775 765 sacramenti,
793 736 834 757 ex
848 736 911 766 quo

143 780 258 810 desinit
278 789 346 811 esse
368 787 615 819 sacramentum,
642 782 754 812 desinit
777 781 821 811 ibi
845 790 912 811 esse

143 841 258 871 corpus
284 833 398 864 Christi
424 845 431 865 t
460 837 490 865 et
518 835 588 865 ideo
618 835 698 865 sicut
725 834 912 864 mirabiliter

142 885 232 925 prius
246 886 422 916 substantia
436 887 527 926 panis
541 887 744 925 convertitur,
757 887 801 917 ita
815 887 910 917 etiam

144 938 332 969 miraculose
346 939 526 970 revertitur.
543 940 581 970 Et
594 940 652 970 ista
664 940 721 970 fuit
735 940 847 979 positio
863 939 912 969 In-

143 992 279 1022 nocentii
301 991 334 1021 in
352 992 432 1022 libro
453 1001 521 1030 suo,
537 1001 632 1031 quem
659 993 730 1023 fecit
748 992 785 1024 de
799 993 831 1022 E
832 992 912 1024 ccle-

143 1045 284 1076 siasticis
307 1044 441 1084 officiis,
463 1045 518 1075 ubi
541 1045 614 1075 dicit
634 1045 668 1075 in
686 1045 768 1076 libro
791 1045 884 1076 tertio
899 1069 909 1083 ,

143 1097 280 1137 capitulo
301 1098 340 1128 de
358 1098 524 1129 Fractz'one
541 1108 551 1126 .-
580 1097 640 1128 «Si
662 1107 740 1136 ergo
758 1098 911 1137 quaeritur

143 1150 219 1189 quid
237 1159 256 1180 a
275 1159 365 1180 mure
380 1150 571 1187 comeditur,
589 1159 663 1181 cum
678 1153 910 1181 sacramentum

143 1203 335 1241 corroditur,
358 1203 408 1233 vel
428 1203 503 1243 quid
526 1203 741 1241 incineratur,
766 1213 839 1234 cum
860 1213 908 1234 sa-

143 1258 341 1286 cramentum
356 1259 514 1286 crematur
525 1266 532 1293 ;
544 1257 718 1295 respondeo
728 1257 909 1293 dicendum,

143 1308 227 1347 quod
241 1308 321 1339 sicut
334 1308 520 1338 miraculose
536 1309 712 1339 substantia
730 1309 819 1348 panis
836 1318 911 1339 con-

143 1361 277 1392 vertitur
291 1361 324 1391 in
334 1370 448 1400 corpus
459 1361 665 1398 dominicum,
679 1364 710 1392 et
722 1362 831 1402 incipit
844 1372 911 1393 esse

143 1414 202 1444 sub
218 1416 414 1444 sacramento
426 1425 434 1451 ;
451 1414 494 1444 sic
509 1414 578 1454 ipsa
591 1415 729 1454 quodam
746 1415 839 1446 modo
854 1415 911 1445 mi-

143 1466 283 1497 raculose
303 1467 472 1497 revertitur
485 1490 492 1503 ,
509 1476 581 1498 cum
605 1467 709 1507 ipsum
734 1467 778 1497 ibi
798 1468 911 1498 desinit

143 1529 221 1550 esse.
242 1530 256 1548 »
281 1519 373 1550 Ηι1116
391 1523 496 1551 autem
517 1521 648 1551 modum
672 1521 796 1552 dicendi
820 1522 911 1552 credo

143 1573 338 1612 probabilem
360 1575 390 1603 et
405 1582 567 1611 securum,
591 1574 730 1604 maxime
745 1583 818 1605 cum
832 1575 911 1605 tanti

143 1623 203 1653 viri
213 1623 326 1654 habeat
337 1624 564 1655 auctoritatem.
581 1624 693 1656 Caveat
707 1628 813 1656 tamen
827 1626 912 1666 quis-

143 1685 205 1716 que
219 1676 352 1716 qualiter
366 1677 525 1716 intelligit,
543 1677 617 1718 quia
632 1678 665 1708 111
680 1678 739 1709 1106
754 1681 910 1710 secretum

141 1730 214 1761 fidei
242 1730 327 1761 latet.
352 1730 390 1761 Et
409 1732 584 1762 secundum
614 1732 696 1762 hauc
722 1733 910 1771 positionem

141 1784 226 1822 patet
248 1780 410 1823 responsio
430 1784 705 1824 ad-quaestionem.
732 1786 908 1816 Conceden-

142 1835 219 1866 dum
243 1836 328 1866 enim
349 1838 415 1875 est,
439 1837 522 1876 quod
540 1838 694 1877 recipiens
722 1838 782 1868 hoc
804 1847 911 1868 sacra-

142 1890 285 1918 mentum
303 1888 399 1919 alitur
418 1891 448 1919 et
472 1890 630 1929 nutritur,
648 1900 712 1921 non
736 1891 812 1930 quia
826 1891 911 1921 acci-

142 1941 247 1971 dentia
281 1941 315 1971 in
343 1942 552 1973 substantiam
581 1946 826 1982 convertantur,
857 1939 930 1975 sed>

143 1995 217 2034 quia
231 1995 349 2036 aliquid
365 1997 558 2028 convertitur
580 1997 612 2028 in
633 1998 843 2028 substantiam
855 2007 909 2029 co-

142 2048 296 2080 medentis
307 2073 314 2087 ‚
331 2059 395 2080 non
405 2074 412 2088 ,
431 2050 576 2090 inquam,
591 2051 748 2089 accidens,
765 2051 819 2082 sed
833 2051 908 2082 sub-

142 2102 265 2132 stantia.

182 2158 211 2185 1.
228 2153 266 2185 Et
287 2155 330 2185 sic
342 2163 405 2186 non
424 2160 470 2186 est
484 2158 593 2186 contra
610 2156 688 2187 illud
709 2155 909 2196 Philosophi,

142 2207 227 2246 quod
248 2217 289 2238 ex
308 2208 427 2239 eisdem
452 2209 628 2247 nutrimur,
653 2219 692 2240 ex
713 2210 831 2249 quibus
854 2219 911 2241 su-

142 2269 226 2290 mus.

182 2314 211 2342 2.
228 2313 276 2343 Ad
291 2313 367 2343 illud
383 2315 467 2353 quod
482 2314 630 2354 objicitur
640 2339 648 2353 ,
664 2315 747 2355 quod
763 2317 809 2345 est
824 2315 911 2346 cibus

143 2365 329 2404 spiritualis,
345 2366 513 2398 dicendum
528 2368 612 2407 quod
623 2368 701 2399 illud
716 2377 829 2399 verum
844 2372 909 2407 est,

143 2418 284 2457 quandiu
318 2419 459 2450 salvatur
486 2420 566 2451 ratio
600 2421 787 2451 sacramenti
812 2432 819 2452 :
847 2431 911 2452 non

143 2471 229 2501 enim
242 2471 322 2502 cibat
336 2472 558 2512 spiritualiter,
575 2474 635 2503 nisi
650 2474 681 2504 in
696 2476 852 2514 quantum
866 2484 913 2506 sa-

144 2526 341 2555 cramentum
351 2548 360 2562 ,
384 2525 459 2565 quia
479 2525 517 2556 ad
545 2525 733 2557 cibatioucm
763 2527 911 2567 spiritua-

143 2575 206 2606 lem
219 2578 267 2608 est
276 2577 474 2609 ordinatum:
488 2586 562 2609 cum
576 2588 653 2618 ergo
668 2579 776 2619 incipit
792 2579 910 2619 cibare,

144 2628 258 2660 desinit
269 2639 337 2661 esse
351 2633 585 2663 sacramentum
602 2642 608 2662 :
626 2633 656 2663 et
671 2632 714 2664 ita
728 2634 813 2672 patet
826 2633 910 2672 quod

1677 188 1735 216 515

964 253 1044 282 ratio
1064 252 1118 282 illa
1141 252 1224 282 bona
1247 253 1304 281 est.
1323 251 1401 281 Cum
1428 251 1512 281 enim
1532 260 1596 282 non
1615 252 1655 282 sit
1672 251 1730 291 ibi,

966 305 1107 345 quandiu
1118 306 1164 335 est
1173 305 1416 341 sacramentum,
1428 304 1488 334 nisi
1497 313 1611 344 corpus
1621 304 1734 335 Christi

967 368 1104 396 verum3
1137 360 1167 389 et
1194 358 1254 388 hoc
1286 367 1351 388 non
1374 357 1429 387 alit
1452 358 1674 396 corporaliter,
1705 361 1735 388 et

967 411 1156 449 accidentia,
1184 414 1214 441 et
1246 411 1316 441 haec
1346 410 1491 440 similiter
1522 419 1588 440 non
1618 411 1709 441 alunt
1726 421 1732 441 :

966 464 1035 494 ideo
1061 465 1295 494 sacramentum
1316 465 1399 493 recte
1427 462 1541 493 dicitur
1565 463 1734 502 spiritualis

966 517 1053 547 cibus
1065 541 1072 554 ,
1089 517 1252 556 quamvis,
1269 517 1431 547 recedente
1447 516 1568 546 ratione
1588 517 1619 545 et
1633 516 1734 545 officio

966 570 1169 608 sacramenti,
1196 570 1284 601 cibus
1305 569 1474 610 corporalis
1497 569 1626 609 incipiat
1649 579 1732 607 esse,

966 622 1047 652 sicut
1062 623 1163 652 fuerat
1177 625 1259 653 ante.

1008 677 1035 705 3.
1058 674 1105 704 Ad
1132 675 1207 705 illud
1232 676 1317 715 quod
1340 675 1509 715 objicitur,
1533 676 1617 715 quod
1642 675 1736 706 solvit

963 726 1136 766 jejunium,
1155 727 1322 757 dicendum
1348 728 1433 767 quod
1452 737 1517 759 non
1539 728 1648 767 solvit,
1665 731 1735 759 tum

967 779 1042 818 quia
1065 781 1298 810 sacramentum
1326 780 1402 811 dum
1429 781 1567 812 sumitur
1596 790 1661 811 non
1691 784 1736 812 est

967 832 1054 862 cibus
1068 832 1248 872 corporaliS,
1265 835 1335 863 tum
1355 834 1450 864 etiam
1464 834 1583 864 ratione
1598 835 1736 873 corporis

966 885 1082 915 Christi
1098 885 1232 916 interius
1259 887 1413 925 contenti,
1438 887 1523 926 quod
1543 889 1666 917 tantum
1691 890 1738 918 est

965 938 1053 968 cibus
1068 939 1200 969 mentis:
1214 941 1244 969 et
1254 939 1324 969 ideo
1339 949 1404 970 non
1419 941 1466 970 est
1479 940 1581 970 simile
1594 941 1631 971 de
1648 940 1735 978 vino,

966 990 1052 1029 quod
1074 990 1225 1030 recipitur
1244 991 1282 1021 ad
1308 992 1564 1031 purificationem
1587 995 1637 1023 :et
1663 993 1733 1023 ideo

966 1044 1050 1082 patet
1064 1043 1153 1073 illud.

1006 1099 1036 1126 4.
1060 1096 1149 1126 Patet
1163 1096 1258 1127 etiam
1283 1105 1427 1137 sequens.
1445 1098 1633 1130 Ambrosius
1651 1101 1736 1130 enim

966 1148 1107 1188 loquitur
1120 1149 1158 1179 de
1177 1158 1308 1188 corpore
1324 1150 1438 1181 Christi
1458 1161 1465 1181 :
1483 1153 1513 1182 et
1527 1152 1587 1182 1106
1606 1155 1653 1183 est
1666 1155 1736 1183 tan-

966 1203 1034 1231 tum
1050 1201 1138 1231 cibus
1149 1202 1274 1240 mentis,
1289 1212 1354 1233 non
1366 1204 1495 1234 ventris.

1009 1253 1143 1293 Uterque
1176 1255 1398 1293 praedictorum
1425 1257 1593 1287 modorum
1617 1258 1737 1289 dicendi
1783 1256 1788 1261 ’

967 1307 1040 1336 satis
1054 1307 1227 1346 probabilis
1242 1308 1379 1347 videtur,
1390 1318 1448 1340 nec
1460 1310 1549 1340 facile
1563 1313 1609 1341 est
1622 1311 1738 1351 impro-

967 1359 1053 1398 bare,
1066 1360 1142 1399 quia
1152 1361 1250 1391 sancti
1258 1370 1321 1392 non
1333 1362 1470 1392 multum
1485 1363 1523 1394 (16
1533 1364 1737 1404 hocloquun-

967 1414 1028 1442 tur.
1046 1412 1109 1443 Nec
1123 1414 1236 1443 rationi
1246 1413 1297 1444 hic
1308 1415 1445 1446 multum
1461 1416 1662 1447 innitendum
1673 1421 1733 1456 est,

968 1467 1042 1505 quia
1052 1468 1186 1506 utraque
1195 1467 1301 1506 opinio
1310 1468 1461 1499 fundatur
1470 1469 1522 1500 1116
1536 1479 1631 1510 supra
1645 1471 1738 1502 mira-

967 1520 1085 1558 culum,
1104 1522 1134 1550 et
1149 1521 1320 1560 potentiam
1334 1524 1518 1560 operantem
1534 1532 1629 1563 supra
1647 1526 1738 1555 natu-

967 1582 1046 1604 ram.
1060 1574 1135 1610 Quis
1148 1576 1254 1604 autem
1262 1575 1331 1612 scit,
1348 1577 1457 1606 utrum
1466 1576 1546 1606 Deus
1561 1577 1615 1615 sic,
1630 1577 1681 1607 vel
1695 1578 1739 1608 sic

966 1626 1073 1664 faciat,
1091 1636 1165 1656 cum
1184 1628 1316 1666 uterque
1331 1628 1444 1659 modus
1461 1628 1585 1659 dicendi
1604 1629 1679 1660 satis
1700 1631 1739 1660 sit

967 1679 1160 1709 rationabilis
1171 1682 1202 1709 et
1210 1680 1399 1719 probabilis?
1407 1680 1432 1711 N
1435 1690 1469 1711 ec
1476 1682 1602 1712 videtur
1608 1683 1738 1714 omnino

967 1732 1175 1770 improbabile
1199 1733 1284 1771 quod
1300 1733 1427 1772 ahquod
1443 1734 1586 1764 accidens
1610 1735 1644 1765 in
1660 1736 1736 1766 sub-

968 1784 1116 1814 stantiam
1126 1788 1329 1816 convertatur
1339 1786 1371 1815 in
1380 1787 1440 1817 1106
1450 1790 1656 1825 sacramento,
1665 1797 1738 1818 cum

968 1837 1110 1867 accidens
1124 1838 1176 1867 hic
1197 1838 1345 1868 subsistat
1360 1838 1427 1869 sine
1442 1840 1592 1878 subjecto.
1614 1840 1676 1872 Nec
1689 1841 1737 1873 vi-

968 1890 1059 1920 detur
1076 1890 1282 1930 improbabile
1297 1892 1382 1931 quod
1397 1893 1477 1923 sicut
1492 1894 1665 1924 substantia
1680 1904 1736 1934 pa-

968 1942 1017 1972 nis
1032 1943 1244 1981 convertitur,
1269 1944 1314 1974 ita
1334 1947 1522 1976 revertatur.
1549 1946 1628 1977 Cum
1651 1947 1738 1978 enim

968 1995 1001 2025 111
1034 1996 1219 2026 substantiae
1259 1997 1350 2036 panis
1382 1999 1587 2030 conversione
1623 2008 1738 2039 corpus

968 2048 1082 2078 Christi
1097 2058 1161 2079 non
1185 2052 1367 2088 generetur,
1390 2060 1448 2081 1166
1461 2052 1527 2090 fiat,
1544 2051 1598 2082 sed
1612 2053 1736 2083 tantum

968 2103 1026 2133 sub
1049 2103 1110 2133 illis
1125 2104 1288 2143 speciebus
1302 2114 1369 2135 esse
1389 2105 1528 2145 incipiat,
1546 2106 1627 2137 sicut
1652 2108 1738 2138 tenet

968 2158 1042 2188 fides
1061 2163 1155 2195 recta,
1173 2158 1244 2197 quis
1269 2159 1381 2190 audeat
1401 2160 1462 2190 hoc
1477 2161 1629 2200 tanquam
1653 2162 1736 2193 irra-

966 2211 1115 2242 tionabile
1138 2212 1322 2251 repudiare,
1347 2213 1432 2252 quod
1459 2223 1590 2254 corpore
1623 2215 1736 2246 Christi

968 2270 1030 2293 non
1041 2266 1200 2303 corrupto,
1218 2265 1271 2295 sed
1286 2266 1447 2296 desinente
1460 2275 1528 2297 esse
1541 2268 1600 2297 sub
1618 2268 1734 2306 specie-

967 2316 1037 2354 lius,
1055 2317 1230 2347 substantia
1252 2318 1315 2356 illa,
1340 2328 1412 2358 quae
1436 2320 1633 2350 sustentabat
1651 2321 1735 2350 acci-

967 2369 1082 2407 dentia,
1098 2372 1289 2408 revertatur,
1307 2380 1381 2401 cum
1406 2372 1577 2402 accidentia
1595 2372 1648 2402 illa
1672 2382 1735 2403 non

967 2423 1030 2453 51111
1043 2423 1083 2453 ob
1098 2423 1182 2452 aliud
1198 2423 1264 2454 sine
1280 2424 1432 2463 subjecto,
1450 2424 1512 2454 nisi
1531 2425 1571 2454 ob
1592 2424 1733 2464 ‹lignita-

966 2478 1030 2505 tcm
1044 2477 1075 2505 et
1087 2477 1288 2515 praesentiam
1302 2477 1461 2507 contenti?
1472 2477 1560 2514 Quod
1572 2478 1597 2507 si
1610 2487 1733 2517 queres,

966 2530 1076 2558 utrum
1099 2528 1139 2558 sit
1160 2529 1291 2567 creatio,
1316 2529 1367 2560 vel
1392 2530 1570 2568 generatio,
1601 2531 1651 2562 vel
1675 2531 1735 2562 alia
1750 2534 1837 2556 Dubita-

967 2581 1119 2618 mutati0;
1147 2590 1223 2625 sane
1245 2584 1346 2621 potest
1369 2582 1430 2613 dici
1451 2583 1535 2622 quod
1561 2583 1641 2615 sicut
1657 2593 1732 2615 6011-

968 2634 1072 2665 versio
1086 2636 1133 2665 est
1156 2635 1288 2666 mutatio
1305 2635 1490 2674 singularis,
1511 2636 1556 2667 sic
1578 2639 1624 2668 est
1643 2640 1672 2669 et
1688 2647 1735 2669 re·
1749 2650 1838 2671 somno.

1763 1149 1856 1175 Uti-aque

1766 1180 1837 1206 opinio

1752 1211 1851 1237 probabi-
