2017 2948
818 143 913 175 DIST.
937 142 1001 174 XV.
1028 141 1125 173 PARS
1148 142 1171 172 I.
1732 144 1790 173 585

201 214 380 245 absolutum
396 213 495 253 ipsius
514 213 661 252 subjecti,
677 213 851 243 seeundum
876 211 968 250 eujus
1023 211 1054 240 et
1069 209 1113 239 ita
1128 208 1289 238 alteratus.
1306 207 1366 238 Sed
1381 217 1460 247 opus
1473 218 1512 239 ex
1526 210 1729 248 consequenti
1743 212 1790 240 est

201 266 428 306 subjectionem
450 268 481 297 et
501 265 701 296 amissionem
729 265 906 303 subjeetum
928 263 969 293 al-
1024 262 1203 293 ordinatum
1221 261 1261 292 ad
1274 261 1390 297 vitam,
1407 261 1457 291 vel
1478 262 1536 292 hoc,
1558 262 1667 292 ordine
1681 262 1788 301 priva-

201 322 337 357 teratur,
367 322 397 350 et
420 320 533 350 dicitur
561 319 654 349 modo
684 319 780 348 homo
805 320 966 354 mortuus,
1024 317 1107 352 tum,
1128 317 1158 345 et
1172 315 1231 344 hoe
1250 323 1314 344 non
1335 313 1407 344 dicit
1423 316 1564 351 motum,
1589 315 1664 353 quia
1684 315 1717 344 in
1732 314 1788 344 ali-

201 374 295 404 modo
312 374 419 410 vivus,
439 373 531 404 modo
556 374 714 411 peccator,
736 370 831 400 modo
849 372 965 409 justus,
1024 368 1100 408 quid
1115 377 1170 407 per
1187 377 1219 398 se
1234 376 1298 398 non
1312 369 1358 397 est
1372 368 1489 397 motus

714 515 1132 561 DISTINCTIO
1182 515 1275 560 XV

239 634 276 655 DE
289 632 478 655 POENITENTIA
492 632 683 653 SPECIALI'I'ER
698 631 843 656 QUANTUM
858 630 898 651 AD
914 629 982 651 EJUS
997 629 1121 659 PARTES,
1139 629 1265 650 ELIDENS
1281 629 1418 651 ERROREM
1434 630 1547 660 EORUM,
1565 629 1616 655 QUI
1633 630 1753 660 DICUNT,

500 684 579 710 QUOD
601 684 790 706 POENITENTIA
811 683 921 705 POTEST
940 682 1019 704 FIERI
1040 683 1077 704 DE
1096 682 1156 703 UNO
1176 682 1307 704 PECCATO
1326 683 1392 704 SINE
1412 682 1493 704 ALIO.

917 795 1027 831 PARS
1051 795 1074 830 Ι.

340 885 418 912 QL'OD
440 885 580 906 PLURIBUS
602 884 758 906 IRRETlTUS
781 882 920 904 PECCATIS
943 882 1003 904 NON
1027 882 1136 904 POTEST
1158 882 1314 903 POENITERE
1335 882 1372 902 DE
1393 881 1452 903 UNO
1474 882 1569 911 VERE,
1594 882 1652 903 NISI

797 932 834 952 DE
855 931 985 953 OMNIBUS
1008 931 1178 952 POENITEA'I'.

249 1007 288 1040 Et
303 1007 385 1040 sicut
406 1006 566 1051 praedictis
585 1004 831 1038 auetoritatibus
852 1005 986 1037 illorum
1003 1015 1093 1036 error
1112 1004 1328 1044 convincitur,
1347 1004 1405 1048 qui
1429 1004 1652 1047 poenitentiam
1677 1004 1793 1048 saepius

205 1065 364 1108 agendam
381 1075 447 1096 non
464 1067 599 1108 putant,
615 1067 645 1095 et
661 1073 717 1106 per
732 1073 800 1094 eam
823 1074 842 1094 a
860 1062 954 1105 lapsu
976 1065 1142 1106 peccantes
1162 1061 1349 1105 frequenter
1370 1072 1501 1104 surgere
1526 1061 1722 1103 diffitentur,
1748 1061 1793 1094 ita

205 1122 324 1155 eisdem
339 1122 473 1154 illorum
499 1120 609 1164 opinio
634 1119 778 1159 eliditur,
796 1119 853 1163 qui
878 1119 1030 1163 pluribus
1055 1119 1218 1152 irretitum
1243 1119 1378 1163 peccatis
1401 1123 1549 1151 asserunt
1572 1119 1611 1151 de
1627 1130 1693 1151 uno
1718 1130 1792 1151 vere

204 1179 377 1223 poenitere,
395 1178 606 1222 ejusdemque
621 1177 751 1209 veniam
767 1189 785 1209 a
800 1177 940 1209 Domino
955 1177 1108 1220 consequi
1129 1188 1217 1220 posse
1233 1176 1301 1209 sine
1317 1177 1450 1208 alterius
1472 1176 1672 1220 poeniteutia.
1697 1176 1790 1216 Quod

205 1237 300 1269 etiam
318 1235 566 1269 auctoritatibus
583 1238 726 1267 astruere
741 1238 913 1266 conantur.
932 1234 987 1266 Ait
1002 1234 1087 1266 enim
1104 1234 1268 1278 Propheta
1282 1234 1287 1248 ¹
1303 1246 1309 1265 z
1327 1236 1402 1268 Non
1415 1234 1581 1277 judicabit
1595 1236 1680 1267 Deus
1696 1235 1742 1267 bis
1757 1235 1792 1267 z'n

206 1294 348 1338 idipsum
361 1305 373 1332 ,¹
389 1293 439 1325 vel
455 1296 492 1324 ut
506 1292 562 1324 alii
579 1292 816 1324 transtulerunt
837 1304 843 1323 z
860 1294 934 1325 Non
952 1298 1121 1335 consumet
1137 1291 1256 1336 duplex
1271 1292 1453 1324 tribulatio.
1473 1292 1508 1325 Si
1523 1304 1619 1335 ergo,
1636 1292 1793 1336 inquiunt

205 1351 273 1392 illi,
290 1350 408 1395 aliquis
422 1350 579 1382 sacerdoti
598 1350 697 1382 fuerit
717 1350 882 1382 confessus
897 1361 1002 1382 unum
1018 1349 1057 1382 de
1072 1349 1216 1392 duobus,
1234 1350 1285 1382 vel
1302 1349 1452 1393 pluribus
1466 1350 1602 1393 peccatis
1616 1376 1622 1391 ,
1641 1354 1672 1382 et
1686 1350 1725 1382 de
1736 1349 1793 1382 illo

204 1408 385 1452 injunctam
410 1407 471 1440 sibi
494 1407 719 1451 poeniteutiam
734 1433 742 1448 ,
759 1419 778 1439 a
792 1407 971 1449 sacerdote,
989 1407 1207 1440 satisfactione
1232 1407 1411 1450 expleverit
1425 1434 1433 1449 ,
1448 1408 1571 1440 caeteris
1587 1407 1707 1449 tacitis,
1727 1419 1793 1440 non

205 1477 263 1511 pro
281 1466 339 1498 illo
357 1469 484 1510 peccato
497 1464 640 1508 amplius
652 1464 849 1508 judicandus
872 1469 935 1505 est,
953 1465 992 1497 de
1015 1476 1080 1509 quo
1105 1465 1257 1497 satisfecit
1280 1465 1319 1497 ad
1335 1465 1507 1497 arbitrium
1524 1465 1718 1506 sacerdotis,
1736 1465 1794 1509 qui

206 1524 308 1557 vicem
323 1523 443 1556 Christi
457 1523 492 1554 in
507 1522 647 1554 Ecclesia
661 1522 755 1564 gerit.
774 1522 915 1566 Ideoque
929 1522 956 1554 si
970 1522 1009 1555 de
1025 1533 1062 1555 eo
1078 1522 1198 1554 iterum
1210 1522 1376 1565 judicetur
1390 1548 1397 1563 ,
1424 1523 1475 1555 bis
1498 1523 1531 1554 in
1553 1522 1696 1566 idipsum
1707 1522 1796 1566 judi-

206 1585 255 1614 cat
268 1581 354 1614 Deus
367 1607 375 1623 ,
393 1585 424 1613 et
438 1584 612 1623 consurget
626 1580 748 1623 duplex
764 1580 944 1612 tribulatio.
963 1580 1026 1613 Sed
1042 1580 1081 1612 de
1097 1580 1148 1612 his
1163 1585 1289 1624 oportet
1304 1580 1388 1613 illud
1411 1586 1544 1612 temtum
1560 1580 1718 1623 intelligi,
1736 1580 1793 1624 qui

206 1638 419 1682 praesentibus
445 1637 614 1682 suppliciis
641 1641 889 1670 commutantur
917 1638 951 1670 in
980 1638 1127 1679 bonum,
1147 1642 1177 1670 et
1200 1638 1245 1670 sic
1270 1641 1478 1682 perseverant
1496 1651 1502 1671 z
1520 1649 1618 1681 super
1633 1649 1714 1682 quos
1729 1649 1794 1670 non

205 1699 378 1738 consurget
401 1695 522 1739 duplex
546 1695 726 1727 tribulatio.
750 1695 814 1734 Qui
838 1707 915 1728 vero
939 1695 1023 1728 inter
1044 1696 1174 1738 flagella
1189 1696 1357 1736 duriores,
1375 1700 1406 1728 et
1428 1696 1603 1729 deteriores
1624 1696 1710 1728 fiunt
1727 1722 1735 1737 ,
1759 1700 1795 1728 ut

205 1753 348 1795 Pharao,
367 1752 579 1797 praesentibus
595 1756 715 1785 aeterna
729 1757 925 1785 connectunt
940 1779 948 1793 ‚
966 1757 1002 1785 ut
1024 1754 1199 1797 temporale
1219 1754 1416 1798 supplicium
1432 1754 1473 1786 sit
1487 1754 1532 1785 eis
1547 1757 1676 1786 aeternae
1690 1764 1795 1797 poenae

206 1810 349 1843 initium.
367 1810 459 1842 Unde
475 1809 681 1852 Augustinus
695 1812 705 1827 Ξ
729 1811 747 1841 :'
760 1810 851 1853 [φής
871 1821 1040 1842 succensus
1068 1817 1114 1843 est
1131 1815 1155 1851 ³,
1182 1815 1256 1851 ete„
1280 1811 1312 1843 id
1334 1815 1402 1849 est,
1419 1811 1561 1843 vindicta
1576 1810 1633 1843 Dei
1649 1811 1700 1843 hic
1716 1810 1797 1842 inei-

207 1867 283 1912 piet,
300 1872 331 1899 et
353 1867 479 1899 ardebit
501 1878 605 1909 usque
629 1867 668 1899 ad
692 1871 870 1899 extremam
890 1867 1145 1900 damnationem.
1171 1881 1188 1898 ³>
1211 1868 1279 1901 Hoc
1307 1872 1419 1901 eontra
1437 1868 1511 1901 illos
1535 1868 1715 1900 notandum
1731 1872 1794 1909 est,

207 1925 265 1969 qui
292 1924 404 1957 dicunt
433 1924 536 1965 illud,
558 1924 678 1956 seilicet
703 1936 709 1955 :
734 1926 808 1958 Non
824 1924 993 1968 judicabit
1020 1927 1106 1958 Deus
1129 1926 1175 1958 bis
1199 1927 1235 1958 in
1263 1926 1418 1970 idipsum,
1443 1926 1483 1958 ad
1506 1926 1616 1958 omnia
1636 1925 1796 1970 pertinere

208 1982 357 2025 flagella:
377 1982 455 2026 quia
480 1982 614 2026 quidam
644 1982 695 2014 hie
722 1982 861 2025 flagellis
888 1983 1116 2024 emendantur,
1137 1984 1193 2016 alii
1222 1984 1274 2016 hie
1300 1988 1331 2015 et
1358 1983 1390 2016 iu
1422 1987 1581 2016 aeternum
1597 1983 1793 2027 puniuntur.

206 2040 359 2083 Quinque
375 2039 461 2072 enim
477 2042 486 2058 ⁴
502 2039 605 2072 modis
620 2040 749 2082 flagella
773 2040 968 2083 contingunt
993 2053 999 2072 z
1023 2041 1074 2073 vel
1091 2046 1126 2074 ut
1137 2041 1233 2085 justis
1248 2052 1304 2085 per
1320 2041 1510 2085 patientiam
1526 2041 1641 2073 merita
1656 2052 1797 2084 augean—

208 2102 273 2138 tur,
290 2101 327 2129 ut
340 2096 401 2129 Job
415 2097 446 2137 ⁵3
465 2096 516 2129 vel
533 2097 571 2128 ad
591 2096 771 2129 custodiam
787 2097 948 2131 virtutum
965 2125 972 2139 ,
989 2110 1029 2131 ne
1047 2099 1200 2143 superbia
1223 2102 1323 2132 tentet
1338 2125 1344 2140 ,
1366 2102 1402 2131 ut
1420 2099 1523 2131 Paulo
1538 2106 1547 2122 ⁶
1566 2112 1574 2140 ;
1592 2099 1642 2131 vel
1665 2099 1703 2131 ad
1728 2110 1797 2131 cor-

208 2154 342 2197 rigenda
356 2158 499 2198 peecata,
518 2158 553 2187 ut
569 2154 680 2187 Mariae
697 2154 787 2198 lepra
800 2158 827 2197 ⁷3
846 2156 897 2188 vel
912 2156 951 2188 ad
967 2156 1107 2198 gloriam
1122 2157 1198 2197 Dei,
1220 2161 1256 2189 ut
1269 2157 1308 2189 de
1323 2168 1403 2189 caeco
1419 2161 1494 2189 nato
1507 2157 1530 2197 ⁸3
1544 2157 1595 2189 vel
1610 2156 1649 2188 ad
1664 2156 1795 2188 initium

207 2223 324 2257 poenae,
341 2215 378 2243 ut
392 2211 512 2244 Herodi
527 2214 550 2253 ⁵³,
567 2215 729 2255 quatenus
746 2212 799 2245 hic
821 2213 969 2246 videatur
988 2214 1067 2259 quid
1082 2214 1116 2246 in
1132 2214 1260 2247 interno
1276 2218 1443 2259 sequatur,
1458 2214 1637 2247 secundum
1654 2213 1737 2245 illud
1750 2215 1772 2233 ¹0
1787 2225 1793 2244 :

206 2270 338 2314 Duplici
352 2270 546 2303 contritione
562 2276 688 2303 concere
703 2282 771 2312 θος,
792 2272 940 2304 omnine.
959 2272 1019 2304 Illa
1033 2284 1110 2315 ergo
1125 2272 1300 2305 auctoritas
1315 2272 1447 2305 Nahum
1463 2283 1528 2305 uon
1552 2271 1637 2314 cogit
1650 2282 1708 2303 nos
1725 2282 1796 2303 sen-

208 2329 267 2361 tire
282 2327 393 2361 omnia
407 2338 479 2371 quae
495 2327 716 2371 temporaliter
740 2328 925 2372 puniuntur
939 2341 1005 2362 non
1030 2330 1166 2363 ulterius
1189 2342 1207 2363 a
1231 2330 1294 2363 Deo
1309 2330 1474 2374 punienda
1497 2342 1503 2361 z
1522 2340 1597 2361 uam
1618 2328 1677 2361 etsi
1699 2339 1796 2372 super

207 2386 358 2419 eumdem
386 2385 494 2418 locum
516 2385 737 2429 Hieronymus
757 2385 842 2418 dieat
870 2386 1074 2429 sodomitas,
1102 2388 1288 2432 AEgzyptios,
1305 2392 1336 2420 et
1350 2387 1509 2419 Israelitas
1524 2400 1539 2418 a
1556 2386 1622 2418 Deo
1638 2389 1797 2429 tempora-

206 2443 280 2476 liter
294 2443 425 2487 punitos
445 2468 452 2484 ,
470 2454 509 2475 ne
525 2442 559 2474 in
575 2447 734 2475 aeteruum
749 2444 947 2487 punirentur
962 2458 969 2486 3
987 2457 1052 2478 non
1068 2449 1114 2478 est
1134 2450 1241 2478 tamen
1256 2446 1295 2478 de
1312 2445 1465 2478 omnibus
1482 2443 1676 2486 generaliter
1702 2442 1797 2474 intel-

238 2514 247 2530 ¹
258 2514 335 2544 Nah„
353 2516 368 2544 Ι,
381 2515 403 2543 9,
421 2515 445 2537 et
458 2513 573 2541 hahetur,
588 2513 616 2535 (Ie
633 2514 730 2542 J’oem't„
741 2514 797 2537 dist.
816 2520 852 2543 111,
869 2524 890 2539 e.
909 2516 977 2539 Siout
997 2517 1089 2546 Idm-ee,
1105 2518 1116 2547 Ξ
1132 2518 1285 2547 Αιιείοι·ι“1(ι.ς;
1305 2517 1360 2540 slis-t.
1375 2522 1433 2544 v111,
1449 2522 1470 2538 e>
1487 2514 1635 2544 Presbyteri.
1646 2527 1675 2530 —
1690 2514 1697 2528 ²
1713 2514 1794 2537 Closs.

206 2556 281 2580 super
295 2549 425 2573 Canticum
441 2549 542 2578 Moysis,
558 2550 583 2571 et
597 2548 728 2579 allegatur,
745 2548 774 2571 (le
788 2550 955 2580 poe11z‘t.,1tt=t.
973 2558 1030 2581 vui,
1046 2561 1066 2576 ι·,
1084 2552 1159 2582 tynis.
1176 2565 1195 2568 —
1212 2553 1222 2569 ³
1240 2553 1321 2581 Dent„
1335 2556 1418 2580 xxxxi,
1433 2552 1471 2573 ⁶32.
1487 2563 1517 2567 -
1531 2547 1541 2563 Ἰ
1554 2549 1634 2573 Closs,
1648 2549 1708 2572 Bed.
1724 2555 1797 2579 super·

207 2584 296 2608 Mateh.
307 2583 420 2610 —5Job,
435 2589 442 2607 1
459 2585 483 2607 et
497 2590 550 2613 seq.
562 2596 591 2600 -—
604 2584 612 2597 ⁶
626 2583 643 2606 ΙΙ
662 2584 730 2612 Con,
744 2589 790 2611 xu,
803 2585 825 2608 7.
839 2597 869 2602 —
883 2586 893 2602 ⁷
906 2586 991 2615 Num„
1009 2593 1055 2616 xii,
1073 2589 1109 2611 10.
1120 2587 1261 2617 -ssJoan.‚
1279 2593 1314 2616 lx,
1331 2588 1352 2609 3.
1365 2599 1392 2603 -
1408 2588 1416 2599 '³
1431 2585 1495 2615 Act„
1511 2591 1558 2615 xii,
1574 2586 1612 2608 ⁴23.
1625 2597 1654 2602 —
1668 2585 1684 2598 ‘⁰
1696 2584 1794 2612 Jerenz„

208 2625 271 2650 xvu,
287 2621 326 2644 18.

1827 1021 1905 1048 Opinio

1813 1059 1910 1073 erronea.

1825 1189 1902 1209 Pioba·

1812 1220 1840 1240 tio
1863 1220 1916 1246 ejus.

1815 1595 1919 1616 Determi-

1836 1627 1893 1648 natio

1829 1664 1907 1685 praece-

1816 1690 1919 1710 dentium.
