2017 2948
136 1460 240 1488 Explicat.

255 154 313 182 646

255 219 352 250 homo
367 227 495 251 omnem
510 221 698 260 injustitiam
716 222 748 252 in
762 222 825 253 alio
835 245 844 260 ,
860 221 903 252 ita
922 222 1023 262 poeni·

255 272 354 302 tentia
367 281 496 304 omnem
511 273 698 313 injustitiam
714 275 747 305 in
763 275 883 314 seipso:
895 276 947 306 sed
963 277 1024 307 ori-

256 325 364 365 ginale
385 329 431 356 est
452 325 606 366 injustitia
629 328 660 357 in
689 328 818 358 homine
843 339 849 358 ι
875 338 954 368 ergo
978 332 1025 360 cst

255 377 436 410 detestanda
449 388 505 420 per
520 381 736 420 poenitentiam
751 391 756 411 :
775 383 805 411 et
819 381 877 419 sic,
893 384 951 412 etc.

295 433 325 462 3.
349 432 426 463 Item
442 433 545 464 omnis
562 434 615 472 qui
634 433 702 464 vult
724 434 786 465 Deo
810 435 1022 474 reconciliari,

255 494 381 516 necesse
401 485 496 516 habet
520 486 665 516 detestari
688 495 782 518 omne
804 488 888 527 quod
913 498 931 518 a
964 488 1024 520 Deo

254 541 379 578 separat
409 550 415 569 :
446 539 498 570 sed
533 539 689 578 originale
720 543 845 579 separat
877 550 894 571 a
927 541 989 573 Deo
1016 554 1021 573 :

253 601 332 631 ergo
342 616 350 630 ‚
366 594 425 622 etc.

294 650 322 677 4.
341 646 418 678 Item
433 647 471 678 de
485 647 573 678 omni
587 650 724 688 peccato,
737 648 775 679 de
789 658 853 689 quo
865 651 948 689 juste
964 659 1022 690 pu-

253 700 341 731 nitur
364 710 383 730 a
413 700 494 738 Deo,
520 700 612 731 dehet
636 710 709 732 vere
732 702 888 741 poenitens
911 703 1025 742 punire

254 753 393 792 seipsum
416 760 423 782 :
450 752 502 784 sed
528 762 585 793 pro
611 753 760 793 originali
781 756 866 794 ,iuste
893 756 1025 795 punitur

252 806 349 838 homo
360 816 378 837 a
388 806 450 837 Deo
466 816 559 847 poena
571 808 729 846 carentiae,
739 817 811 847 quae
822 811 869 840 est
883 810 1025 841 maxima

254 868 364 900 poena,
380 860 455 900 quia
477 861 659 891 maximum
674 861 828 892 damnum
850 873 856 893 :
872 872 949 902 ergo
968 872 1024 903 pro

253 922 290 944 eo
304 913 395 945 debet
408 922 441 944 se
455 914 578 954 punire.

527 1024 750 1058 CONCLUSIO.

256 1113 446 1140 Contritionem
467 1113 497 1140 de
519 1114 648 1147 oriqz‘nali
664 1116 774 1149 peccato
798 1115 892 1142 habere
914 1124 966 1144 non
988 1119 1024 1143 est

288 1158 479 1188 necessarium,
499 1158 544 1184 sed
563 1165 706 1191 commum
729 1161 765 1186 est
787 1161 821 1186 z'z's
842 1161 888 1194 qui
910 1168 935 1188 se
956 1161 1028 1188 illud

287 1203 422 1236 peccatum
437 1202 532 1228 habere
545 1203 640 1229 sciunt.

294 1289 386 1329 Resp.
399 1289 438 1320 ad
449 1297 520 1328 arg.
534 1289 706 1320 Dicendum
720 1291 805 1330 quod
821 1291 859 1322 de
873 1292 1024 1332 originali

256 1344 380 1383 peccato
390 1344 437 1373 est
447 1342 535 1382 loqui
549 1343 771 1382 communiter,
784 1346 813 1375 et
829 1346 1023 1384 specialiter:

255 1395 478 1433 communiter,
505 1397 541 1426 ut
563 1398 610 1426 est
635 1396 667 1426 in
684 1397 848 1436 omnibus,
867 1401 897 1429 et
919 1399 962 1430 sic
986 1401 1024 1432 ad

256 1451 325 1490 ers
339 1449 527 1480 deletionem
544 1459 607 1480 non
618 1450 792 1490 requiritur
807 1451 923 1492 aliquis
937 1456 1025 1484 actus

255 1513 294 1534 ex
309 1504 397 1543 parte
419 1504 488 1542 eJus
505 1503 537 1533 in
562 1512 625 1543 quo
649 1505 709 1541 est,
737 1506 773 1534 ut
796 1508 880 1544 patet
902 1506 933 1536 in
952 1516 1023 1547 par-

255 1557 349 1593 vulo;
376 1558 423 1586 est
449 1556 565 1586 iterum
589 1556 675 1596 loqui
700 1557 888 1596 specialiter,
919 1569 1025 1598 quan-

254 1611 324 1640 tum
345 1608 385 1639 ad
405 1607 528 1638 adultos
547 1608 602 1647 qui
623 1617 656 1639 se
677 1608 794 1640 habere
814 1611 973 1650 nesciunt,
996 1615 1025 1643 et

254 1664 411 1702 quantum
426 1661 465 1692 ad
479 1660 553 1699 hos,
581 1671 646 1692 non
661 1664 784 1702 oportet
806 1664 890 1703 quod
911 1664 1026 1704 aliquis

254 1717 342 1746 actus
356 1715 570 1746 detestationis
586 1715 751 1754 adveniat;
769 1719 816 1748 est
837 1718 954 1749 iterum
975 1719 1022 1751 lo-

254 1769 309 1809 qui
322 1770 478 1809 quantum
488 1769 527 1800 ad
535 1769 658 1800 adultos
671 1769 725 1809 qui
737 1780 769 1801 se
782 1771 899 1802 habere
910 1773 1022 1811 sciunt,

253 1824 284 1852 et
296 1824 452 1861 quantum
467 1821 507 1851 ad
523 1821 614 1859 tales,
640 1831 824 1862 congruum
841 1828 887 1856 est
912 1828 947 1857 ut
966 1827 1024 1857 sibi

253 1875 429 1914 displiceat3
446 1884 638 1914 congruum,
655 1875 798 1916 inquam,
815 1879 899 1918 quod
914 1880 1022 1920 displi-

253 1930 321 1959 ceat
335 1937 399 1959 non
415 1928 449 1958 in
470 1929 612 1968 speciali,
639 1930 693 1960 sed
718 1931 750 1960 in
772 1933 932 1971 generali,
949 1935 1023 1974 quia

253 1980 344 2010 debet
359 1980 404 2010 eis
419 1980 583 2020 displicere
599 1990 693 2012 omne
716 1983 799 2023 quod
815 1994 833 2015 a
853 1985 916 2016 Deo
933 1996 1024 2027 sepa-

253 2035 315 2071 rat,
340 2042 398 2064 nec
423 2036 470 2064 est
496 2035 708 2066 necessarium
730 2037 780 2076 (a).
804 2038 893 2069 Ratio
918 2048 1023 2071 autem

253 2095 351 2125 quare
365 2095 430 2116 non
441 2088 487 2117 est
498 2096 623 2118 necesse
636 2090 671 2118 ut
684 2091 875 2129 conteratur,
892 2095 939 2124 est
949 2094 1023 2133 quia

253 2148 317 2170 non
334 2141 381 2170 est
395 2142 466 2170 actu
482 2142 590 2171 nostro
606 2142 824 2175 commissum.
843 2144 880 2175 Et
895 2146 937 2177 sic
951 2147 1023 2178 licet

252 2192 285 2223 in
299 2193 406 2224 adulto
416 2193 455 2224 sit
471 2193 540 2223 talis
551 2194 715 2233 originalis
730 2197 942 2237 displicentia,
959 2210 1021 2231 non

252 2248 359 2277 tamen
375 2250 421 2277 est
442 2247 638 2286 poenitentia,
665 2249 739 2288 quia
763 2251 961 2291 pcenitentia,
989 2256 1022 2284 ut

252 2302 415 2331 ostensum
439 2303 503 2338 est,
521 2302 647 2341 proprie
669 2305 714 2333 est
739 2308 883 2344 respectu
903 2307 1019 2338 voliti¹.

253 2351 400 2384 Rationes
423 2354 525 2393 igitur
540 2355 708 2394 probantes
722 2358 807 2396 quod
822 2367 886 2389 non
901 2362 948 2390 est
963 2370 1022 2392 ne-

252 2407 385 2438 cessaria
400 2408 583 2447 poenitentia
593 2408 632 2439 ad
643 2409 828 2441 deletionem
842 2413 1018 2452 originalis,

250 2469 336 2491 verae
347 2462 460 2491 suntet
475 2462 693 2493 concedendae.
710 2462 856 2495 Rationes
872 2466 910 2496 ad
926 2476 1021 2507 oppo-

282 2523 287 2535 ¹
303 2523 374 2546 Hanc
393 2523 534 2547 doctrinam
553 2525 667 2555 seqnitur
686 2526 711 2549 S.
735 2526 843 2550 Thomas
865 2527 921 2558 hic,
941 2536 964 2560 q.
990 2536 1019 2560 11,

249 2559 297 2582 art.
315 2559 338 2589 2,
353 2560 378 2582 et
396 2558 424 2582 tle
439 2559 520 2590 Malo,
539 2566 562 2590 q.
583 2566 630 2591 vn,
650 2562 696 2585 art.
713 2562 735 2584 2.
747 2574 778 2579 —
794 2562 804 2578 ²
820 2563 882 2586 Dist.
904 2570 939 2593 iv,
956 2571 982 2595 p.
999 2566 1019 2595 1,

249 2595 296 2616 art.
318 2596 343 2624 1,
364 2600 388 2624 q.
409 2595 432 2618 2.
450 2607 481 2612 —
500 2594 510 2611 ⁸
531 2595 571 2625 Cf.
593 2595 662 2619 Alex.
684 2596 779 2627 Mens,
799 2604 823 2627 p.
845 2599 887 2628 lv,
908 2606 932 2630 q.
956 2606 1018 2630 vm,

248 2629 353 2653 membr.
377 2629 403 2659 7,
428 2632 474 2654 art.
495 2631 523 2661 2,
547 2630 562 2662 g
585 2632 614 2662 25
639 2632 726 2664 Steph.
754 2633 858 2664 Brulef„
882 2635 913 2658 tv
938 2635 1018 2665 Seni„

813 155 1120 186 SENTENTlARUM
1143 156 1216 187 [ΑΒ.
1239 156 1288 188 IV.

1082 223 1180 254 situm
1195 224 1399 264 procedentes
1415 226 1550 266 probant
1563 226 1650 266 quod
1664 235 1848 267 congruum

1081 279 1127 307 est
1150 280 1186 308 ut
1207 278 1365 317 originale
1385 279 1546 318 displiceat
1565 279 1690 318 adulto,
1713 289 1753 311 ne
1774 281 1850 312 velit

1081 331 1218 370 amplius
1232 332 1266 362 in
1280 332 1333 363 illo
1344 341 1522 369 remanere3
1536 333 1589 364 sed
1604 333 1688 373 quod
1706 335 1849 365 teneatur

1082 393 1115 415 se
1128 384 1282 424 affligere,
1300 395 1364 416 non
1379 385 1588 424 concludunt,
1604 386 1655 418 vel
1670 386 1765 417 etiam
1782 395 1849 427 poe-

1081 437 1190 468 nitere.

1122 490 1209 527 Quod
1226 492 1312 522 enim
1333 493 1493 531 objicitur,
1512 498 1538 524 1.
1557 493 1641 534 quod
1664 493 1851 532 arguendus

1082 547 1127 574 est
1139 554 1196 584 pro
1205 546 1363 585 originali,
1373 556 1436 577 non
1447 548 1650 587 intelligitur,
1660 547 1736 587 quia
1745 547 1849 587 ipsum

1081 599 1254 635 contraxit,
1271 600 1323 630 sed
1338 609 1379 630 ne
1394 600 1428 631 in
1443 601 1510 641 ipso
1520 601 1596 632 velit
1612 609 1808 640 permanere.

1121 653 1151 682 2.
1177 652 1223 683 Ad
1248 653 1325 684 illud
1351 654 1436 693 quod
1458 655 1618 695 objicitur,
1640 654 1725 694 quod
1748 654 1848 694 poeni·

1082 706 1179 736 tentia
1193 708 1240 737 est
1254 707 1293 737 ad
1309 707 1526 739 detestandum
1544 717 1640 739 omne
1654 707 1776 739 malum
1790 716 1851 739 no-

1081 760 1193 797 strum,
1212 760 1380 791 dicendum
1395 761 1477 801 quod
1503 771 1616 792 verum
1632 763 1692 799 est,
1710 763 1850 792 attamen

1081 821 1145 843 non
1161 816 1372 852 contractuum
1395 814 1538 845 similiter
1551 815 1589 845 de
1609 815 1655 845 ira
1676 823 1732 854 per
1748 813 1850 845 zelum

1082 867 1114 898 in
1128 868 1283 907 proximo.

1122 923 1151 952 3.
1174 921 1223 951 Ad
1244 921 1320 952 illud
1343 921 1427 961 quod
1452 921 1615 961 objicitur,
1641 920 1726 961 quod
1749 919 1850 960 poeni-

1082 974 1179 1004 tentia
1193 974 1284 1005 debet
1299 974 1445 1005 detestari
1460 983 1554 1005 omne
1571 973 1692 1004 malum
1711 973 1796 1013 quod
1806 981 1852 1005 se-

1082 1029 1171 1066 parat
1187 1037 1205 1057 a
1228 1027 1300 1065 Deo,
1319 1027 1486 1058 dicendum
1503 1027 1586 1067 quod
1611 1035 1724 1057 verum
1748 1028 1812 1065 est,
1824 1026 1852 1057 si

1082 1079 1164 1110 istud
1179 1080 1217 1110 sit
1233 1089 1273 1111 ex
1288 1080 1415 1120 propria
1431 1080 1593 1111 voluntate
1608 1079 1822 1110 introductum
1841 1089 1849 1110 :

1082 1134 1113 1163 et
1127 1135 1193 1164 esto
1206 1134 1290 1173 quod
1301 1134 1482 1172 detestetur,
1494 1143 1557 1165 non
1573 1135 1700 1173 propter
1715 1133 1775 1164 hoc
1789 1141 1852 1172 poe-

1082 1185 1186 1216 nitens
1200 1186 1324 1217 dicitur.

1123 1241 1154 1269 4.
1175 1239 1223 1270 Ad
1239 1239 1315 1270 illud
1330 1239 1415 1279 quod
1436 1239 1594 1279 objicitur,
1611 1238 1697 1278 quod
1713 1238 1805 1269 debet
1819 1247 1852 1270 se

1083 1291 1196 1331 punire
1217 1292 1255 1322 de
1276 1292 1363 1322 omni
1384 1301 1421 1323 eo
1439 1292 1477 1323 de
1500 1301 1564 1331 quo
1581 1293 1668 1331 Juste
1689 1292 1854 1331 punitura

1084 1344 1155 1382 Deo,
1180 1345 1349 1376 dicendum
1372 1346 1458 1385 quod
1483 1346 1543 1376 hoc
1565 1354 1678 1376 verum
1702 1347 1800 1383 esset,
1826 1345 1852 1376 si

1082 1397 1164 1428 Deus
1180 1407 1274 1438 poena
1283 1407 1394 1429 sensus
1410 1399 1553 1438 puniret,
1568 1399 1619 1429 vel
1632 1399 1727 1430 etiam
1740 1398 1853 1439 baptis-

1083 1461 1155 1482 inus
1171 1462 1234 1483 non
1250 1453 1407 1483 sufficeret
1423 1464 1428 1483 :
1456 1462 1540 1483 nunc
1556 1455 1663 1483 autem
1682 1452 1763 1483 Deus
1786 1461 1850 1483 non

1082 1506 1173 1545 punit.
1187 1515 1281 1546 poena
1303 1515 1414 1537 sensus
1431 1517 1438 1536 ι
1456 1508 1485 1536 et
1505 1506 1681 1546 baptismus
1702 1506 1741 1536 ab
1765 1506 1852 1537 omni

1082 1568 1176 1598 poena
1190 1560 1395 1590 satisfactoria
1405 1583 1412 1596 ‚
1436 1560 1503 1590 sive
1518 1562 1681 1600 assumpta
1694 1559 1848 1597 absolvit,

1082 1612 1162 1642 sicut
1176 1612 1288 1642 melius
1303 1621 1399 1651 supra
1409 1614 1420 1631 ¹
1437 1613 1541 1643 visum
1551 1615 1609 1643 est.

1344 1727 1523 1766 QUAESTIO
1547 1728 1583 1759 11.

1080 1815 1127 1842 An
1143 1815 1302 1842 accedentem
1318 1815 1354 1842 ad
1367 1815 1527 1850 baptismum
1540 1822 1599 1841 cum
1614 1815 1735 1846 actuali,
1752 1822 1850 1843 necesse

1115 1861 1151 1886 sit
1161 1861 1239 1894 prius
1251 1862 1447 1886 sacramentum
1458 1860 1619 1894 poenitenlioe
1630 1860 1759 1894 accipere,
1771 1867 1850 1894 quam

1117 1904 1274 1938 baptismum
1289 1907 1308 1929 ³.

1121 1989 1234 2020 Utrum
1244 1988 1389 2019 adultum
1399 1988 1600 2019 accedentem
1609 1988 1648 2019 ad
1657 1988 1849 2029 baptismum
1866 2012 1881 2031 A
1887 2011 1899 2031 d
1919 2017 1969 2037 opp·

1080 2051 1151 2072 cum
1173 2041 1301 2078 actuali,
1319 2050 1444 2072 necesse
1460 2042 1499 2072 sit
1521 2043 1594 2072 ante
1613 2044 1849 2073 sacramentum

1080 2096 1272 2135 poenitentiae
1295 2096 1450 2135 accipere,
1473 2104 1570 2135 quam
1590 2095 1803 2135 baptismum
1820 2099 1850 2127 et

1079 2149 1163 2188 quod
1179 2149 1233 2186 sic,
1251 2148 1375 2179 videtur
1387 2150 1397 2167 ⁴
1414 2159 1420 2178 :
1435 2149 1656 2186 Poenz'temim',
1670 2152 1700 2181 ec
1710 2149 1850 2189 baptize-

1079 2205 1130 2233 [ιιν
1142 2202 1358 2241 unusquisque
1368 2205 1507 2233 vestrum
1516 2211 1526 2239 ,·
1535 2201 1643 2232 Glossa
1654 2212 1660 2231 :
1679 2213 1693 2230 «
1706 2202 1851 2233 Dicturus

1078 2255 1115 2286 de
1131 2255 1334 2295 baptismate,
1358 2255 1511 2295 praemisit
1532 2255 1670 2285 lamenta
1693 2256 1848 2295 poeniten-

1078 2308 1145 2345 tiae‚
1164 2310 1199 2339 ut
1213 2308 1303 2348 prius
1325 2317 1408 2348 aqua
1429 2307 1606 2338 afflictionis
1623 2317 1657 2339 se
1678 2309 1847 2349 perfunde-

1077 2364 1162 2399 rent,
1179 2363 1208 2392 et
1234 2363 1303 2401 post
1325 2363 1521 2392 sacramento
1542 2361 1740 2401 baptismatis
1761 2362 1848 2394 lava-

1076 2417 1156 2445 rent.
1171 2425 1184 2442 n

1115 2470 1144 2498 εὶ.
1170 2468 1246 2499 ltem
1264 2469 1274 2485 ⁶
1298 2479 1303 2499 :
1330 2467 1453 2500 Eaeibczt
1480 2467 1524 2499 ad
1547 2467 1638 2499 illum
1662 2467 1845 2507 Hierosoly-

1076 2526 1133 2550 dist.
1149 2532 1190 2556 XV,
1205 2534 1229 2557 q.
1247 2532 1277 2556 ,ῖς
1296 2528 1383 2550 Petrus
1402 2526 1432 2550 de
1449 2527 1542 2550 Tarant
1553 2544 1561 2557 ‚
1580 2526 1611 2550 tV
1627 2526 1705 2554 Sene„
1720 2525 1777 2550 dist.
1792 2531 1847 2556 xvi,

1075 2569 1098 2592 q.
1112 2567 1191 2585 x11.—
1207 2562 1214 2576 ⁴
1228 2562 1295 2592 Act„
1308 2568 1337 2593 11,
1352 2562 1423 2586 38.—
1434 2562 1442 2576 ⁸
1454 2561 1556 2590 Manli„
1571 2567 1609 2592 111,
1622 2563 1644 2585 5.

1107 2601 1140 2632 (a)
1164 2601 1249 2633 suppl.
1274 2604 1301 2626 ut
1333 2603 1478 2626 conteratur
1506 2601 1647 2633 specialiter
1677 2600 1707 2624 de
1730 2600 1846 2632 originali

1074 2640 1190 2667 peccato.
