2017 2948
759 129 947 162 DISTINCT.
971 129 1036 161 Vll.
1059 130 1150 161 ART.
1174 131 1197 162 1.

180 195 224 226 fio
245 196 365 235 major,
380 196 455 236 quia
469 196 561 226 datur
584 204 603 226 a
626 196 760 226 summis
777 197 946 228 sacerdoti-

180 248 240 279 bus
249 272 257 284 ,
270 249 338 278 sive
349 249 510 288 episcopis.
524 248 638 285 Quinto
650 251 777 288 propter
792 249 852 280 hoc
863 249 947 289 quod

180 301 267 341 ponit
281 302 315 332 in
331 302 476 332 nobiliori
490 301 593 340 gradu
611 310 619 331 :
640 303 671 331 et
685 301 728 331 sic
741 301 857 332 dicitur
871 302 948 333 ordo

180 355 285 393 majus
301 357 544 385 sacramentum.

494 449 560 470 DUB.
585 449 629 470 lv.

351 506 376 529 lu
394 505 502 535 digniori
519 508 590 536 parte
608 505 722 536 corporis
739 506 775 529 fit.

219 567 349 599 Videtur
375 568 490 599 falsum
518 569 638 607 dicere,
661 569 736 608 quia
765 571 875 599 vertex
902 570 948 599 est

178 621 306 661 dignior
321 624 476 662 quantum
493 622 532 652 ad
548 622 659 660 situm,
675 624 705 652 et
725 631 778 653 cor
792 625 947 661 quantum

179 674 217 705 ad
232 675 382 705 virtutem
400 686 406 705 ε
423 684 501 714 ergo
525 676 630 715 potius
652 675 742 705 debet
765 675 832 705 dari
852 674 885 705 in
899 684 948 705 ca-

178 728 259 766 pite,
276 728 326 758 vel
341 728 372 758 in
386 728 489 759 corde.
508 728 585 759 item
602 728 726 759 videtur
741 728 825 767 quod
840 728 871 758 in
886 727 946 758 liu-

179 789 244 818 gua
256 805 263 818 ,
281 781 355 820 quia
370 781 413 812 ibi
428 784 474 812 est
489 782 652 812 consessio.

218 833 310 873 Resp.
328 833 498 865 Dicendum
517 834 603 874 quod
620 843 693 874 pars
706 833 835 873 dignior
850 843 948 874 quan-

177 888 247 918 tum
259 887 298 917 ad
313 887 466 918 virtutem
481 889 511 918 et
523 887 738 927 operationem
749 888 797 917 est
807 896 876 924 cor3
894 887 947 917 sed

177 941 285 970 tamen
308 940 429 971 occulta
456 943 512 977 est,
542 943 572 971 et
596 940 671 971 latet
696 940 840 971 interius.
862 939 947 970 Inter

177 996 280 1034 partes
292 1003 368 1024 vero
384 1003 456 1033 quae
468 1002 500 1024 se
510 993 648 1024 offerunt
660 993 807 1024 sensibus
817 993 945 1031 nostris,

178 1049 271 1086 caput
287 1049 333 1077 est
347 1046 492 1085 dignius,
509 1046 583 1076 etin
597 1046 696 1085 capite
711 1046 814 1083 facies,
832 1046 947 1077 scilicet

177 1100 317 1130 anterior
333 1109 406 1139 pars
419 1110 425 1129 :
443 1101 473 1129 et
485 1099 555 1130 ideo
572 1098 633 1129 hcc
647 1101 880 1129 sacramentum
896 1099 947 1129 da-

177 1155 229 1184 tur
244 1153 276 1183 in
292 1153 378 1189 facie,
394 1152 447 1182 sed
462 1152 565 1190 magis
578 1151 610 1182 in
622 1152 736 1187 fronte,
752 1151 828 1191 quia
842 1152 885 1182 ibi
900 1154 947 1183 est

176 1206 264 1237 sedes
275 1205 486 1236 verecundiae.
496 1205 596 1241 Unde,
610 1205 685 1245 quia
699 1205 758 1235 hoc
772 1214 946 1236 sacramen-

176 1261 246 1289 tum
261 1260 308 1289 est
323 1261 433 1289 contra
445 1259 661 1289 confusionem
676 1261 707 1289 et
722 1259 946 1289 verecundiam

177 1312 347 1343 confitendi
361 1321 479 1342 nomen
490 1311 618 1349 Christi,
633 1320 707 1351 quae
721 1311 866 1350 linguam
877 1321 947 1342 con-

177 1366 283 1404 trahit,
304 1375 343 1395 ne
358 1366 464 1405 aperte
477 1364 573 1401 dicat3
590 1364 681 1395 debet
695 1364 755 1394 hoc
771 1374 948 1395 sacramen-

175 1421 246 1449 tum
262 1419 293 1448 in
315 1418 417 1448 fronte
437 1417 515 1448 dari.
542 1417 640 1448 Frons
658 1418 787 1456 quidem
811 1427 884 1457 pars
901 1421 947 1449 est

175 1472 263 1503 faciei
285 1471 492 1502 eminentior:
518 1470 602 1501 unde
624 1470 774 1501 dixerunt
799 1472 944 1510 quidam,

175 1526 259 1566 quod
275 1526 308 1556 in
323 1535 407 1555 nova
422 1524 492 1563 lege
507 1524 543 1554 fit
559 1524 663 1563 prima
676 1524 783 1555 unctio
798 1524 830 1555 in
846 1525 946 1564 capite

176 1580 296 1610 ratione
324 1578 465 1615 virtutis,
497 1577 634 1608 secunda
661 1586 737 1608 vero
770 1578 802 1608 in
826 1579 943 1615 fronte,

177 1633 268 1665 tertia
288 1634 402 1663 iterum
424 1632 455 1662 in
475 1632 583 1671 capite.
603 1631 639 1661 Et
655 1631 758 1670 prima
773 1632 808 1662 fit
823 1632 855 1662 in
869 1632 945 1672 bap-

178 1687 286 1724 tismo;
303 1686 440 1717 secunda
452 1694 528 1715 vero
542 1685 575 1714 in
586 1684 837 1722 confirmatione;
856 1687 945 1717 tertia

176 1749 252 1771 vero
279 1740 311 1770 in
340 1738 476 1779 episcopi
502 1737 746 1768 consecratione.
776 1737 814 1768 Et
841 1739 945 1778 prima

176 1792 306 1832 signata
329 1795 375 1823 est
396 1795 403 1810 ¹
430 1791 463 1822 in
488 1791 591 1830 prima
620 1791 767 1821 unctione
777 1815 784 1828 ‚
808 1792 945 1822 secunda

176 1854 252 1876 vero
262 1846 272 1861 ²
289 1845 320 1875 in
333 1843 479 1875 unctione
490 1843 587 1874 David
597 1852 692 1883 super
706 1843 836 1874 domum
847 1844 862 1875 J
866 1844 942 1882 uda;

175 1898 267 1928 tertia
275 1906 351 1929 vero
359 1899 370 1915 ³
381 1897 413 1927 in
424 1897 572 1927 unctione
586 1895 682 1926 David
691 1905 786 1935 super
794 1899 944 1928 cunctum

177 1958 327 1990 regnum.
340 1949 379 1981 Et
393 1949 468 1980 satis
479 1951 612 1989 possunt
621 1950 723 1989 aptari
738 1949 819 1988 istis,
831 1950 858 1981 si
870 1951 944 1990 quis

175 2004 328 2044 inspiciat.
357 2003 393 2034 111
417 2002 519 2043 prima
535 2002 621 2033 enim
640 2002 739 2034 David
754 2012 818 2034 non
834 2003 945 2035 habuit

174 2057 363 2097 potentiam3
380 2056 413 2087 in
428 2056 564 2087 secunda
580 2056 692 2086 habuit
709 2057 880 2096 potentiam
890 2081 898 2094 ‚
914 2059 944 2089 et

174 2109 401 2147 resistentiam3
422 2109 455 2139 in
473 2109 568 2140 tertia
586 2108 698 2139 habuit
713 2110 897 2149 potentiam,
914 2112 945 2141 et

175 2162 410 2203 praesidentiam
424 2171 520 2202 super
535 2163 665 2201 gentem
679 2171 781 2193 suam.

497 2265 565 2287 DUB.
590 2265 622 2287 V.

176 2328 230 2352 Hoc
247 2328 435 2351 sacramentum
450 2328 546 2350 tautum
565 2334 580 2349 a
595 2326 689 2358 jejunis
703 2326 796 2358 accipi,
815 2329 839 2352 et
851 2327 945 2359 jejunis

478 2362 541 2385 tradi
557 2362 640 2386 debet.

217 2429 331 2460 C‹·ntra
346 2440 352 2460 z
370 2428 512 2466 Videtur,
531 2428 616 2468 quod
630 2429 704 2469 quia
718 2432 764 2460 est
778 2429 817 2460 ad
832 2429 942 2467 robur,

177 2483 261 2522 quod
282 2482 371 2513 cibus
389 2490 454 2512 non
472 2481 646 2521 impediat:
666 2482 756 2513 cibus
774 2482 861 2513 enim
875 2491 944 2513 cor-

210 2564 241 2587 ¹1
261 2563 327 2594 neq„
346 2568 400 2592 xvi,
421 2563 458 2587 13.
479 2573 509 2579 -
528 2563 538 2578 ²
557 2562 576 2585 ll
596 2561 663 2593 Req..
682 2568 710 2593 u,
726 2564 749 2588 4.
767 2576 793 2581 —
812 2563 821 2578 ⁸
838 2564 857 2588 ll
876 2563 944 2595 Κεφ,

177 2606 203 2629 v.
218 2600 241 2624 3.

297 2652 371 2675 ‘1⁸01-
394 2651 427 2674 V.

1715 143 1769 172 401

1004 197 1119 236 poralis
1144 207 1208 228 non
1232 204 1391 239 repugnat
1409 203 1582 236 fortitudini
1604 206 1769 246 spirituali.

1043 249 1135 290 Resp.
1153 250 1324 283 Dicendum
1342 255 1427 293 quod
1445 255 1478 286 in
1496 257 1557 288 hoc
1575 263 1772 292 sacramento

1003 302 1096 333 datur
1110 304 1228 342 gratia,
1251 307 1281 335 et
1297 307 1402 345 gratia
1421 310 1642 351 corroborans,
1663 316 1694 344 et
1711 314 1771 345 ite-

1004 364 1078 386 rum
1093 357 1291 389 contrahitur
1306 360 1442 391 affinitas
1454 363 1612 402 quaedam.
1627 365 1698 398 Ideo
1712 367 1773 399 ista

1003 409 1063 439 tria
1084 411 1198 440 statuta
1217 417 1450 445 consueverunt
1463 415 1503 446 ab
1522 417 1661 458 antiquis
1675 421 1771 460 patri-

1004 461 1064 491 bus
1086 462 1119 492 in
1141 468 1338 496 sacramento
1367 470 1487 499 servari
1516 472 1669 511 tanquam
1695 482 1770 504 con-

1005 523 1107 552 grua:
1124 518 1160 546 ut
1170 517 1286 557 jejuno
1300 521 1473 559 stomacho,
1489 526 1618 563 propter
1634 526 1772 564 gratiam

1004 567 1139 607 Spiritus
1154 572 1252 601 sancti
1266 573 1514 614 suscipiendam;
1532 579 1567 607 ut
1584 579 1772 610 confirman-

1003 620 1061 652 dus
1084 622 1124 651 ab
1145 622 1207 654 alio
1233 627 1387 665 portetur,
1408 628 1459 659 vel
1480 630 1634 669 teneatur,
1659 632 1714 672 qui
1733 633 1773 664 sit

1003 674 1225 714 confirmatus,
1242 677 1274 707 in
1290 678 1422 717 signum
1437 681 1605 714 debilitatis
1621 686 1651 715 et
1670 685 1770 717 imbe-

1003 726 1156 765 cillitatis;
1175 731 1209 758 ut
1220 729 1259 759 sit
1274 732 1445 763 consimilis
1457 735 1570 773 sexus,'
1580 740 1709 777 propter
1722 748 1773 779 pe-

1002 780 1140 811 riculum
1155 782 1328 814 affinitatis.

1320 879 1387 900 ΗΓΒ.
1413 880 1455 901 VI.

1107 934 1159 956 Nec
1173 933 1249 957 debet
1262 934 1358 966 iterari,
1374 937 1438 961 sieut
1453 945 1500 963 nec
1514 940 1664 971 baptismus.

1043 992 1174 1025 Contra:
1193 994 1322 1027 Videtur
1337 998 1421 1029 enim
1437 1001 1522 1040 quod
1537 1004 1634 1042 possit
1648 1004 1771 1045 iterari,

1002 1046 1077 1086 quia
1093 1048 1224 1079 morbus
1246 1050 1514 1089 pusillanimitatis
1537 1058 1638 1095 potest
1652 1058 1770 1098 iterari,

1002 1100 1110 1128 contra
1126 1108 1221 1138 quem
1236 1103 1302 1131 est:
1323 1111 1402 1142 ergo
1423 1106 1455 1135 et
1476 1111 1721 1141 sacramentum.
1739 1111 1772 1142 Si

1003 1153 1038 1181 tu
1053 1151 1154 1190 dicas,
1171 1154 1255 1192 quod
1271 1163 1336 1185 non
1348 1159 1450 1195 potest
1467 1162 1595 1199 propter
1610 1162 1772 1195 characte-

1002 1212 1082 1242 rem,
1095 1206 1170 1236 tunc
1180 1206 1307 1238 videtur
1316 1209 1401 1248 quod
1414 1211 1575 1244 character
1588 1217 1665 1256 praej
1672 1217 1773 1249 udicet

1003 1258 1114 1288 morbo
1127 1269 1134 1288 ε
1151 1259 1178 1288 si
1194 1269 1273 1299 ergo
1287 1270 1352 1292 non
1368 1265 1414 1293 est
1428 1266 1549 1296 curatio
1563 1268 1666 1299 morbi
1682 1279 1773 1311 prop-

1002 1312 1050 1340 ter
1066 1311 1291 1351 characterem,
1314 1315 1369 1346 sed
1386 1318 1489 1357 magis
1501 1328 1519 1349 e
1533 1329 1697 1362 converso,
1713 1333 1772 1364 pa-

1003 1365 1057 1401 tet,
1075 1367 1133 1395 etc.

1044 1416 1134 1457 Resp.
1152 1418 1324 1451 Dicendum
1340 1423 1423 1461 quod
1440 1423 1519 1455 illud
1537 1432 1771 1463 sacramentum

1002 1479 1066 1501 non
1082 1473 1184 1510 potest
1197 1471 1320 1511 iterari,
1341 1478 1469 1514 propter
1487 1478 1701 1514 characterem
1717 1486 1771 1524 qui

1003 1523 1198 1562 imprimitur
1221 1525 1254 1555 in
1281 1535 1318 1556 eo
1343 1526 1561 1562 indelebiliter.
1588 1533 1656 1565 Non
1679 1534 1771 1569 debet

1002 1576 1097 1606 etiam
1112 1579 1179 1606 tum
1195 1578 1315 1609 ratione
1330 1581 1448 1619 morbi,
1465 1592 1561 1622 quem
1576 1589 1683 1626 curat;
1701 1591 1770 1621 tum

1003 1629 1122 1660 ratione
1139 1630 1280 1669 effeetuS,
1305 1641 1401 1672 quem
1424 1634 1535 1675 donat;
1559 1640 1629 1670 tum
1650 1642 1771 1674 ratione

1002 1682 1064 1720 rei,
1083 1692 1179 1722 quam
1193 1684 1359 1723 allegorice
1373 1687 1492 1726 signat.
1509 1689 1639 1724 Ratione
1657 1696 1769 1735 morbi,

1002 1736 1076 1775 quia
1091 1739 1137 1767 est
1151 1746 1246 1776 poena
1258 1741 1431 1771 contracta:
1448 1742 1518 1773 haec
1531 1746 1651 1785 autem,
1663 1757 1772 1780 secun-

1002 1788 1079 1818 dum
1094 1790 1179 1828 quod
1200 1790 1401 1831 huiusmodi,
1422 1803 1487 1825 non
1505 1795 1653 1837 iteratum
1676 1802 1730 1832 sed
1743 1803 1770 1833 si

1001 1841 1144 1879 iteratur,
1160 1842 1219 1873 hoc
1229 1846 1276 1874 est
1288 1844 1393 1876 solum
1405 1849 1583 1881 secundum
1596 1853 1680 1892 quod
1689 1857 1768 1886 acta.

1002 1893 1132 1925 Ratione
1144 1895 1290 1934 effectus,
1307 1906 1403 1937 quem
1415 1899 1524 1940 donat,
1546 1905 1623 1944 quia
1637 1909 1683 1938 est
1701 1908 1770 1948 ple—

1001 1947 1112 1979 nitudo
1139 1949 1253 1987 gratiae
1278 1950 1317 1980 ad
1345 1951 1458 1991 robur,
1486 1957 1517 1985 et
1543 1957 1618 1996 quia
1644 1959 1772 2001 integer

1001 2002 1144 2040 effectus,
1161 2002 1231 2034 ideo
1253 2005 1362 2035 status.
1387 2005 1519 2040 Ratione
1532 2011 1593 2050 rei,
1611 2022 1707 2053 quam
1721 2017 1771 2048 al-

1001 2054 1139 2094 legorice
1153 2056 1272 2095 signat,
1291 2058 1368 2098 quia
1388 2059 1496 2099 signat
1509 2063 1682 2098 adventum
1698 2068 1769 2110 Spi-

1001 2108 1081 2140 ritus
1095 2109 1195 2140 sancti
1211 2109 1249 2140 de
1263 2111 1342 2142 coelo
1357 2111 1389 2142 in
1408 2116 1565 2154 apostolos
1579 2118 1613 2149 in
1628 2120 1678 2152 die
1692 2122 1771 2154 Pen-

1000 2164 1148 2201 tecostes;
1175 2163 1231 2203 qui
1247 2166 1416 2206 postquam
1437 2169 1582 2210 advenit,
1604 2182 1769 2216 nunquam

1001 2214 1040 2245 ab
1054 2215 1100 2245 eis
1114 2215 1254 2247 discessit
1268 2226 1275 2247 :
1292 2219 1322 2248 et
1336 2219 1380 2250 sic
1393 2223 1477 2260 patet
1492 2222 1581 2256 illud.

1239 2337 1367 2372 ARTIC
1373 2339 1480 2375 ULUS
1509 2343 1533 2375 Ι.

1041 2428 1089 2459 Ad
1103 2428 1345 2468 intelligentiam
1360 2431 1488 2464 illorum
1502 2436 1610 2475 trium,
1623 2447 1696 2479 quae
1708 2441 1771 2473 Ma-

1001 2480 1100 2520 gister
1123 2482 1193 2520 agit
1215 2482 1252 2513 de
1275 2488 1471 2517 sacramento
1500 2489 1767 2534 confirmationis,

1001 2533 1064 2566 tria
1086 2534 1300 2576 principaliter
1322 2541 1524 2578 quaeruntur.
1549 2541 1657 2576 Primo
1680 2556 1771 2586 quae-

1002 2587 1083 2618 ritur
1101 2587 1139 2618 de
1157 2588 1216 2619 1101·
1236 2594 1431 2621 sacramento
1454 2596 1609 2632 quantum
1630 2599 1669 2629 ad
1691 2600 1771 2632 inte-

1614 2652 1652 2681 26
