2017 2948
584 149 681 180 DIST.
706 147 755 178 lV.
781 147 898 178 PART.
922 146 958 177 11.
983 145 1072 176 ART.
1096 145 1120 176 Ι.
1145 145 1292 183 QUAEST.
1318 149 1370 179 111.

180 216 247 248 sive
267 216 379 247 effusio
401 217 584 256 sanguinis,
609 215 724 246 dicitur
746 213 946 254 baptismus:

179 278 257 308 ergo
269 269 360 300 debet
373 270 433 301 dici
447 271 690 301 sacramentum.

218 325 248 353 4.
272 325 367 353 Juxta
387 323 447 354 hoc
472 323 639 363 quaeritur,
665 330 738 352 cum
761 320 865 351 multa
885 321 949 350 sint

180 384 299 415 genera
326 376 568 415 martyriorum,
593 376 720 415 propter
735 373 811 413 quid
827 376 945 412 marty-

178 429 262 459 rium
287 431 419 459 vocatur
440 429 545 467 magis
569 428 745 467 baptismus
768 426 944 464 sanguinis,

178 491 274 521 quam
291 481 384 520 ignis,
401 481 452 511 vel
471 481 600 512 alterius
615 480 771 517 elementi,
788 488 861 509 cum
876 487 944 508 om-

177 535 272 565 nibus
287 535 350 564 sint
366 534 464 564 sancti
479 534 573 574 passi.

219 589 249 617 5.
265 586 302 617 Et
315 587 442 623 iterum,
459 596 532 617 cum
548 586 648 617 multa
662 586 725 616 sint
739 594 858 624 genera
871 585 947 624 bap-

176 640 356 678 tismatum,
375 640 456 670 sicut
472 640 547 670 dicit
568 639 809 674 Damascenus¹,
831 638 946 668 scilicet

176 701 302 730 novem,
318 693 443 723 videtur
456 693 541 732 quod
557 692 707 731 Magister
721 690 946 722 insufficienter

176 747 285 784 tangat
300 747 425 776 tantum
446 745 517 783 tria,
533 745 649 775 scilicet
667 744 861 783 baptismum
878 753 945 783 pce-

175 798 331 835 nitentiae,
352 799 545 838 baptismum
567 797 752 837 sanguinis,
776 799 806 830 et
827 797 943 836 baptis-

175 860 265 881 mum
279 861 372 891 aquae
389 862 396 882 t
412 851 539 883 videtur
553 851 639 881 enim
654 850 738 890 quod
753 851 809 880 aut
826 849 872 879 Ma
878 849 945 888 gis-

174 907 222 935 ter
243 905 418 936 diminutus
442 905 500 943 sit,
524 907 579 936 aut
600 905 810 935 Damascenus
833 911 943 942 super-

173 957 268 988 ssuus.

446 1027 670 1059 CONCLUSIO.

172 1109 326 1142 Baptismus
345 1109 486 1141 sanquinis
509 1116 560 1134 non
580 1110 618 1134 est
641 1108 851 1137 sacramentum,
879 1106 943 1139 quia

207 1152 232 1178 ei
250 1151 373 1185 deficiant
394 1152 482 1177 omnia
502 1159 548 1182 cu,
573 1159 630 1185 quoe
649 1153 710 1177 sunt
735 1150 765 1176 <Ie
786 1151 944 1184 intem-itate

205 1197 377 1222 sacramenti.

212 1274 303 1313 Resp.
320 1274 358 1304 ad
373 1284 443 1313 arg.
466 1274 637 1304 Dicendum
657 1274 741 1313 quod
764 1274 941 1313 baptismus

171 1329 337 1367 sanguinis
355 1338 417 1359 non
433 1331 477 1359 est
493 1330 742 1365 sacramentum,
768 1328 843 1367 quia
864 1327 941 1356 deti-

170 1381 256 1411 ciunt
271 1381 298 1411 ei
319 1381 425 1418 omnia
443 1391 514 1420 quae
540 1383 614 1411 sunt
634 1381 672 1410 <le
695 1381 815 1410 ratione.
837 1389 939 1409 sacra-

169 1435 279 1472 menti,
296 1435 411 1465 scilicet
422 1436 657 1474 repraesentatio
668 1444 708 1464 ex
723 1433 938 1470 similitudine,

169 1487 358 1526 significatio
382 1497 422 1517 ex
441 1488 650 1524 111511111110116,
676 1486 880 1516 sanctificatio
901 1495 941 1515 ex

169 1540 259 1570 verbi
278 1540 450 1580 prolatione
468 1552 474 1570 :
493 1550 629 1580 quornm
647 1539 808 1579 quodlibet
824 1539 938 1575 deficit,

169 1596 204 1624 ut
222 1594 255 1623 in
277 1594 463 1633 opponendo
486 1596 606 1624 tactum
626 1596 688 1631 est,
709 1595 740 1623 61
762 1592 939 1632 inspicienti

168 1648 268 1685 patet,
286 1649 316 1676 et
330 1646 399 1677 ideo
414 1649 647 1677 sacramentum
662 1655 727 1676 nou
742 1648 798 1676 est.

209 1703 237 1730 1.
254 1700 303 1730 Aa
319 1700 396 1730 illud
416 1710 493 1739 ergo
513 1700 596 1739 quod
617 1700 774 1737 objicitur,
795 1698 879 1738 quod
893 1700 940 1728 est

167 1752 333 1782 invisibilis
355 1753 467 1792 gratiae
488 1752 620 1783 visibihs
635 1753 734 1783 torma
745 1777 753 1787 ‚
770 1752 937 1782 dicendum

167 1805 251 1844 quod
273 1806 352 1835 ratio
377 1806 435 1836 ista
457 1808 502 1835 est
527 1806 688 1842 truncata,
712 1806 742 1834 et
765 1804 939 1844 supplenda

167 1860 224 1894 est,
239 1857 316 1887 sicut
328 1857 478 1895 Magister
489 1856 645 1896 supplevit
657 1857 781 1895 supra',
797 1856 840 1886 ita
853 1857 938 1896 quod

167 1909 406 1940 similitudinem
420 1912 526 1948 gerat,
549 1912 579 1939 et
595 1919 687 1939 causa
703 1910 815 1940 existat
832 1921 838 1940 t
856 1919 937 1949 quo-

166 1972 239 1993 rum
255 1966 426 2002 utrumque
440 1963 544 1993 deficit
560 1963 591 1992 in
608 1963 778 2002 proposito.

207 2018 236 2046 2.
256 2015 311 2046 Ad—
327 2016 403 2046 illud
428 2016 512 2056 quod
538 2016 697 2055 objicitur,
724 2017 806 2056 quod
832 2026 936 2048 sacra-

166 2071 274 2099 menta
293 2068 441 2099 dicuntur
464 2068 663 2108 profluxisse,
689 2059 773 2099 dum*
787 2070 938 2108 profluxit

167 2121 299 2160 sanguis
315 2123 344 2151 et
358 2130 451 2161 aqua,
468 2121 635 2151 [licendum
654 2122 738 2161 quod
759 2123 891 2161 sanguis
906 2125 936 2153 et

167 2182 249 2213 aqua
268 2182 331 2203 non
351 2174 572 2212 significabant
594 2177 828 2204 sacramentum
850 2177 934 2214 61115-

167 2226 238 2256 dem
255 2226 392 2265 generis,
409 2227 462 2257 sed
475 2227 599 2257 diversa
615 2239 621 2257 ;
641 2237 715 2257 nam
727 2237 810 2267 aqua
824 2229 934 2268 przesi-

169 2279 288 2318 gnabat
310 2282 541 2310 sacramentum
564 2281 729 2320 baptismi,
755 2283 785 2311 et
802 2283 936 2321 sanguis

167 2335 400 2362 sacramentum
415 2334 625 2371 eucharistiae,
643 2334 694 2363 ubi
710 2344 784 2365 vere
801 2337 847 2365 est
861 2345 934 2366 san—

168 2387 256 2425 guis;
279 2388 309 2416 et
330 2386 398 2416 idco
419 2396 483 2416 non
497 2389 632 2425 oportet,
659 2388 742 2427 quod
759 2398 871 2419 verum
885 2399 933 2419 sa-

166 2441 363 2470 cramentum
384 2439 529 2479 baptismi
549 2440 588 2469 sit
612 2441 644 2470 111
666 2442 839 2480 sanguine,
861 2443 935 2481 quia

168 2492 319 2523 Dominus
344 2501 410 2522 non
434 2492 567 2522 instituit
589 2492 622 2522 in
646 2494 803 2532 sanguine
828 2505 932 2525 sacra-

199 2573 344 2603 ¹Damasc.‚
359 2572 389 2596 de
403 2572 451 2603 fide
467 2571 575 2601 orthod„
588 2572 631 2596 lib.
646 2573 687 2602 iv,
702 2580 724 2597 c.
739 2580 765 2597 ν.
778 2587 804 2591 -
819 2575 829 2590 ²
840 2575 901 2599 Dist.
916 2581 934 2599 1.

166 2621 196 2626 ·—
209 2608 219 2625 ³
229 2608 328 2639 Mutila„
343 2613 413 2637 XXVI,
428 2609 466 2632 28.
479 2621 504 2625 —-
522 2608 531 2624 ⁸
546 2608 613 2637 Luc„
626 2613 672 2638 ΧΠ,
686 2610 767 2632 511-
777 2610 786 2626 ⁵
796 2610 859 2640 Acl.,
879 2617 897 2640 Ι,
909 2613 931 2635 5,

1720 152 1777 180 349

1003 215 1148 244 mentum
1170 215 1389 254 purgationis,
1415 216 1469 247 sed
1490 216 1654 247 cibationis
1672 218 1704 247 et
1725 225 1774 247 re—

1003 266 1154 303 fectionis,
1167 267 1262 306 Juxta
1275 267 1371 298 illud³
1386 279 1394 299 :
1412 268 1473 300 Hic
1487 272 1533 301 est
1544 270 1628 301 enim
1642 271 1777 310 sanquis

1003 327 1102 355 meus,
1119 321 1176 350 etc.

1043 375 1072 403 3.
1089 372 1136 402 Ad
1150 372 1225 403 illud
1240 374 1324 413 quod
1338 374 1497 414 objicitur,
1513 375 1597 415 quod
1612 376 1777 416 participat

1002 434 1119 455 nomen
1135 426 1264 465 speciei,
1289 429 1361 464 616,
1378 427 1546 458 dicendum
1561 428 1644 467 quod
1662 438 1775 460 verum

1003 481 1048 508 est
1062 478 1235 509 secundum
1252 479 1334 519 quod
1352 480 1528 520 baptismus
1543 480 1688 510 nominat
1701 491 1771 521 spe-

1002 533 1082 562 ciem
1098 534 1285 563 sacramenti
1302 543 1310 564 z
1327 536 1358 564 et
1372 535 1432 565 1106
1449 535 1577 574 quidem
1594 535 1681 572 facit,
1697 536 1775 566 dum

1001 586 1153 625 accipitur
1175 596 1232 626 pro
1254 588 1348 625 signo
1370 588 1497 618 visibili.
1519 588 1579 618 Sed
1600 588 1775 628 baptismus

1001 647 1066 668 non
1092 640 1215 669 tantum
1243 640 1360 671 dicitur
1387 641 1508 671 ablutio
1535 641 1689 680 exterior,
1721 641 1774 672 sed

1001 692 1095 722 etiam
1119 693 1295 731 purificatio
1318 693 1448 724 interior
1469 705 1475 724 :
1498 696 1529 724 et
1551 693 1620 724 haec
1643 703 1707 725 non
1729 696 1775 725 est

1000 745 1120 784 species
1141 747 1345 785 sacramenti,
1373 747 1524 786 quoniam
1550 747 1619 778 haec
1643 750 1689 778 est
1710 757 1774 778 non

1000 799 1124 829 tantum
1139 799 1173 829 in
1189 799 1347 838 baptismo
1362 800 1519 838 fluminis,
1538 800 1590 830 seii
1606 800 1700 830 etlam
1716 800 1775 831 ssa-

1000 851 1095 881 minis
1110 854 1140 882 et
1153 852 1320 890 sanguinis
1336 863 1342 882 :
1361 853 1456 890 unde,
1473 853 1547 892 qiua
1562 855 1696 892 uterque
1711 863 1770 893 pu-

1000 905 1117 941 rificat,
1134 904 1204 935 ideo
1219 914 1283 934 non
1300 905 1436 935 absurde
1452 908 1584 945 uterque
1600 906 1774 945 baptIsmus

1000 958 1116 988 dicitur
1133 969 1139 988 z
1157 960 1187 988 et
1201 958 1262 988 hoc
1279 958 1464 988 auctoritate
1482 967 1580 989 sacrae
1600 958 1772 999 Scripturae

999 1011 1163 1050 probatur.
1186 1010 1265 1041 Nam
1287 1010 1325 1041 de
1348 1010 1504 1049 baptismo
1527 1012 1672 1051 martyrii
1695 1013 1772 1043 dici-

998 1064 1072 1094 1111ὦ
1090 1075 1095 1094 :
1114 1065 1279 1103 Baptz'smo
1297 1064 1392 1095 habeo
1410 1064 1585 1103 baptizari,
1602 1067 1673 1103 etc.;
1691 1067 1721 1096 et
1736 1066 1773 1097 de

998 1117 1156 1157 baptismo
1186 1117 1323 1147 flaminis
1352 1117 1491 1148 liabetur
1513 1119 1522 1135 ⁵
1547 1128 1554 1148 t
1583 1118 1643 1150 Vos
1671 1122 1775 1151 autem

999 1170 1249 1209 baptizabimini
1263 1170 1388 1209 Spiritu
1398 1174 1518 1205 sancio,
1536 1179 1600 1203 non
1612 1176 1682 1211 post
1695 1175 1774 1204 mul-

999 1228 1045 1256 tos
1060 1225 1115 1255 hos
1130 1225 1211 1255 dies.

1039 1279 1067 1307 4.
1085 1277 1130 1307 Aa
1148 1277 1226 1307 illud
1242 1277 1323 1316 quod
1347 1277 1515 1316 quaeritur,
1535 1287 1632 1317 quare
1652 1281 1773 1318 marty-

997 1330 1081 1360 rium
1099 1330 1214 1359 dicitur
1229 1330 1290 1369 bap
1307 1330 1406 1360 ismus
1422 1331 1604 1369 sanguiniS,
1624 1333 1695 1369 etc„
1713 1333 1772 1363 (1161

997 1387 1109 1425 potest,
1124 1385 1207 1424 quod
1223 1385 1256 1414 in
1268 1385 1420 1424 martyriO
1434 1386 1562 1424 ponitur
1575 1386 1639 1416 vita
1655 1388 1768 1426 carnis,

997 1441 1027 1468 et
1043 1438 1107 1468 vita
1123 1439 1176 1468 illa
1192 1438 1223 1468 111
1240 1438 1397 1476 sanguine
1412 1440 1472 1473 est',
1491 1439 1666 1469 secundum
1685 1441 1769 1480 quod

997 1491 1112 1521 dicitur
1133 1491 1164 1521 in
1188 1491 1259 1530 lege
1283 1491 1397 1530 Moysi,
1423 1491 1472 1521 vel
1496 1492 1665 1522 «licendum
1687 1494 1771 1532 quod

996 1544 1055 1574 1106
1080 1544 1204 1580 dicitur,
1231 1544 1304 1583 quia
1326 1553 1420 1574 omne
1444 1554 1547 1583 genus
1563 1546 1709 1585 martyrii
1730 1546 1770 1576 ihi

996 1597 1090 1627 habet
1105 1598 1200 1627 finem
1219 1608 1225 1627 z
1242 1607 1317 1627 nam
1329 1598 1368 1627 al)
1384 1597 1533 1628 omnibus
1547 1598 1617 1628 aliis
1632 1598 1770 1638 legimus

996 1653 1120 1680 sanctos
1142 1651 1302 1681 interilum
1324 1650 1486 1689 liberatos,
1513 1654 1725 1692 praeterquam
1752 1662 1770 1683 a

996 1713 1089 1743 poena
1105 1703 1213 1742 gladii.
1229 1702 1261 1733 Si
1276 1705 1437 1743 quaeratur
1449 1703 1529 1734 ratio
1539 1704 1647 1743 hujus,
1667 1707 1767 1744 potest

996 1756 1072 1794 [li-21,
1092 1757 1176 1796 quod
1199 1756 1258 1786 1106
1273 1766 1375 1795 genus
1395 1766 1497 1796 poenze
1517 1759 1563 1787 est
1578 1766 1597 1786 a
1612 1757 1695 1788 mala
1710 1767 1767 1789 vo-

994 1809 1115 1839 luntate
1132 1810 1270 1839 hominis
1286 1810 1483 1847 immediatc3
1505 1810 1557 1840 sed
1571 1810 1633 1840 alia
1648 1819 1767 1849 genera

994 1871 1162 1901 poenarum
1174 1865 1247 1892 sunt
1261 1872 1279 1892 a
1292 1863 1444 1892 creaturis
1457 1863 1663 1901 operantibus
1674 1866 1766 1894 natu·

994 1915 1119 1945 raliter:
1134 1918 1164 1946 et
1178 1916 1327 1955 quoniam
1343 1918 1464 1956 martyr
1479 1916 1540 1947 Deo
1555 1917 1764 1957 obtemperat,

994 1977 1174 2007 congruum
1189 1971 1235 1999 est
1254 1970 1289 1999 ut
1305 1969 1344 2006 ei,
1362 1968 1400 1999 ad
1417 1969 1699 2001 manifestationem
1716 1971 1765 2001 di-

994 2021 1077 2051 vinae
1092 2021 1256 2059 bonitatis,
1275 2023 1305 2051 et
1320 2022 1353 2051 in
1368 2022 1587 2052 testimonium
1610 2032 1678 2053 suae
1700 2023 1766 2054 vir-

996 2075 1082 2112 tutis,
1102 2075 1320 2114 obtemperent
1336 2077 1451 2105 caetera
1465 2077 1627 2115 operantia
1642 2087 1697 2116 per
1711 2087 1766 2108 na-

994 2129 1113 2158 turam.
1141 2127 1221 2158 Mala
1245 2130 1351 2158 autem
1373 2128 1520 2159 voluntas
1540 2131 1649 2159 contra
1670 2129 1767 2161 Deum

993 2181 1118 2219 nititur,
1133 2183 1162 2211 et
1178 2181 1310 2212 Domino
1323 2182 1466 2212 resistere
1478 2182 1557 2220 vult,
1572 2184 1603 2212 et
1618 2184 1700 2222 justo
1715 2183 1767 2214 Dei

988 2234 1109 2273 ,iudicio
1123 2234 1237 2265 sinitur
1252 2234 1333 2265 male
1347 2244 1444 2273 agere
1459 2244 1532 2265 cum
1546 2235 1614 2266 vult
1629 2247 1635 2265 :
1652 2238 1681 2266 et
1695 2236 1765 2267 ideo

992 2296 1050 2317 1166
1071 2289 1117 2317 651
1139 2296 1336 2326 congruum,
1359 2290 1395 2317 ut
1419 2288 1551 2328 martyri
1566 2289 1763 2328 subJIciatiir,

992 2349 1051 2369 nec
1070 2340 1153 2379 quod
1175 2341 1315 2370 carnifex
1331 2341 1447 2371 amalo
1469 2342 1682 2380 prohibeatur.
1706 2341 1761 2372 Vel

992 2392 1061 2423 ideo
1074 2393 1154 2423 Deus
1168 2395 1298 2423 caeteros
1310 2396 1466 2433 martyres
1481 2394 1556 2424 huic
1571 2403 1672 2434 poenae
1687 2395 1761 2424 sub-

988 2447 1093 2484 J‘acerc
1120 2446 1288 2485 disposuit,
1317 2448 1353 2476 ut
1380 2446 1486 2476 nuilus
1513 2447 1635 2477 evadat.
1664 2446 1765 2485 Magis

991 2499 1077 2528 enim
1096 2500 1291 2538 congruebat
1303 2499 1340 2529 de
1355 2500 1424 2537 hac,
1441 2509 1536 2538 quam
1553 2500 1590 2530 de
1601 2500 1672 2538 alia,
1690 2501 1764 2539 quia

991 2552 1030 2582 ab
1044 2552 1104 2583 hac
1119 2553 1323 2592 unigenitum
1345 2562 1411 2583 non
1431 2553 1547 2592 eripuit
1563 2563 1570 2583 :
1587 2553 1662 2593 quid
1685 2562 1763 2592 ergo

991 2606 1110 2636 mirum
1125 2607 1171 2637 651
1182 2606 1207 2636 si
1222 2606 1300 2637 alios
1311 2614 1374 2636 non
1388 2606 1490 2645 eripit,
1502 2615 1543 2636 116
1557 2606 1636 2638 forte
1648 2615 1761 2638 servus

1798 1720 1880 1742 Solutio

1794 1752 1881 1778 perpul-

1783 1782 1835 1802 chra
1854 1782 1891 1802 du-

1783 1812 1891 1833 hilarionis
