2017 2948
234 111 292 142 598

234 176 294 206 erit
315 174 489 206 secundum
510 173 718 213 quantitatem
734 172 852 212 culpae,
869 172 948 201 sicut
972 173 1003 201 et

235 228 321 267 ignis
338 239 344 258 :
361 236 438 266 ergo
456 226 482 256 si
506 235 570 257 non
589 226 671 257 valet
686 226 724 257 ad
740 226 867 263 ignem,
892 232 949 253 nec
964 223 1003 252 ad

158 302 191 315 wo
212 310 217 315 .
235 290 388 312 vermem.
413 280 485 311 ldeo
508 280 600 311 tertio
620 280 714 310 modo
733 278 902 309 dicendum
917 277 1002 316 quod

119 1113 216 1133 Rationes

130 1180 206 1199 drittun·

116 1212 185 1231 sarcre
194 1210 219 1230 ad

115 1271 220 1298 opinionis

117 1303 220 1322 (1141111310-

120 1812 209 1835 Quomo-

134 1874 209 1899 pientia

119 1904 159 1924 nint
173 1911 223 1930 pra:-

120 1935 190 1956 missa.

234 334 341 365 valent
369 334 407 364 ad
436 333 678 364 tolerabiliorem
709 331 943 362 damnationem
963 338 1003 360 ex

235 387 453 427 consequenti,
469 387 545 426 quia
560 386 736 425 impediunt
751 385 876 424 culpam
888 384 1002 413 saetam

234 441 423 480 aggravari,
441 442 471 470 et
487 441 582 471 ctiam
604 439 772 470 retrahunt
795 437 960 468 hominem
986 446 1004 466 a

234 493 351 533 peccati
366 493 558 532 frequentia,
577 494 605 521 et
622 491 661 521 ab
678 491 851 521 intentione
866 490 1004 520 libidinis

235 548 265 577 et
287 547 509 585 contemptus:
535 545 609 584 quia
632 553 695 574 non
712 553 752 574 ex
766 545 855 574 tanta
877 543 1005 573 libidine

234 601 355 639 peccat,
370 599 425 638 qui
441 598 610 638 aliquando
624 607 720 637 opera
730 597 812 627 bona
823 596 894 626 facit
904 619 912 633 ,
925 596 1006 626 sicut

234 652 289 692 qui
308 651 360 681 Dei
382 651 593 688 obliviscitum
619 653 647 681 et
677 650 716 680 ad
744 659 902 686 vermem,
929 649 1006 689 quia

235 705 340 734 minus
362 703 570 741 cruciabitur,
587 706 617 733 et
632 703 788 733 minorem
811 702 939 732 habebit
955 710 1006 731 re-

234 766 394 795 morsum,
411 765 508 796 quam
533 757 559 787 si
586 765 681 795 opera
706 756 759 786 illa
783 764 847 786 non
868 755 1004 792 fecisset,

794 103 1101 137 SEN'WNTIARUM
1126 103 1198 134 LIB.
1223 103 1272 133 lv.

1061 179 1124 201 non
1147 169 1184 200 de
1208 169 1260 200 illa
1281 169 1373 209 culpa
1394 177 1491 209 quam
1515 168 1688 204 commisit,
1713 168 1767 199 sed
1791 167 1829 198 de

1062 223 1151 253 malis
1161 231 1233 262 quae
1246 223 1465 260 commisisset,
1479 224 1509 252 et
1519 222 1557 252 de
1571 222 1661 252 bonis
1672 229 1744 261 quae
1754 221 1831 252 omi-

1061 277 1166 314 sisset,
1184 277 1210 306 si
1236 276 1288 306 illa
1303 286 1398 316 opera
1413 276 1495 305 bona
1512 284 1576 305 non
1592 274 1722 305 fecisset.
1739 273 1775 305 Et
1789 274 1832 305 ita

1061 330 1302 368 intelligendum
1322 331 1367 359 est
1383 329 1420 359 de
1434 337 1471 358 eo
1486 328 1541 368 qui
1561 327 1667 358 statim
1683 327 1830 363 moritur,

1060 383 1146 413 etde
1171 392 1208 413 eo
1236 383 1291 422 qui
1312 382 1416 420 magis
1440 381 1591 417 moritur,
1618 389 1714 420 quam
1738 381 1834 418 neget

1061 435 1236 472 Christum3
1252 438 1283 465 et
1305 435 1342 466 de
1356 434 1585 465 consimilibus.
1604 433 1659 463 llis
1675 432 1764 470 visis,
1781 440 1833 472 pa-

1062 490 1105 519 tet
1121 488 1282 527 responsio
1297 488 1335 518 ad
1354 490 1524 527 utramque
1538 488 1660 526 partein
1675 495 1683 515 :
1699 485 1835 516 rationes

1061 542 1099 572 ad
1112 542 1247 581 primam
1261 543 1382 581 partem
1393 540 1570 581 procedunt
1585 539 1622 570 de
1635 547 1729 579 poena
1738 547 1834 579 quam

1062 596 1165 634 posset
1187 594 1367 631 incurrere,
1389 594 1414 623 si
1438 593 1492 623 illa
1517 601 1613 632 opera
1634 591 1832 631 negligeret;

1062 648 1198 678 rationes
1222 656 1298 678 vero
1320 647 1358 678 ad
1383 647 1567 687 oppositum
1596 644 1771 685 procedunt
1796 644 1835 675 de

1062 710 1155 741 poena
1170 710 1241 740 quae
1260 700 1391 731 debetur
1415 699 1516 740 culpae
1529 701 1598 739 ¹iam
1612 699 1701 730 factae
1719 709 1726 728 z
1745 699 1776 729 et
1791 697 1835 728 sic

1063 757 1148 794 patet
1163 757 1266 785 totum
1282 755 1364 784 circa
1376 754 1446 784 hoc.

941 878 1052 914 PARS
1083 879 1124 914 ΙΙ.

235 972 332 993 ELIDIT
353 971 493 992 ERROREM
514 970 615 992 EORUM
637 970 686 996 QUI
709 970 817 991 DICUNT
839 969 918 994 QUOD
937 968 1125 990 I'OENITENI'IA
1148 968 1258 990 POTEST
1279 969 1357 990 FIERI
1377 969 1414 990 DE
1432 968 1493 990 UNO
1515 966 1644 988 PECCATO
1663 967 1729 988 SINE
1748 966 1834 996 ALIO,

309 1019 499 1042 RESPONDENS
510 1019 687 1041 RATIONIBUS
699 1018 823 1040 SUMPTIS
835 1018 873 1039 Ex
885 1017 1141 1039 AI'C'I'ORITATIBL'S
1152 1018 1333 1040 SANCTORUM
1344 1018 1381 1038 ΕΤ
1391 1018 1615 1041 CONSUETUDINE
1625 1015 1776 1037 ECCLESIAE·

285 1100 377 1132 Alias
394 1110 527 1143 quoquc
554 1099 760 1131 auctoritates
782 1098 955 1130 inducunt.
978 1098 1033 1130 Ait
1052 1098 1138 1130 enim
1159 1098 1358 1141 Gregorius-¹
1378 1111 1384 1130 :
1403 1112 1418 1129 «
1436 1099 1527 1131 Pluit
1555 1099 1714 1132 Dominus
1737 1110 1835 1143 super

151 1156 155 1167 ‘
191 1155 218 1167 '¹'
241 1169 341 1190 unam
356 1157 519 1190 civitatem
535 1182 542 1197 ,
559 1161 589 1189 ct
604 1168 701 1200 super
717 1155 852 1188 alteram
873 1166 939 1188 non
961 1155 1045 1199 pluit
1060 1168 1068 1195 ;
1085 1159 1116 1187 ct
1131 1155 1276 1187 eamdem
1292 1156 1456 1188 civitatem
1478 1167 1517 1189 ex
1540 1161 1629 1201 parte
1650 1156 1831 1201 compluit,

170 1247 192 1259 m.
240 1220 271 1248 et
286 1227 325 1248 ex
340 1218 429 1259 parte
453 1213 578 1246 aridam
602 1214 772 1258 relinquit.
789 1213 871 1246 Cum
898 1213 954 1245 ille
973 1213 1031 1256 qui
1057 1212 1244 1256 proximum
1261 1213 1348 1255 odit,
1367 1214 1407 1245 ab
1423 1214 1496 1246 aliis
1510 1214 1598 1247 vitiis
1619 1226 1651 1246 se
1675 1214 1829 1257 corrigit,

241 1285 306 1306 una
320 1273 498 1316 eademque
513 1272 628 1305 civitas
643 1283 681 1304 ex
697 1275 786 1316 parte
797 1270 1009 1315 compluitur,
1026 1275 1057 1302 et
1070 1281 1109 1302 ex
1126 1274 1216 1314 parte
1232 1270 1323 1303 arida
1339 1275 1501 1312 remanet;
1514 1272 1592 1316 quia
1607 1275 1685 1304 sunt
1698 1272 1834 1316 quidam

241 1331 299 1375 qui
327 1341 401 1363 cum
430 1329 580 1374 qnaedam
607 1330 687 1362 vitia
715 1333 877 1368 resecent,
906 1329 940 1361 in
964 1328 1035 1361 aliis
1057 1328 1201 1371 graviter
1223 1328 1413 1372 perdurant.
1442 1342 1457 1360 1)
1479 1330 1560 1362 Item
1590 1329 1805 1363 Ambrosius·
1823 1343 1830 1362 :

245 1388 387 1420 «Prima
401 1387 579 1420 consolatio
595 1390 659 1428 est,
677 1387 755 1431 quia
770 1398 835 1419 non
856 1386 1061 1419 obliviscitur
1076 1386 1222 1418 misereri
1244 1386 1341 1419 Deus
1365 1386 1515 1420 Secunda
1537 1398 1593 1431 per
1610 1387 1831 1432 punitionem,

242 1446 300 1479 nbi
315 1446 373 1479 etsi
387 1445 466 1478 [ides
480 1445 562 1477 desit
577 1471 584 1486 ,
601 1455 699 1489 poena
718 1444 873 1478 satisfacit
888 1448 919 1476 et
941 1444 1075 1476 relevat.
1099 1456 1114 1474 »
1138 1444 1277 1476 Ratione
1298 1456 1431 1488 quoque
1457 1449 1598 1478 utuntur
1613 1445 1755 1478 dicentes
1772 1458 1779 1478 :
1797 1445 1833 1478 Si

242 1504 316 1547 quis
330 1514 436 1535 unum
455 1506 620 1546 peccatum
642 1501 817 1534 confitetur
842 1501 943 1534 altero
969 1501 1089 1543 tacito,
1111 1506 1142 1534 et
1165 1502 1416 1534 satisfactionem
1432 1514 1450 1535 a
1465 1503 1628 1536 sacerdote
1651 1503 1833 1547 injunctam

243 1560 439 1605 expleverit,
455 1559 618 1603 numquid
634 1559 691 1591 etsi
713 1563 879 1602 peccatum
902 1559 1034 1591 tacitum
1055 1570 1230 1591 conversus
1255 1559 1354 1591 fuerit
1372 1560 1538 1592 coufessus
1551 1587 1558 1601 ‚
1575 1572 1634 1605 pro
1649 1564 1789 1605 utroque
1803 1561 1833 1594 ei

243 1617 654 1666 poenitentia-imponetur?
669 1618 775 1658 Longe
791 1616 851 1648 hoc
866 1616 996 1649 videtur
1008 1628 1026 1648 a
1043 1616 1166 1648 ratione
1181 1642 1188 1657 ,
1205 1620 1237 1649 et
1250 1617 1400 1650 Ecclesiae
1413 1618 1649 1651 consuetudine
1664 1644 1672 1659 ‚
1688 1629 1761 1662 qua>
1774 1629 1832 1663 pro

246 1675 358 1708 eodem
374 1678 515 1718 peccato,
530 1673 591 1706 nisi
606 1673 789 1715 reiteretur,
800 1673 885 1706 nulli
901 1674 950 1706 bis
963 1674 1188 1718 poenitentiam
1204 1675 1354 1718 imponit.
1365 1674 1441 1707 Fuit
1457 1686 1533 1719 ergo
1550 1676 1606 1708 illa
1622 1676 1742 1720 peccati
1757 1687 1832 1709 con-

243 1733 343 1776 digna
357 1731 531 1764 satisfactio
544 1757 551 1772 ‚
571 1730 658 1763 uncle
672 1735 703 1762 ct
718 1735 884 1774 peccatum
907 1730 1051 1764 deletum
1067 1731 1208 1764 videtur.

258 1830 264 1834 ·
282 1790 341 1822 His
361 1788 548 1833 responderi
572 1792 675 1832 potest
697 1788 741 1820 sic
755 1791 775 1820 ⁸.
799 1788 915 1821 «Illud
932 1789 1098 1832 Gregorii,
1121 1790 1210 1823 Plau
1235 1790 1396 1822 Dominus
1410 1816 1418 1829 ,
1442 1794 1515 1826 etc..
1540 1802 1607 1824 non
1627 1791 1666 1824 ad
1685 1791 1832 1825 criminis

171 1844 224 1862 m·
243 1847 390 1888 veniam,
406 1846 460 1879 sed
476 1846 515 1878 ad
531 1846 636 1890 operis
650 1846 743 1890 pravi
759 1846 974 1879 desertionem
998 1847 1206 1880 referendum
1229 1851 1276 1880 est
1292 1860 1299 1879 ε
1318 1852 1354 1880 ut
1374 1847 1447 1881 ideo
1463 1859 1536 1892 pars
1554 1848 1693 1882 civitatis
1707 1849 1834 1883 dicatur

243 1904 408 1949 complui,
426 1904 504 1948 quia
523 1903 564 1936 ab
587 1907 659 1936 actu
683 1907 714 1936 et
737 1903 948 1937 delectatione
972 1904 1113 1949 peccati,
1129 1905 1183 1937 cui
1203 1909 1278 1938 ante
1300 1905 1482 1947 serviebat,
1504 1906 1600 1939 modo
1621 1911 1741 1949 cessat,
1766 1918 1833 1941 non

243 1962 332 2006 quod
347 1962 416 2005 ejus
431 1961 560 1995 veniam
577 1960 704 1993 habeat.
722 1961 932 2006 Vocaturque
948 1962 1062 2006 pluvia
1076 1962 1134 1994 illa
1149 1962 1223 1995 talis
1237 1963 1450 2004 continentia,
1467 1975 1532 2008 qua
1547 1964 1587 1996 ab
1602 1975 1699 2008 opere
1713 1965 1833 2009 peccati

226 2054 231 2058 ,
244 2024 429 2060 revocatur,
442 2019 519 2063 quia
530 2029 569 2050 ex
578 2019 666 2051 fonte
675 2019 788 2062 gratiae
797 2019 855 2051 Dei
871 2019 903 2052 id
914 2019 1003 2052 cordi
1015 2020 1208 2062 instillatur,
1220 2024 1256 2052 ut
1267 2021 1318 2052 vel
1330 2020 1374 2052 sic
1386 2020 1543 2064 paulatim
1556 2021 1596 2054 ad
1607 2021 1831 2066 poenitentiam

244 2078 353 2111 veniat
366 2102 375 2118 ,
390 2077 443 2109 vel
458 2088 495 2109 eo
510 2076 618 2110 minus
631 2088 649 2108 a
664 2076 729 2108 Deo
745 2077 903 2121 puniatur
918 2103 926 2118 ,
942 2078 1000 2120 qui
1016 2077 1217 2110 diuturniori
1232 2078 1444 2111 delectatione
1460 2082 1489 2111 et
1506 2082 1579 2111 actu
1592 2079 1713 2123 peccati
1727 2080 1833 2124 majus

244 2134 304 2168 sibi
318 2134 552 2167 accumulasset
570 2137 782 2167 tormentum.
808 2135 844 2167 Si
860 2146 937 2168 vero
952 2135 991 2168 ad
1008 2135 1249 2179 indulgentiam
1274 2140 1383 2168 reatus
1402 2136 1516 2180 pluvia
1534 2137 1711 2179 referatur,
1735 2149 1834 2171 evan-

244 2193 355 2236 gelicae
370 2191 536 2224 sententiae
548 2194 558 2210 ⁶
568 2192 727 2224 contraire
738 2192 916 2225 videbitur.
935 2193 970 2224 Si
986 2193 1072 2225 enim
1089 2197 1222 2237 propter
1235 2193 1504 2235 misericordiam,
1515 2205 1580 2238 qua
1593 2194 1668 2238 quis
1682 2195 1832 2239 proximo

243 2261 302 2284 suo
322 2261 388 2283 non
408 2250 591 2290 miseretur,
609 2249 705 2281 etiam
727 2261 801 2293 quae
824 2250 957 2283 dimissa
979 2255 1056 2283 sunt
1070 2251 1270 2294 replicantur
1289 2251 1329 2284 ad
1352 2262 1500 2295 posnam,
1520 2252 1624 2284 multo
1639 2252 1742 2296 inagis
1756 2263 1831 2297 quae

244 2308 391 2341 nondum
416 2311 492 2340 sunt
517 2307 648 2339 dimissa
673 2311 803 2351 propter
825 2308 937 2341 odium
962 2308 1141 2341 fraternum
1161 2309 1199 2341 ad
1220 2320 1351 2353 poenam
1367 2309 1526 2342 reservari
1541 2309 1732 2353 probantur.
1750 2310 1789 2342 Et
1803 2310 1830 2343 si

245 2379 261 2397 «
278 2366 334 2398 ille
348 2365 405 2410 qui
421 2365 541 2397 arbiter
556 2376 621 2397 suae
637 2365 817 2397 voluntatis
831 2366 1026 2399 constitutus
1038 2371 1083 2399 est
1098 2392 1105 2407 ,
1132 2377 1197 2398 non
1223 2370 1327 2410 potest
1351 2367 1502 2400 inchoare
1523 2378 1642 2400 novam
1657 2367 1776 2409 vitam,
1793 2371 1830 2400 ut

243 2424 290 2456 ait
303 2423 511 2465 Augustinus
527 2425 550 2463 5,
568 2422 630 2455 nisi
645 2423 799 2466 poeniteat
814 2434 889 2455 cum
906 2424 1022 2456 veteris
1036 2423 1113 2456 vitae
1129 2450 1137 2465 ,
1157 2424 1349 2468 »quomodo
1365 2424 1406 2456 ad
1421 2424 1598 2457 novitatem
1615 2424 1827 2468 indulgentiae

278 2504 283 2519 ¹
294 2504 379 2533 Greg.‚
393 2504 418 2526 in
428 2503 604 2533 [implumem.
618 2509 642 2533 x,
654 2505 677 2526 ot
687 2503 803 2533 babetur,
812 2503 841 2526 {le
851 2504 950 2530 Poenst..
964 2504 1020 2528 dist.
1031 2509 1069 2534 111,
1079 2511 1101 2528 c.
1112 2504 1238 2527 pluth—⁹
1247 2504 1342 2529 Anibr..
1356 2511 1431 2534 super
1444 2504 1484 2527 Ps.
1496 2510 1670 2534 (2xv111,serm.
1680 2509 1753 2533 xvii«,
1764 2510 1790 2528 n.
1804 2507 1827 2534 2,

244 2538 327 2569 quoad
342 2545 454 2569 sensum,
467 2540 492 2562 et
506 2538 621 2567 hahetur,
636 2538 665 2561 de
678 2539 776 2569 PoeaeziL,
788 2538 844 2563 dist.
859 2545 899 2568 111,
911 2548 933 2563 c.
949 2540 1034 2563 Prima
1043 2539 1218 2563 consolatio.-
1229 2540 1239 2556 ³
1251 2540 1287 2563 De
1299 2540 1397 2567 Pamin,
1411 2539 1468 2563 dist.
1479 2545 1517 2570 111,
1529 2546 1551 2563 c.
1565 2540 1663 2569 Quoerat
1673 2539 1712 2563 hic
1722 2539 1826 2571 aliquis,

243 2574 257 2604 g
271 2573 339 2597 Illud
352 2574 427 2597 etiam
448 2573 577 2605 Greqorz‘z',
593 2580 670 2605 usque
686 2574 771 2599 finem.
782 2587 811 2593 ·—-
822 2574 831 2591 δ
843 2574 945 2605 Manli„
959 2580 1033 2604 xviii,
1049 2576 1120 2599 35.—
1135 2575 1145 2591 ὅ
1162 2576 1229 2599 tuter
1238 2574 1326 2600 homil.
1344 2580 1371 2605 L,
1388 2574 1458 2599 bom.
1475 2580 1498 2605 L,
1514 2576 1545 2598 at.
1562 2576 1642 2599 serm.
1659 2579 1741 2604 eccm,
1759 2581 1785 2599 11.
1801 2576 1824 2599 2.
