2017 2948
106 464 207 486 Fundani.

225 178 281 206 ¹18

469 291 640 330 QUAESTI
650 291 672 321 0
697 291 750 322 lV.

331 373 376 400 An
390 373 474 408 ipsius
489 373 552 400 doni
562 373 668 400 consilii
683 373 717 399 sit
730 372 869 399 consiliari
884 372 903 397 ¹.

263 453 306 484 De
329 454 400 484 actu
424 453 571 493 proprio,
597 454 627 482 et
649 452 770 491 objecto
797 451 895 491 ipsius
917 450 992 480 doni

223 506 343 537 consilii
361 507 399 545 la)
412 530 420 544 ‚
439 515 479 536 an
501 508 588 536 aetus
608 505 706 544 ipsius
726 504 799 534 doni
819 503 939 533 consilii
955 503 995 533 sit

223 559 381 590 consiliari
400 559 449 598 (b);
463 561 496 591 et
510 558 594 598 quod
607 558 660 595 sic,
679 558 803 588 videtur
819 556 923 596 primo
938 564 995 595 per

224 612 374 652 sapientis
398 611 669 647 exhortationem,
695 619 758 649 qua
784 610 817 648 (c)
847 609 993 639 hortatur

224 673 282 695 nos
297 665 406 695 omnia
427 665 526 694 facere
541 672 613 693 cum
637 662 766 692 consilio
782 672 788 692 :
810 662 870 692 hoe
885 664 992 691 aulem

224 719 259 748 fit
280 717 472 748 consiliando
496 717 533 746 de
557 716 624 754 his,
649 724 721 755 quae
748 715 890 745 facimus.
915 714 994 745 (lum

224 771 323 809 igitur
337 771 479 800 hortetur
496 769 651 799 adactum
666 769 739 799 doni
759 768 891 805 consilii,
907 768 994 798 vide·

224 826 277 854 tur
289 823 373 862 quod
387 825 474 853 actus
488 822 572 853 illius
583 822 658 853 doni
673 822 711 852 sit
723 821 879 852 consiliari
897 821 950 860 (cl).

265 876 342 906 Item
356 876 417 906 hoe
432 876 536 915 ipsum
555 875 732 906 ostenditur
746 884 801 914 per
820 874 913 905 Tullii
935 874 994 905 dif-

224 930 401 960 finitionem
432 929 463 959 in
491 929 594 968 prima
623 928 809 965 Rhetorica,
838 927 992 958 dicentis:

229 982 428 1012 «Consilium
454 984 500 1011 est
526 981 644 1021 aliquid
672 981 824 1018 faciendi,
854 980 903 1011 vel
930 989 994 1010 non

226 1035 367 1072 faciendi,
382 1044 456 1066 vere
467 1035 645 1074 excogitata
658 1035 774 1064 ratio.»
791 1034 851 1064 Sed
865 1034 922 1064 ista
937 1043 993 1064 ex-

225 1088 374 1127 cogitatio
393 1087 431 1117 (16
453 1088 610 1125 faciendo,
630 1087 679 1117 vel
695 1096 757 1117 non
775 1087 932 1124 faciendo,
949 1089 996 1116 est

226 1142 293 1181 ipsa
316 1140 516 1170 consiliatio:
537 1149 615 1179 ergo
642 1139 788 1179 proprius
810 1142 898 1169 actus
920 1139 995 1169 doni

225 1193 347 1224 consilii
363 1195 410 1224 est
423 1193 593 1223 consiliari.

266 1246 343 1277 Item
358 1246 417 1276 hoc
432 1247 536 1285 ipsum
551 1246 677 1276 videtur
692 1254 745 1285 per
759 1245 901 1284 Gregorii
923 1246 997 1276 assi-

226 1300 422 1339 gnationem.
454 1299 532 1329 Dicit
558 1299 645 1329 enirn
673 1298 868 1336 Gregorius,
900 1308 996 1338 super

224 1355 319 1393 caput
342 1353 482 1392 primum
506 1352 576 1390 J0b‚
596 1352 649 1381 ubi
673 1352 813 1390 assignat
839 1351 997 1382 donorum

226 1406 447 1443 differentiam,
464 1405 548 1445 quod
560 1404 726 1435 consilium
738 1406 783 1434 est
796 1406 905 1434 contra
920 1413 997 1444 prze-

227 1458 464 1498 cipitationem:
490 1458 542 1488 sed
562 1460 650 1488 actus
677 1458 731 1496 qui
757 1457 873 1487 directe
897 1466 997 1497 oppo-

227 1511 314 1541 nitur
341 1511 606 1550 praeeipitalioni,
636 1512 682 1540 est
712 1510 893 1547 consiliari3
929 1511 998 1541 ideo

227 1564 313 1594 enim
336 1563 556 1601 consiliamur,
572 1573 611 1594 ne
628 1563 864 1603 praecipitauter
879 1563 998 1603 aliquid

228 1615 381 1647 faciamus
396 1627 402 1646 z
422 1625 511 1655 ergo,
529 1618 587 1647 ete.

269 1669 347 1700 Item
362 1669 421 1699 hoc
442 1669 547 1709 ipsum
564 1670 690 1700 videtur
707 1679 764 1709 per
787 1670 926 1700 nominis
946 1679 997 1700 ra-

229 1722 348 1753 tionem
365 1733 371 1752 z
389 1722 543 1762 quoniam
565 1722 644 1753 sicut
659 1732 690 1752 se
709 1723 804 1753 habet
825 1723 935 1753 timere
961 1723 999 1753 ad

229 1775 396 1812 timorem,
413 1775 457 1805 sic
479 1784 511 1805 se
534 1775 629 1806 habet
647 1776 806 1806 consiliari
832 1777 871 1807 ad
895 1777 998 1807 consi—

230 1828 309 1859 lium
327 1839 333 1859 z
350 1829 402 1859 sed
421 1831 509 1860 actus
530 1829 677 1868 proprius
696 1832 726 1859 et
753 1829 935 1868 principalis
952 1830 997 1869 ip-

231 1884 297 1914 sius
325 1884 400 1914 doni
421 1884 543 1914 timoris
571 1886 617 1914 est
641 1884 752 1914 timere
773 1895 779 1914 1
805 1893 885 1923 ergo
911 1886 1000 1914 actus

232 1937 378 1976 proprius
405 1937 502 1976 ipsius
525 1937 597 1968 doni
619 1937 740 1967 consilii
759 1939 806 1967 est
829 1937 997 1967 consiliari.

233 1989 265 2019 Si
279 1989 362 2019 dicas
375 1990 459 2029 quod
475 1999 539 2020 non
559 1990 673 2020 dicitur
695 1989 866 2021 consilium
890 2000 908 2020 a
922 1999 998 2021 con-

233 2040 376 2079 siliando,
395 2042 448 2072 sed
467 2041 572 2080 magis
594 2051 613 2072 a
637 2041 828 2072 consulendo
843 2065 850 2078 ,
868 2044 899 2072 et
912 2045 1000 2073 aetus

234 2093 332 2132 ipsius
355 2093 475 2124 consilii
497 2094 602 2133 magis
621 2096 667 2124 est
689 2094 852 2124 consulere
869 2118 876 2131 ‚
905 2104 1002 2133 quam

234 2148 408 2185 consiliari3
427 2149 575 2187 objicitur
596 2151 704 2179 contra
727 2149 786 2179 hoc
799 2172 807 2186 ,
827 2149 903 2188 quia
927 2158 1001 2179 con-

234 2202 339 2232 sulere
361 2202 525 2241 dupliciter
539 2202 676 2232 dieitur:
704 2211 767 2232 uno
788 2202 881 2232 modo
906 2202 1004 2232 consi

223 2255 314 2285 .linm
342 2255 381 2285 ab
404 2255 511 2294 aliquo
527 2264 686 2294 quaerere3
714 2255 775 2285 alio
792 2255 884 2285 modo
899 2256 1003 2285 consi-

234 2308 314 2338 lium
338 2308 423 2339 dare.
447 2308 507 2339 Sed
523 2311 610 2338 actus
633 2308 707 2338 doni
726 2308 845 2338 consilii
870 2318 934 2339 non
959 2311 1004 2339 est

235 2361 403 2392 consilium
431 2370 574 2401 quaerere
596 2372 603 2392 :
633 2361 688 2400 qui
719 2361 804 2391 enim
834 2362 1003 2392 consilium

235 2414 352 2453 quaerit
364 2437 371 2450 ,
387 2416 460 2454 eget
474 2414 624 2452 consilio3
642 2417 673 2444 et
688 2415 743 2454 qui
763 2416 837 2453 eget
858 2415 1002 2452 consilio,

233 2468 301 2505 ¹jam
315 2476 380 2498 non
394 2467 488 2498 habet
501 2467 622 2498 donum
640 2467 761 2497 consilii
778 2476 784 2496 ε
801 2467 902 2506 igitur
916 2470 1004 2498 actus

268 2529 275 2544 ¹
291 2529 330 2558 Cf.
344 2530 369 2553 S.
385 2529 466 2553 Thou]
487 2529 552 2559 lI-ll,
566 2536 589 2560 ‹¹1-
602 2535 661 2558 xxv,
674 2531 720 2552 art.
734 2531 756 2557 5;
772 2529 1002 2558 ct1115022t.‚r1ist.

238 2571 315 2594 xxxv,
325 2573 349 2597 q.
361 2572 388 2595 11,
409 2569 456 2590 art.
469 2568 499 2597 4;
514 2567 594 2596 nicht,
612 2567 642 2590 lll
659 2568 737 2596 Sciit„
751 2567 807 2590 dist.
826 2573 902 2595 xxxv,
915 2570 960 2590 art.
980 2570 1003 2598 3,

238 2607 262 2630 q.
279 2606 318 2630 1v3
334 2601 420 2631 steph.
446 2602 548 2632 Brulef„
565 2602 596 2625 lll
613 2602 691 2631 Seni„
709 2602 765 2626 dist.
785 2608 868 2631 xxxv,
887 2610 910 2632 q.
928 2609 961 2626 iv.
976 2616 1002 2620 —

238 2636 291 2660 ³Ps.
299 2638 464 2666 cxvni,24.—
473 2638 483 2653 ³
492 2637 719 2667 Damae—„demde
729 2637 805 2667 orlh.,
814 2637 855 2662 lib.
869 2638 898 2667 ll,
906 2644 929 2662 c.
937 2644 1002 2662 nu.

793 170 1101 203 SENTENTIARUM
1122 169 1195 201 [ΛΒ.
1219 168 1271 200 lll.

1051 236 1142 267 istius
1170 236 1244 267 doni
1270 244 1335 266 non
1359 237 1405 266 est
1433 235 1616 272 consulere,
1644 237 1820 268 secundum

1049 290 1133 329 quod
1159 289 1322 320 consulere
1346 292 1391 319 est
1415 289 1519 326 idem,
1547 288 1630 328 quod
1654 290 1821 321 consilium

1049 352 1204 382 quaerere.
1230 342 1351 373 Rursus
1367 367 1374 380 ,
1400 342 1565 372 consilium
1587 342 1662 374 dare
1685 352 1750 374 non
1775 345 1822 374 est

1052 405 1178 434 magnae
1190 396 1342 433 utilitatis,
1354 404 1412 426 nec
1428 395 1524 425 etiam
1534 403 1665 434 magnae
1679 395 1818 434 virtutis,

1050 458 1124 479 cum
1140 448 1232 479 multi
1247 449 1347 479 sciant
1361 448 1415 478 alii
1431 448 1596 479 consulere
1607 472 1614 486 ‚
1632 449 1688 489 qui
1705 449 1822 489 seipsos

1051 504 1169 539 regunt
1184 502 1274 532 valde
1298 501 1518 532 miserabiliter
1536 512 1542 532 :
1560 502 1585 532 si
1605 510 1686 541 ergo
1701 502 1821 534 donum

1049 554 1171 585 consilii
1181 554 1413 585 estordinatum
1422 554 1460 584 ad
1471 554 1630 594 propriam
1640 554 1820 594 utilitatem,

1051 609 1173 639 videtur
1188 608 1272 648 quod
1287 611 1375 639 actus
1388 610 1457 647 eJus
1472 618 1536 639 non
1549 609 1588 639 sit
1603 609 1768 640 consilium
1779 609 1822 640 al-

1048 662 1106 692 teri
1119 662 1204 697 dare,
1221 670 1278 691 nee
1296 661 1462 691 consilium
1482 662 1521 691 ab
1537 661 1599 692 alio
1613 661 1765 702 accipere,
1784 664 1822 692 ut

1050 715 1139 754 prius
1153 717 1316 745 ostensum
1331 718 1377 744 est
1393 725 1399 744 :
1423 724 1501 753 ergo
1514 714 1640 745 videtur
1659 715 1742 754 quod
1766 724 1822 746 ac—

1050 770 1100 798 tus
1116 768 1206 798 istius
1223 768 1297 799 doni
1314 767 1429 798 directe
1444 767 1484 797 sit
1498 767 1604 806 ipsum
1619 767 1788 799 consiliari.

1090 820 1150 851 Sed
1179 822 1287 851 contra
1313 831 1319 851 :
1348 823 1375 851 1.
1405 820 1507 860 Super
1529 820 1606 851 illud
1633 820 1750 852 Psalmi
1771 824 1782 840 ²
1810 833 1817 853 :

1051 873 1229 905 Consilium
1260 881 1362 904 meum
1380 873 1636 912 justificationes
1662 877 1725 906 tuoe
1741 898 1750 912 ,
1775 874 1820 906 ibi

1050 926 1180 957 Glossa:
1209 938 1223 953 «
1247 926 1418 957 Consilium
1443 929 1489 956 est
1515 935 1642 957 servare
1661 927 1821 966 justifica--

1049 979 1158 1010 tiones.
1178 991 1190 1007 ›>
1212 979 1271 1010 Sed
1287 979 1325 1009 de
1340 988 1376 1009 eo
1392 980 1475 1018 quod
1499 980 1729 1018 observamus,
1757 989 1822 1011 non

1050 1033 1256 1063 consiliamur
1273 1042 1280 1063 :
1297 1042 1378 1072 ergo
1393 1033 1418 1062 si
1438 1034 1527 1063 actus
1541 1033 1640 1072 ipsius
1655 1033 1728 1064 doni
1743 1042 1822 1064 con-

1050 1086 1109 1115 silii
1127 1089 1174 1116 est
1190 1086 1430 1125 justificationes
1445 1086 1612 1116 observare
1629 1110 1637 1123 ,
1654 1095 1720 1117 non
1735 1086 1822 1118 vide·

1050 1141 1102 1169 tur
1117 1139 1202 1178 quod
1217 1141 1306 1169 actus
1322 1140 1392 1178 chs
1406 1139 1446 1169 sit
1462 1138 1630 1169 consiliari.

1090 1193 1119 1222 2.
1138 1191 1227 1229 ltem,
1240 1191 1320 1222 sicut
1332 1191 1407 1222 dicit
1421 1191 1632 1223 Damascenus
1647 1192 1675 1223 ³:
1692 1203 1706 1221 ‹<
1720 1191 1825 1224 Consi-

1050 1244 1129 1274 lium
1154 1246 1201 1275 est
1222 1244 1398 1283 ignorantis
1420 1246 1450 1274 et
1470 1244 1645 1275 dubitantis
1658 1268 1666 1283 ,
1684 1245 1769 1276 unde
1795 1247 1826 1276 et

1052 1298 1173 1328 Christo
1198 1307 1263 1328 non
1284 1298 1431 1329 convenit
1455 1298 1624 1328 consiliari.
1647 1308 1661 1326 n
1691 1297 1723 1328 Si
1745 1306 1825 1337 ergo

1051 1351 1173 1381 donum
1190 1350 1311 1381 consilii
1337 1351 1395 1380 suit
1417 1350 1449 1380 in
1466 1350 1606 1389 Christo,
1628 1351 1705 1381 etin
1720 1350 1824 1391 quoli-

1053 1405 1104 1435 bet
1119 1404 1180 1434 alio
1202 1404 1364 1443 snpientiae
1386 1406 1416 1434 et
1440 1404 1580 1435 scientiae
1594 1404 1677 1435 dono
1692 1404 1826 1444 praedito

1054 1457 1100 1494 (el,
1118 1457 1244 1487 videtur
1260 1457 1346 1496 quod
1362 1458 1451 1487 aetus
1474 1457 1573 1496 ipsius
1597 1457 1673 1488 doni
1696 1466 1762 1488 non
1787 1457 1827 1488 sit

1052 1509 1220 1540 consiliari.

1093 1565 1121 1593 3.
1141 1563 1218 1593 ltem
1235 1562 1294 1592 hoo
1312 1562 1417 1601 ipsum
1432 1562 1558 1593 videtur
1575 1562 1697 1594 ratione
1715 1574 1721 1594 :
1745 1563 1827 1596 sieut

1053 1626 1086 1647 se
1111 1616 1206 1646 habet
1229 1615 1395 1647 addiscere
1418 1615 1456 1657 ad
1483 1616 1586 1654 scire,
1606 1616 1651 1647 sie
1676 1625 1709 1647 se
1731 1616 1826 1648 habet

1054 1669 1221 1701 consiliari
1236 1669 1275 1699 ad
1289 1670 1417 1708 eligere,
1434 1669 1509 1708 quia
1525 1671 1698 1709 utrumque
1712 1671 1760 1701 est
1773 1671 1826 1701 via

1054 1723 1091 1754 ad
1107 1723 1254 1760 alterum,
1271 1722 1430 1753 addiscere
1445 1723 1484 1752 ad
1498 1723 1578 1753 scire
1590 1747 1600 1761 ,
1617 1723 1775 1755 consiliari
1785 1725 1824 1756 ad

1054 1776 1171 1815 eligere
1185 1775 1256 1806 :sed
1271 1776 1353 1805 sicut
1368 1784 1424 1815 per
1439 1775 1603 1806 scientiam
1620 1776 1828 1808 habilitamur

1054 1830 1092 1860 ad
1106 1829 1364 1868 cognoscendum
1376 1852 1383 1865 ,
1401 1829 1443 1859 ita
1466 1837 1521 1868 per
1537 1829 1697 1860 consiliari
1710 1830 1826 1862 habili-

1054 1886 1161 1913 tamur
1190 1882 1228 1912 ad
1243 1882 1441 1921 eligendum.
1458 1882 1538 1912 Cum
1564 1891 1644 1921 ergo
1668 1885 1757 1914 actus
1775 1884 1827 1924 ip-

1055 1936 1119 1966 sius
1139 1935 1277 1966 scientiae
1299 1943 1364 1965 non
1388 1935 1428 1965 sit
1451 1934 1627 1973 addiscere,
1644 1935 1699 1966 sed
1724 1936 1828 1976 magis

1056 1989 1144 2026 scire,
1162 1988 1287 2019 videtur
1302 1988 1386 2027 quod
1401 1989 1488 2018 aetus
1505 1987 1604 2026 ipsius
1618 1987 1694 2019 doni
1708 1997 1774 2020 non
1789 1989 1828 2019 sit

1056 2042 1224 2080 consiliari,
1239 2041 1290 2072 sed
1309 2041 1413 2080 magis
1427 2041 1557 2080 eligere.

1096 2098 1126 2126 4.
1144 2095 1222 2125 Item
1236 2093 1404 2124 consilium
1418 2093 1542 2123 ordinat
1560 2094 1590 2123 et
1612 2092 1722 2132 dirigit
1737 2093 1775 2124 ad
1791 2103 1828 2125 ea

1057 2158 1128 2189 quse
1156 2151 1231 2179 sunt
1254 2147 1545 2187 supererogationis
1569 2158 1576 2177 z
1603 2147 1657 2178 sed
1683 2148 1721 2179 de
1758 2149 1826 2180 Istis

1057 2213 1150 2235 nemo
1167 2203 1288 2234 dubitat
1310 2202 1389 2241 quin
1404 2202 1465 2232 sint
1485 2202 1649 2233 manifeste
1663 2202 1747 2234 hona
1765 2213 1772 2234 :
1789 2203 1827 2235 de

1058 2258 1107 2287 his
1126 2258 1252 2293 autem,
1269 2255 1306 2285 de
1331 2255 1448 2294 quibus
1471 2254 1558 2285 nulla
1583 2257 1629 2285 est
1652 2255 1825 2294 dubitatio,

1057 2310 1145 2341 nulla
1166 2311 1212 2339 est
1235 2308 1409 2339 necessaria
1426 2308 1623 2339 consiliatio:
1649 2318 1723 2339 cum
1749 2317 1827 2348 ergo

1058 2364 1176 2394 donum
1192 2361 1311 2392 consilii
1326 2361 1441 2400 dirigat
1462 2361 1498 2391 ad
1519 2361 1721 2401 hujusmodi,
1738 2361 1827 2392 vide-

1058 2419 1110 2446 tur
1125 2415 1209 2455 qnod
1224 2417 1311 2445 aetus
1325 2416 1394 2454 ejus
1409 2423 1472 2445 non
1488 2415 1528 2445 sit
1542 2414 1710 2446 consiliari.

1099 2471 1127 2499 5.
1145 2468 1222 2499 Item
1238 2467 1397 2499 consiliari
1411 2469 1457 2498 est
1478 2467 1576 2507 ipsius
1595 2467 1804 2507 providentiae
1815 2491 1824 2506 ,

1090 2567 1121 2595 (a)
1137 2566 1204 2589 Edit.
1228 2566 1284 2589 Veni
1310 2565 1446 2593 consiliari,
1467 2571 1515 2595 ειη
1538 2564 1606 2589 Edu.
1628 2565 1683 2588 Vnt.
1707 2566 1822 2596 consilii,

1058 2604 1151 2626 utrum.
1168 2615 1198 2618 —
1217 2601 1246 2631 (b)
1270 2601 1340 2626 Edu.
1367 2601 1424 2624 Veri.
1439 2599 1573 2624 conciatio.
1596 2613 1625 2617 —
1648 2600 1678 2630 (c)
1698 2607 1824 2632 quam.-

1059 2638 1093 2667 td)
1108 2637 1247 2662 conciliari.
1259 2650 1288 2654 —
1299 2638 1326 2667 (e)
1339 2636 1399 2660 Coet.
1412 2636 1473 2660 edit.
1486 2635 1606 2666 perfecto.

1839 830 1872 851 Ad
1889 834 1941 857 opp.
