2017 2948
81 392 183 413 Fundam.

101 2360 133 2381 Ad
145 2368 194 2388 epp.

201 164 219 192 8
757 153 1067 187 SENTENTIARUM
1088 153 1162 185 Lm.
1187 153 1240 184 ΙΙΙ.

453 232 660 270 QUAESTIO
688 231 730 263 11.

202 303 244 329 Au
260 302 353 328 cadens
367 308 383 326 α
397 300 530 327 charitate
543 301 626 334 possit
641 306 773 332 resurgere
788 299 817 324 in
832 297 932 331 oequalt'
947 297 966 323 ¹.

240 380 362 417 Utrum,
371 390 388 410 a
395 380 544 410 charitate
555 379 680 417 cadem,
691 378 788 418 possit
797 386 966 415 resurgere

198 435 230 465 in
245 433 376 474 aequali;
406 435 435 463 et
450 433 533 472 quod
558 432 611 469 sic,
635 432 762 462 videtur
793 430 895 470 primo
912 438 967 469 per

199 490 290 518 vetus
303 487 540 517 Testamentum
557 489 568 504 ²
585 496 590 516 :
609 484 745 516 Placebit
763 486 822 515 Deo
836 483 965 521 sacrifi-

198 542 282 573 cium
295 540 380 572 Juda
397 543 424 571 ec
438 539 651 576 Hierusalem,
668 539 752 570 sicut
769 538 838 569 (lies
853 537 964 574 seculi,

198 598 227 627 ec
238 595 322 626 sicut
336 594 417 625 anni
430 593 571 632 antiqui.
581 592 707 622 Glossa:
725 603 738 619 «
754 590 917 628 Quomodo
932 590 965 620 in

197 647 351 688 principio
361 647 558 687 placuerunt,
574 645 617 676 ita
631 646 700 685 post
723 646 886 684 peccatum
912 652 966 683 per

198 700 414 741 paenitentiam
429 700 551 739 placere
567 700 741 738 cmperunt.
754 708 768 725 »
788 697 825 727 Et
842 697 901 727 hoc
917 697 963 736 ip-

198 763 269 785 sum
287 754 420 784 habetur
434 762 580 792 expresse
596 752 630 782 in
645 751 751 782 Glossa
773 759 868 790 super
888 749 964 780 illud

197 809 327 840 Levitici
351 809 360 825 ³
385 818 392 838 :
421 809 491 840 Hoec
507 811 551 838 est
576 807 682 839 hostia
707 808 746 845 (a)
762 813 819 846 pro
838 805 962 842 delicto,

198 861 306 893 Glossa
323 872 329 892 :
351 873 364 889 «
379 861 479 901 AEque
495 860 595 900 placet
606 860 667 890 Deo
683 859 783 890 virtus
789 860 963 898 justorum,

197 915 335 953 ctdigna
350 914 533 954 poenitentia
553 915 763 953 peccatorum,
786 921 857 952 quae
874 911 963 942 resti-

197 968 257 999 tuit
285 969 316 998 in
343 968 480 1007 gradum
514 967 696 1007 pristinum.
717 978 730 994 »
759 966 842 1005 Ergo
866 967 966 1005 potest

199 1023 294 1053 homo
310 1030 478 1061 resurgere
490 1021 522 1051 in
538 1020 652 1060 aequali
667 1020 827 1050 charitate.

237 1075 314 1106 Item
329 1075 500 1114 hocipsum
517 1074 668 1114 probatur
683 1083 738 1114 per
753 1082 875 1104 novum
891 1072 961 1103 Tes-

197 1131 385 1159 tamentum.
413 1127 564 1158 Scribitur
592 1127 678 1158 euim
704 1127 742 1157 ad
759 1126 916 1157 Romanos
930 1129 940 1144 ⁴
958 1137 964 1156 τ

204 1182 258 1213 Ubi
269 1181 447 1213 abundavit
470 1180 630 1217 delictum,
652 1179 925 1220 superabundavit
940 1182 968 1211 et

198 1236 317 1274 qratia.
330 1234 367 1265 Et
382 1235 390 1251 ⁵
408 1243 415 1264 ι
429 1234 496 1265 Cilo
502 1234 637 1273 proferte
647 1235 675 1264 ez·
686 1234 796 1265 stolam
808 1234 946 1272 primam
958 1244 964 1268 ;

198 1287 239 1317 ihi
251 1287 356 1318 Glossa
374 1299 381 1317 :
403 1298 417 1316 a
429 1286 570 1317 Pristinae
597 1286 744 1325 dignitati
759 1286 862 1316 filium
878 1285 967 1315 resti-

198 1339 268 1370 tuit.
295 1350 309 1367 n
331 1339 391 1369 Sed
413 1348 478 1369 non
503 1339 681 1369 restituitur
695 1339 728 1368 in
743 1338 910 1378 pristinam
925 1337 969 1368 di-

199 1394 364 1432 gnitatem,
377 1393 437 1423 nisi
448 1393 562 1423 haheat
582 1392 739 1432 aequalem
754 1391 942 1422 charitatem
959 1402 964 1422 :

199 1455 287 1485 ergo,
299 1448 358 1476 ete.

240 1500 317 1530 Item
330 1500 389 1530 hoc
402 1500 506 1539 ipsum
519 1500 694 1530 ostenditur
704 1508 760 1539 per
774 1499 967 1539 exemplum,

200 1553 275 1592 quia
290 1552 384 1583 David
404 1554 653 1592 post'peccatum
681 1552 841 1582 homicidii
866 1561 971 1582 resur-

200 1605 283 1636 rexit
308 1605 460 1641 devotior,
477 1607 505 1635 et
535 1604 644 1635 Petrus
673 1607 742 1644 post
764 1605 969 1643 negationem

201 1658 375 1689 resurrexit
402 1658 522 1694 sortior,
546 1658 722 1688 secundum
751 1659 835 1697 quod
863 1658 971 1689 dicunt

201 1711 401 1742 auctoritates
412 1710 612 1749 Sanctorum,
627 1713 657 1741 et
669 1710 831 1750 Scriptura
843 1711 949 1742 innuit
962 1723 968 1742 :

202 1764 328 1795 videtur
346 1772 423 1803 ergo
434 1763 517 1803 quod
531 1763 674 1794 similiter
692 1763 723 1794 in
738 1764 807 1794 aliis
820 1772 886 1795 esse
903 1773 971 1805 pos-

202 1817 250 1847 sit.

243 1870 320 1901 Item
335 1870 394 1901 hoc
420 1870 523 1909 ipsum
550 1869 726 1900 ostenditur
740 1871 874 1909 ratione,
898 1872 973 1911 quia

204 1932 277 1954 cum
302 1923 404 1962 gratia
434 1922 614 1954 infunditur
644 1922 765 1953 homini
800 1925 970 1963 peccatori,

204 1979 367 2017 peccatum
394 1976 514 2007 detetur
540 1977 714 2007 secundum
740 1977 917 2015 veritatem,
942 1980 973 2009 et

205 2029 378 2060 secundum
402 2029 456 2060 Dei
485 2029 734 2069 reputationem:
751 2038 828 2069 ergo
846 2031 972 2061 nullum

206 2083 333 2122 praestat
348 2081 496 2112 infusioni
511 2081 610 2121 ipsius
625 2082 736 2120 gratiae
762 2082 975 2122 impedimen-

207 2137 276 2164 tum
290 2143 297 2163 :
309 2142 366 2163 nee
376 2134 420 2163 cst
429 2132 515 2163 aliud
528 2132 612 2172 quod
624 2132 783 2172 impediat,
798 2143 896 2173 quare
910 2144 974 2165 uon

207 2182 304 2222 possit
335 2181 402 2212 dari
431 2182 518 2211 tanta
554 2181 658 2219 gratia
685 2181 827 2220 homini,
857 2186 975 2222 quanta

208 2235 320 2275 prius:
343 2243 420 2273 ergo
441 2233 566 2264 videtur
590 2234 673 2273 quod
698 2234 794 2265 homo
822 2236 918 2274 possit
942 2237 976 2267 in

210 2287 324 2328 aequaii
334 2287 483 2318 charitate
498 2296 674 2325 resurgere.

250 2341 310 2371 Sed
325 2342 444 2377 contra,
463 2342 476 2369 1
493 2340 502 2356 ⁶
520 2350 525 2370 :
543 2340 614 2372 Non
628 2340 761 2379 adjiciet
778 2344 812 2373 ut
834 2346 976 2382 resurgat

209 2395 299 2434 viryo
334 2393 452 2426 Israel:
474 2392 580 2423 Glossa
606 2404 611 2424 z
644 2405 657 2422 α
681 2393 749 2424 Nou
774 2398 871 2433 negat
898 2397 977 2435 quin

210 2449 304 2488 possit
314 2455 493 2485 resurgere,
503 2447 557 2478 sed
565 2448 648 2486 quod
662 2448 693 2485 „bi
703 2449 800 2487 possit
810 2458 977 2488 resurgere

241 2506 298 2534 ¹Cs.
312 2504 627 2535 Alex,aiensis‚t‘1>2.t.,pi
641 2506 976 2537 111,c‹·1}at.txx111J:11<i.2;

212 2541 350 2570 S.'1·liom.‚
365 2541 394 2564 ill
409 2541 466 2563 Sciit
481 2559 486 2569 ‚
500 2540 558 2564 dist.
574 2546 646 2570 xxxr,
663 2548 685 2571 11.
703 2545 781 2570 1‚:1rt.
802 2544 830 2573 31,
847 2549 871 2572 q.
889 2544 977 2572 11;1:i-

242 2587 367 2615 ((1)Vuls.⁷.,
388 2587 435 2610 Lat
448 2586 540 2610 hostire.
553 2600 578 2604 -
592 2587 623 2618 (b)
649 2588 690 2612 Al.
707 2595 778 2612 ωσι-
802 2589 828 2618 (r)
845 2597 977 2621 appropin-

209 2622 327 2652 quahmzt.

1025 221 1136 260 virgo;
1152 221 1226 261 quia
1241 220 1339 251 semel
1358 220 1526 256 aberrans,
1542 218 1600 249 etsi
1614 219 1792 258 reportetur

1024 273 1167 304 humeris
1189 274 1234 314 pii
1255 272 1399 314 pastoris,
1415 280 1479 303 non
1490 272 1597 302 tamen
1614 269 1709 300 habet
1721 270 1792 300 tan-

1024 330 1087 358 tam
1115 328 1251 367 gloriam
1277 336 1350 358 cum
1375 335 1412 358 eo
1424 351 1431 364 ,
1460 325 1516 366 qui
1545 333 1712 365 nunquam
1741 332 1791 354 er-

1022 381 1114 412 ravit.
1129 389 1144 410 n

1062 437 1090 464 2.
1112 434 1189 464 item
1206 437 1215 453 ⁷
1238 445 1244 464 ι
1267 433 1403 469 Levitae,
1420 433 1477 472 qui
1495 432 1582 471 lonqe
1599 432 1794 463 recesserunt

1022 496 1041 519 α
1058 496 1122 524 me,
1139 495 1203 518 non
1218 486 1491 526 approoez'mabzmt
1514 486 1549 523 (c)
1566 483 1609 516 ad
1623 492 1680 522 me,
1696 486 1733 516 ut
1745 490 1794 515 sa-

1021 541 1162 573 cerdotio
1176 541 1354 581 fmzqantur
1375 539 1466 571 milti.
1484 538 1516 570 Si
1532 547 1610 578 ergo
1625 537 1707 569 Deus
1721 546 1793 577 pec-

1021 596 1141 626 catores
1156 596 1186 625 et
1200 594 1386 634 poenitentes
1401 601 1467 623 non
1488 591 1598 631 recipit
1620 590 1660 622 ad
1683 590 1794 630 digni-

1021 649 1117 678 tatem
1133 646 1368 682 sacerdotalem,
1384 645 1510 676 videtur
1524 643 1609 684 quod
1621 651 1793 682 resurgen-

1021 704 1068 732 tes
1090 710 1154 732 non
1173 701 1306 741 possunt
1327 699 1443 730 habere
1469 697 1655 729 charitatem
1684 705 1792 736 aequa-

1019 755 1093 786 lem.

1062 810 1090 838 3.
1117 807 1193 838 Item
1213 806 1317 846 gratia
1343 806 1443 845 gratis
1456 805 1528 835 data
1543 812 1708 844 nunquam
1723 805 1794 834 tan-

1021 863 1090 891 tum
1098 860 1369 900 potestdisponere
1384 859 1422 889 ad
1438 858 1669 897 susceptionem
1678 856 1794 888 divinae

1022 914 1207 952 influentiae,
1227 915 1257 944 et
1270 913 1475 952 capacitatem
1493 911 1612 942 divinae
1632 910 1793 948 bonitatis,

1021 967 1103 998 sicut
1118 967 1221 1006 gratia
1235 968 1365 1005 gratum
1379 966 1495 996 faciens
1512 976 1519 996 :
1542 963 1596 996 sed
1606 966 1724 1004 justus,
1740 972 1793 994 an-

1021 1023 1150 1060 tequam
1166 1020 1265 1057 cadat,
1282 1019 1377 1050 habet
1389 1018 1526 1058 gratiam
1541 1020 1670 1058 graium
1679 1017 1796 1049 facien-

1023 1077 1105 1112 tem;
1123 1075 1278 1113 peccator,
1294 1076 1464 1110 antequam
1477 1073 1636 1111 resurgat,
1652 1079 1717 1102 non
1735 1070 1794 1102 ha-

1022 1128 1074 1158 bet
1099 1127 1161 1157 nisi
1185 1126 1323 1165 gratiam
1346 1125 1446 1164 gratis
1472 1124 1602 1155 datam:
1620 1133 1698 1164 ergo
1723 1133 1796 1155 am-

1023 1181 1106 1220 plius
1129 1180 1298 1220 dispositus
1321 1181 1368 1209 est
1390 1179 1485 1209 homo
1507 1178 1546 1208 ad
1564 1177 1796 1218 susceptionem

1023 1234 1139 1265 divinae
1164 1234 1278 1272 gratiae
1298 1234 1469 1272 antequam
1484 1231 1584 1269 cadat,
1600 1239 1698 1270 quam
1716 1231 1798 1270 post-

1023 1296 1119 1327 quam
1133 1286 1254 1318 cecidit.
1271 1286 1303 1317 Si
1318 1295 1398 1325 ergo
1414 1285 1494 1316 Deus
1509 1284 1724 1316 communicat
1737 1283 1797 1314 ho-

1024 1340 1102 1370 mini
1117 1340 1254 1379 gratiam
1269 1341 1299 1370 et
1311 1339 1497 1370 charitatem
1519 1337 1695 1368 secundum
1713 1337 1798 1377 quod

1023 1394 1119 1424 homo
1139 1395 1185 1424 est
1204 1392 1385 1433 dispositus,
1403 1391 1529 1423 videtur
1542 1390 1629 1431 quod
1642 1391 1798 1430 majorem

1024 1447 1137 1478 habeat
1151 1447 1249 1477 homo
1263 1445 1448 1476 charitatem
1470 1444 1597 1485 quando
1616 1445 1688 1480 stat,
1701 1452 1799 1484 quam

1024 1499 1151 1540 quando
1180 1499 1346 1538 resurgit:
1370 1507 1449 1537 ergo
1471 1497 1597 1529 videtur
1621 1497 1707 1537 quod
1734 1505 1799 1528 non

1025 1553 1121 1594 possit
1133 1561 1302 1592 resurgere
1316 1551 1350 1582 in
1366 1551 1519 1582 charitate
1532 1550 1657 1591 aequaii.

1065 1610 1095 1638 4.
1118 1606 1216 1644 Item,
1240 1615 1314 1637 cum
1335 1605 1376 1636 sit
1390 1604 1505 1644 triplex
1519 1606 1618 1635 status
1632 1604 1798 1636 continen-

1025 1661 1091 1698 tiae,
1108 1659 1223 1690 scilicet
1236 1657 1422 1697 virginalis,
1439 1656 1577 1688 vidualis
1597 1659 1627 1688 et
1642 1658 1801 1696 conjuga-

1025 1714 1075 1752 lis,
1092 1713 1205 1744 cadens
1216 1721 1234 1743 a
1249 1712 1352 1752 primo
1367 1713 1450 1742 statu
1466 1719 1632 1750 nunquam
1647 1712 1749 1750 potest
1763 1710 1802 1742 ad

1026 1767 1133 1807 ipsum
1158 1766 1300 1806 primum
1321 1766 1439 1796 statum
1464 1772 1633 1804 resurgere
1650 1772 1752 1803 :ergo
1775 1763 1801 1794 si

1027 1819 1206 1850 innocentia
1233 1818 1427 1858 baptismalis
1455 1819 1502 1848 est
1531 1817 1611 1848 sicut
1639 1817 1800 1848 eontinen—

1027 1874 1069 1904 tia
1083 1872 1272 1912 virginalis,
1296 1871 1421 1903 videtur
1443 1871 1527 1911 quod
1555 1871 1670 1902 cadens
1689 1871 1730 1901 ab
1748 1870 1802 1902 illo

1027 1929 1110 1957 statu
1124 1934 1291 1965 nunquam
1305 1926 1419 1966 poterit
1433 1925 1466 1955 in
1481 1924 1596 1965 aequali
1609 1933 1778 1964 resurgere
1792 1936 1799 1956 :

1028 1988 1106 2019 ergo
1124 1988 1189 2010 non
1208 1981 1308 2019 potest
1322 1979 1418 2009 homo
1441 1986 1608 2017 resurgere
1632 1977 1665 2008 in
1688 1978 1803 2018 aequali

1029 2033 1190 2063 charitate.

1304 2105 1527 2137 CONCLUSIO.

1049 2175 1212 2202 Charilatem
1240 2175 1383 2206 amittens,
1414 2176 1494 2208 atque
1519 2175 1617 2200 iterum
1646 2181 1787 2208 resurgens

1083 2227 1099 2245 α
1112 2221 1230 2253 peccato,
1247 2219 1374 2252 (equalem
1386 2219 1476 2253 priori
1488 2220 1576 2252 potest
1592 2218 1742 2252 acquirere.

1071 2297 1162 2337 Resp.
1189 2297 1227 2327 ad
1250 2306 1320 2336 arg.
1346 2296 1521 2327 Dicendum
1548 2296 1633 2336 quod
1658 2296 1805 2336 possibile

1031 2352 1075 2381 est
1084 2350 1248 2380 hominem
1256 2350 1289 2379 in
1298 2350 1412 2389 mquaIi
1422 2350 1572 2380 charitate
1579 2357 1759 2388 resurgere,
1767 2349 1805 2379 si-

1033 2406 1086 2433 cut
1097 2403 1265 2433 monstrari
1277 2405 1378 2442 potest
1390 2402 1639 2440 auctoritatibus,
1655 2405 1686 2433 et
1700 2411 1805 2433 exem-

1032 2457 1103 2496 plis,
1120 2458 1150 2487 et
1164 2456 1340 2487 rationibus
1352 2457 1516 2494 congruiS‚
1529 2455 1705 2487 secundum
1719 2456 1805 2495 quod

1033 2519 1158 2547 cheussus,
1175 2519 1205 2542 lit
1223 2520 1301 2545 Sene,
1322 2518 1379 2541 dist.
1395 2523 1475 2545 xxxi.
1493 2525 1518 2548 q.
1539 2524 1576 2547 115
1594 2517 1682 2548 Steph.
1699 2517 1803 2548 erulos„

1035 2556 1064 2579 111
1078 2555 1156 2583 δεινή,
1168 2554 1223 2578 dist.
1238 2560 1310 2582 xxm,
1321 2561 1344 2583 q.
1360 2559 1427 2576 11.—
1441 2555 1450 2569 =
1462 2553 1560 2582 Malae„
1570 2558 1608 2581 111,
1623 2554 1678 2576 4,-
1691 2553 1701 2569 ⁵
1716 2553 1802 2582 Levis„

1034 2596 1078 2620 vn,
1099 2592 1118 2614 t.
1133 2589 1182 2607 ——5
1194 2590 1249 2612 Rom
1265 2607 1270 2617 ,
1286 2595 1309 2616 v,
1335 2590 1371 2612 20.
1384 2601 1412 2606 -
1423 2588 1433 2605 ⁶
1448 2589 1515 2613 Luc..
1538 2594 1578 2619 κν,
1595 2589 1633 2612 22.
1649 2601 1679 2606 —-
1696 2588 1706 2604 ⁸
1719 2588 1803 2619 Amos,

1033 2632 1058 2656 v,
1073 2627 1095 2651 2.
1112 2626 1159 2643 -7
1176 2625 1273 2655 Ezech„
1289 2630 1358 2654 niv,
1372 2626 1409 2654 10,
1424 2625 1460 2650 13.
