2017 2948
662 196 757 228 DisT.
781 194 885 227 xxxi.
909 192 999 224 ART.
1023 193 1061 223 ιι.
1085 193 1234 230 QUAEST.
1258 195 1282 225 1.
1736 198 1773 225 13

180 269 233 301 sed
247 268 352 309 potius
364 267 527 307 perficitur
538 268 567 296 et
593 264 770 304 completur
786 274 793 293 :
806 270 884 301 ergo
898 261 948 292 vi-

180 322 273 354 detur
287 320 372 361 quod
396 319 524 351 habitus
537 319 610 350 fidei
637 327 693 358 per
720 316 856 356 gloriam
883 323 949 345 non

181 377 363 407 evacuetur.

221 431 250 459 3.
264 427 342 458 Item
356 427 415 457 hoc
426 426 532 466 ipsum
546 424 722 455 ostenditur
735 432 753 453 a
761 424 848 462 parte
863 422 950 451 actus

180 480 361 522 principalis
379 479 496 510 .Actus
512 478 598 509 enim
614 477 713 516 ipsius
736 475 809 506 fidei
832 474 948 515 princi-

180 534 259 575 palis
275 535 320 564 est
334 532 485 563 assentire
508 531 621 571 primae
634 529 759 560 veritati
779 530 906 567 propter
918 535 950 557 se

180 589 210 618 et
224 595 320 626 super
333 585 451 623 omnia,
468 586 498 615 et
510 584 591 615 velle
602 583 630 614 ei
644 582 780 620 credere,
795 581 862 612 sive
880 589 950 610 cre-

180 640 309 678 dIdisse3
325 639 403 679 quia
417 637 560 678 ejusdem
574 635 701 667 habitus
717 636 764 665 est
777 633 858 665 velle
883 642 950 663 cre-

180 693 264 731 dere,
279 694 309 723 et
323 692 403 724 velle
414 691 582 722 credidisse
598 699 605 720 :
623 689 717 720 sedin
728 687 829 728 patria
840 695 950 717 assen-

179 746 295 777 tiemus
310 745 422 785 primae
446 743 572 775 veritati
596 744 724 782 propter
740 750 772 771 se
794 742 825 770 et
854 748 951 779 super

180 786 287 830 omnia
296 808 304 828 :
313 798 458 829 volemus
468 797 507 836 (a)
520 796 616 827 etiam
624 795 790 826 credidisse
800 794 861 824 Deo
874 802 881 823 :
892 793 950 823 ha-

180 851 327 882 bebimus
339 859 416 889 ergo
426 852 532 880 actum
546 848 620 879 fidei
630 847 835 887 principalem
853 857 859 875 :
872 854 951 884 ergo

180 906 211 935 et
224 905 325 944 ipsam
340 903 446 934 fidem.

220 959 250 987 4.
268 957 346 988 Item
362 957 423 987 hoc
448 955 623 986 ostenditur
639 963 658 985 a
680 955 766 993 parte
787 953 867 992 ejus,
897 961 952 991 per

180 1010 265 1050 quod
276 1010 390 1041 dicitur
406 1009 484 1040 fides
498 1007 656 1039 evacuari.
674 1006 750 1037 Plus
761 1006 849 1036 enim
861 1014 953 1044 repu-

181 1066 259 1103 gnat
274 1063 339 1103 ipse
354 1063 481 1093 habitus
505 1061 578 1092 fidei
600 1059 791 1091 deformitati
820 1058 950 1098 peccati,

180 1126 278 1156 quam
306 1114 489 1155 perfectioni
518 1113 629 1153 gloriae
645 1124 651 1144 :
669 1113 722 1143 sed
741 1112 868 1143 habitus
880 1111 951 1141 fidei

181 1178 247 1200 nou
261 1169 392 1206 tollitur,
418 1177 476 1198 nec
503 1169 676 1198 evacuatur
704 1175 760 1205 per
789 1165 951 1195 tenebram

181 1222 316 1261 peccati:
333 1230 410 1261 ergo
425 1230 484 1252 nec
500 1230 556 1260 per
568 1219 811 1259 completionem
826 1218 950 1256 gloriae.

225 1276 254 1306 5.
270 1274 348 1305 Item
367 1274 508 1313 cognitio
531 1272 689 1304 matulina
704 1272 736 1302 in
751 1271 873 1310 angelis
888 1281 952 1302 non

181 1328 320 1360 excludit
344 1327 561 1366 cognitionem
588 1325 812 1365 vespertinam,
835 1325 900 1355 imo
916 1325 954 1354 si-

181 1381 250 1412 mul
265 1383 461 1420 cognoscunt
476 1390 526 1411 res
550 1380 584 1410 in
598 1379 712 1416 Verbo,
731 1381 760 1410 et
776 1379 810 1408 in
826 1379 953 1418 proprio

181 1443 300 1474 genere
315 1444 322 1464 z
341 1443 418 1473 ergo
433 1433 513 1465 visio
525 1433 579 1464 Dei
593 1433 626 1463 in
636 1432 764 1472 propria
777 1431 910 1462 essentia
924 1434 954 1461 et

180 1487 214 1517 in
228 1489 342 1518 natura
361 1496 426 1517 non
453 1485 591 1516 excludit
616 1485 771 1514 visionem
798 1483 895 1523 ipsius
920 1483 953 1513 in

180 1540 308 1581 speculo
324 1542 354 1570 et
366 1540 401 1570 in
413 1542 558 1570 creatura
576 1549 583 1569 :
602 1538 655 1568 sed
666 1537 746 1568 visio
758 1537 831 1567 fidei
848 1538 894 1567 est
910 1537 954 1568 vi-

181 1595 228 1625 sio
244 1594 415 1634 specularis
438 1605 444 1624 :
470 1602 550 1632 ergo
579 1601 635 1632 per
657 1591 813 1623 visionem
841 1590 952 1629 gloriae

182 1657 248 1679 non
262 1648 357 1678 babet
372 1647 529 1678 evacuari.

224 1704 254 1732 6.
272 1701 350 1731 Item
364 1701 475 1732 lumen
486 1709 560 1731 cum
576 1699 696 1730 lumine
711 1708 775 1730 non
790 1698 885 1728 habet
900 1707 953 1737 op-

182 1754 270 1794 poni,
283 1763 342 1785 nec
356 1754 389 1784 in
403 1753 632 1793 corporalibus,
648 1762 706 1783 nec
723 1752 757 1782 in
777 1751 953 1791 spirituali—

182 1806 254 1845 bus,
271 1807 351 1837 sicut
361 1809 463 1846 patet:
480 1806 555 1846 quia
570 1806 604 1836 in
619 1805 728 1836 eodem
744 1805 850 1835 medio
863 1804 954 1843 plura

182 1863 313 1899 possunt
323 1869 389 1890 esse
405 1860 527 1890 lumina
543 1859 758 1899 impermixta,
777 1858 858 1888 sicut
881 1858 954 1888 dicit

184 1912 352 1953 Dionysius
368 1914 388 1943 ¹.
405 1913 557 1943 Similiter
570 1914 600 1942 et
619 1912 651 1941 in
670 1911 888 1951 spiritualibus
904 1910 952 1940 lu-

183 1974 258 1996 men
281 1966 470 2004 cognitionis
494 1974 549 2005 per
574 1974 702 1995 causam
727 1973 793 1995 non
815 1963 954 1994 excludit

182 2018 292 2049 lumen
308 2018 498 2057 cognitionis
516 2027 573 2057 per
594 2018 743 2048 effectum
762 2027 768 2047 ε
787 2025 864 2055 ergo
890 2025 954 2047 non

182 2071 308 2103 videtur
322 2071 406 2111 quod
431 2071 541 2102 lumen
556 2071 628 2101 fidei
643 2072 813 2101 evacuetur
829 2079 884 2109 per
904 2070 954 2101 lu—

183 2134 257 2156 men
267 2125 443 2164 gloriosum
454 2134 462 2164 ;
475 2134 531 2155 nec
543 2133 599 2164 per
607 2124 694 2154 aliud
711 2124 807 2154 habet
818 2133 952 2155 evacua-

181 2179 210 2209 ri
226 2189 232 2208 :
247 2180 343 2210 restat
356 2178 459 2218 igitur
472 2178 559 2218 quod
572 2177 699 2209 habiius
712 2177 784 2209 fidei
801 2186 867 2208 non
881 2186 954 2209 eva-

181 2233 306 2263 cuetur.

454 2305 679 2339 CONCLUSIO.

181 2382 257 2410 Fidei
270 2383 378 2410 habitas
392 2391 437 2418 per
451 2384 553 2410 claram
567 2383 660 2416 qlorz'ae
682 2383 732 2409 Dei
753 2383 881 2408 visionem
897 2390 952 2408 om-

217 2429 281 2455 nino
297 2436 349 2454 uon
366 2430 472 2455 tantum
486 2428 575 2462 quoad
589 2429 679 2454 actum
691 2447 699 2461 ,
715 2426 760 2454 secl
772 2426 861 2461 quoad
874 2427 953 2453 Ιιαὸί-

220 2475 277 2500 tum
293 2473 400 2500 tollitur
413 2474 443 2499 z'n
459 2474 564 2508 patria.

226 2551 317 2593 Resp.
329 2552 369 2584 ad
382 2561 455 2592 arg.
473 2552 521 2583 Ad
534 2552 759 2592 praedictorum
769 2551 950 2591 intelligen-

217 2621 224 2637 ¹
237 2621 322 2651 Dion„
332 2621 362 2645 de
372 2622 429 2646 Div.
444 2621 528 2650 Nom„
537 2628 560 2644 c.
572 2627 629 2650 xiii,
641 2620 726 2644 Schol.
741 2622 767 2644 S.
781 2620 892 2645 Maximi.
905 2622 918 2651 ᾗ
930 2623 952 2645 2.

218 2668 250 2699 (α)
257 2668 317 2692 Coet.
329 2667 683 2698 edit.velle111us.—ll1;mm.
697 2668 744 2690 ron
760 2667 957 2697 iniperseoiiaui.

1004 260 1080 290 tiam
1096 262 1142 291 est
1155 260 1341 297 notandum,
1358 260 1442 299 quod
1453 260 1503 290 hic
1516 262 1561 291 est
1575 261 1693 301 duplex
1707 270 1774 292 mo-

1004 313 1062 343 dus
1076 313 1211 344 dicendi.
1228 313 1396 353 Aliquibus
1406 313 1491 342 cnim
1506 313 1633 344 videtur
1648 323 1715 345 esse
1730 314 1771 344 di·
1790 320 1867 347 Opmio
1879 321 1898 339 ¹·

1004 366 1150 404 cendum,
1168 367 1251 406 quod
1267 376 1340 397 cum
1354 366 1510 405 quaeritur
1531 369 1640 397 utrum
1657 367 1733 398 fides
1746 377 1776 398 e-

1005 422 1169 457 vacuetur,
1185 420 1270 459 quod
1286 429 1351 450 non
1369 421 1415 450 est
1434 419 1616 458 simpliciter
1631 422 1773 460 {respon-

1006 471 1145 502 dendum
1157 473 1356 510 affirmando,
1373 472 1423 503 vel
1438 472 1598 510 negando.
1616 473 1776 510 Quantum

1005 525 1090 555 enim
1106 526 1145 556 ad
1168 526 1287 565 aliquid
1303 528 1486 563 evacuatur,
1515 528 1545 555 et
1567 528 1723 565 quantum
1738 526 1776 557 ad

1005 578 1124 617 aliquid
1140 588 1216 609 non.
1236 579 1271 609 In
1284 579 1352 618 ipsa
1368 579 1453 608 enim
1469 578 1529 609 fide
1545 578 1608 609 dno
1625 580 1671 609 est
1685 588 1778 619 repe-

1005 631 1080 668 rire,
1096 632 1243 662 videlicet
1258 632 1499 662 illuminationis
1516 632 1721 670 habilitatem,
1748 635 1779 664 et

1006 684 1186 723 aenigmatis
1200 685 1435 721 obscuritatem,
1453 684 1614 721 Quantum
1634 685 1672 715 ad
1688 686 1780 715 lumi-

1006 739 1056 768 nis
1066 739 1222 777 habitum,
1239 739 1316 769 fides
1330 748 1395 769 non
1411 741 1596 777 evacuatur,
1615 739 1668 770 sed
1684 740 1780 779 perfi-

1007 792 1087 822 citur
1099 794 1128 822 et
1139 794 1390 823 consummatur.
1407 792 1568 828 Quantum
1589 801 1665 822 vero
1687 792 1726 822 ad
1738 801 1782 822 ae-

1007 845 1037 874 ni
1042 845 1159 883 gmatis
1170 845 1406 882 obscuritatem,
1419 855 1491 875 cun]
1501 846 1539 875 sit
1549 855 1588 876 ex
1600 848 1698 885 parte,
1711 846 1783 876 sim—

1006 898 1126 937 pliciter
1139 898 1270 928 tollitur.
1284 898 1323 928 Et
1338 899 1394 928 iste
1408 899 1521 928 modus
1533 899 1656 929 (licendi
1669 900 1782 930 confir-

1006 951 1088 981 mari
1110 960 1200 990 posse
1212 951 1340 982 videtur
1357 960 1412 990 per
1427 951 1503 981 illud
1519 952 1603 990 quod
1619 952 1734 982 dicitur
1749 953 1782 982 in

1008 1004 1114 1035 Glossa
1127 1005 1305 1044 superillud
1314 1006 1341 1034 ²:
1358 1005 1432 1035 Cum
1442 1005 1654 1044 vencrz'cqitod
1661 1007 1782 1045 perfec—

1008 1061 1074 1089 tum
1088 1061 1145 1096 est,
1160 1058 1366 1090 evacuabitur
1380 1057 1465 1097 quod
1486 1066 1525 1089 ezr
1540 1061 1629 1097 parte
1644 1062 1705 1097 est,
1722 1061 1780 1090 ete.

1009 1111 1133 1143 Glossa:
1166 1124 1179 1140 ι(
1202 1112 1385 1143 Destruetur
1406 1111 1611 1150 imperfectio,
1648 1122 1710 1142 non
1740 1113 1782 1150 id,

1007 1165 1092 1205 quod
1115 1175 1229 1196 verum
1249 1167 1306 1203 est,
1335 1165 1543 1195 evacuabitur
1567 1174 1574 1194 :
1592 1165 1702 1195 desitio
1723 1166 1785 1196 iin-

1008 1218 1206 1257 perfectionis
1228 1221 1284 1256 est,
1310 1218 1438 1258 quando
1459 1218 1536 1248 illud
1561 1218 1645 1257 quod
1671 1218 1785 1258 imper-

1008 1272 1149 1302 fectionis
1171 1272 1205 1310 (b)
1225 1274 1280 1308 est,
1293 1272 1452 1311 impletur.
1470 1282 1484 1299 >i
1505 1270 1542 1300 Et
1553 1271 1727 1301 secundum
1742 1272 1784 1301 is-

1009 1327 1078 1355 tum
1103 1325 1234 1355 modum
1250 1324 1373 1354 dicendi
1389 1324 1476 1354 facile
1497 1325 1542 1354 est
1562 1324 1719 1354 declinare
1732 1333 1784 1355 ra-

1008 1378 1108 1408 tiones
1122 1378 1161 1409 ad
1174 1380 1344 1417 utramque
1354 1380 1486 1417 partem.
1495 1377 1574 1407 Nam
1584 1378 1697 1417 priniae
1712 1387 1783 1417 quae

1008 1432 1153 1471 probant,
1179 1431 1263 1470 quod
1283 1430 1408 1460 habitus
1423 1431 1494 1460 fidei
1510 1433 1693 1467 evacuatur,
1707 1440 1782 1461 con-

1010 1484 1142 1514 cludunt
1154 1484 1275 1514 ratione
1290 1483 1472 1522 aenigmatis
1479 1485 1510 1513 et
1525 1484 1777 1523 imperfectionis.

1010 1536 1156 1567 Ballones
1179 1546 1255 1569 vero
1270 1537 1309 1567 ad
1331 1537 1511 1576 oppositum
1537 1537 1729 1568 concludunt
1745 1538 1783 1568 de

1009 1591 1076 1630 ipsa
1092 1591 1152 1622 fide
1167 1593 1324 1630 quantum
1340 1591 1378 1621 ad
1403 1591 1602 1630 persectiOnis
1621 1591 1780 1629 habitum,

1009 1646 1040 1674 et
1052 1644 1319 1684 complementum
1334 1644 1475 1674 luminis
1499 1644 1584 1674 Licet
1607 1646 1714 1674 antem
1731 1645 1782 1675 hic
1798 1652 1892 1679 improb.

1010 1698 1123 1728 modus
1138 1697 1261 1727 dicendi
1275 1697 1349 1727 satis
1362 1697 1506 1728 videatur
1521 1697 1704 1736 probabilis,
1717 1707 1783 1728 non

1009 1753 1116 1781 tamen
1132 1752 1282 1780 consonat
1296 1750 1401 1780 verbis
1412 1750 1597 1788 Augustini.
1623 1750 1780 1789 Angusti-

1010 1814 1070 1835 nus
1085 1804 1170 1834 euim
1188 1804 1261 1834 dicit
1280 1804 1312 1833 in
1327 1803 1408 1833 libro
1427 1803 1493 1833 XIV
1510 1804 1547 1834 de
1574 1804 1733 1836 Trinicate
1748 1807 1778 1835 ³:

1014 1857 1139 1894 «Fides,
1151 1866 1223 1896 quae
1240 1856 1370 1886 nuncin
1388 1856 1495 1887 animo
1515 1859 1621 1887 nostro
1639 1860 1684 1887 cst
1698 1858 1785 1888 velut

1010 1921 1125 1950 corpus
1139 1911 1170 1940 in
1184 1911 1263 1947 loco,
1280 1910 1357 1940 dum
1373 1911 1508 1947 tenetur,
1522 1910 1683 1949 aspicitur,
1698 1920 1784 1941 ama-

1012 1965 1073 2001 tur,
1101 1963 1261 2002 quandam
1288 1963 1383 1993 efficit
1406 1962 1606 1993 Trinitatem.
1635 1962 1694 1993 Sed
1717 1964 1784 2003 ipsa

1010 2025 1075 2047 non
1091 2017 1159 2053 erit,
1172 2016 1297 2055 quando
1308 2016 1385 2046 fides
1394 2016 1485 2046 hicin
1500 2016 1610 2046 animo
1620 2026 1685 2047 nou
1701 2017 1760 2047 erit
1776 2028 1782 2047 ε

1011 2079 1083 2109 quze
1095 2078 1171 2100 vero
1186 2071 1261 2099 tunc
1275 2068 1344 2106 erit,
1363 2069 1489 2108 qnando
1506 2070 1576 2108 jam
1605 2069 1783 2100 recordabi-

1011 2131 1084 2153 mur
1100 2122 1133 2152 in
1148 2122 1238 2152 nobis
1251 2121 1359 2159 fuisse,
1372 2124 1402 2152 et
1415 2131 1479 2152 non
1496 2131 1573 2160 esse,
1591 2122 1652 2152 alia
1664 2122 1783 2162 perfec-

1011 2175 1054 2206 tio
1069 2175 1138 2206 erit.
1151 2186 1164 2203 >³
1193 2175 1228 2204 ln
1243 2175 1359 2214 quibus
1374 2175 1478 2205 verbis
1494 2175 1686 2213 vultdicerc,
1703 2176 1784 2206 sicut

1011 2238 1067 2268 per
1081 2228 1276 2267 exemplum,
1286 2228 1370 2267 quod
1380 2228 1583 2267 praemittunt·
1591 2229 1685 2268 paulo
1699 2230 1783 2266 ante,

1010 2283 1105 2321 patet,
1122 2281 1207 2320 quod
1222 2281 1304 2312 sicut
1319 2281 1533 2320 corrumpitur
1557 2281 1685 2320 aliquod
1713 2290 1783 2312 cor—

1012 2343 1082 2374 pus,
1098 2335 1182 2374 quod
1197 2334 1293 2364 homo
1310 2334 1497 2365 sensibiliter
1507 2335 1659 2370 intuetur,
1672 2336 1702 2364 et
1716 2335 1782 2373 ipso

1011 2391 1160 2427 corrupto
1171 2389 1367 2418 memoratur
1379 2388 1477 2426 ipsius
1486 2387 1636 2426 corporis,
1648 2396 1712 2416 non
1727 2396 1783 2425 per

1012 2442 1111 2481 ipsius
1126 2442 1265 2481 corporis
1278 2442 1454 2479 veritatem,
1471 2441 1525 2472 scd
1539 2451 1593 2481 per
1605 2440 1783 2471 similitudi-

1011 2494 1134 2525 nemin
1148 2494 1257 2525 anima
1279 2497 1516 2531 remanentem3
1544 2495 1589 2525 sic
1604 2496 1634 2524 et
1657 2493 1690 2524 in
1715 2494 1783 2532 ipsa

1011 2548 1082 2579 fide.
1103 2548 1190 2579 Unde
1211 2548 1280 2578 vult
1294 2548 1378 2587 quod
1400 2548 1545 2579 habitum
1559 2547 1632 2578 fidei
1653 2549 1780 2584 nostrae,

1013 2646 1038 2650 -
1053 2632 1084 2654 21
1103 2631 1170 2660 Cor„
1188 2636 1248 2657 xxii,
1270 2631 1306 2653 10.
1320 2642 1349 2646 —-
1364 2629 1373 2645 ³
1389 2630 1463 2660 Aug„
1478 2629 1507 2652 de
1529 2629 1628 2653 Trina..
1653 2629 1697 2652 lib.
1718 2629 1780 2660 xliv,

1012 2676 1034 2691 c.
1051 2672 1089 2697 ιιι,
1104 2673 1130 2690 n.
1147 2667 1171 2696 7,
1184 2665 1268 2696 quoad
1285 2671 1397 2688 sensum.
