<?xml version="1.0" encoding="UTF-8"?>
<!DOCTYPE html PUBLIC "-//W3C//DTD XHTML 1.0 Transitional//EN"
    "http://www.w3.org/TR/xhtml1/DTD/xhtml1-transitional.dtd">
<html xmlns="http://www.w3.org/1999/xhtml" xml:lang="en" lang="en">
 <head>
  <title>
</title>
<meta http-equiv="Content-Type" content="text/html;charset=utf-8" />
  <meta name='ocr-system' content='tesseract 3.04.00' />
  <meta name='ocr-capabilities' content='ocr_page ocr_carea ocr_par ocr_line ocrx_word'/>
</head>
<body>
  <div class='ocr_page' id='page_1' title='image "./operaomniasixtiv05bonauoft/operaomniasixtiv05bonauoft_0416.png"; bbox 0 0 2017 2948; ppageno 0'>
   <div class='ocr_carea' id='block_1_1' title="bbox 260 106 317 134">
    <p class='ocr_par' dir='ltr' id='par_1_1' title="bbox 260 106 317 134">
     <span class='ocr_line' id='line_1_1' title="bbox 260 106 317 134; baseline 0 0"><span class='ocrx_word' id='word_1_1' title='bbox 260 106 317 134; x_wconf 81' lang='lat'>398</span> 
     </span>
    </p>
   </div>
   <div class='ocr_carea' id='block_1_2' title="bbox 254 171 1029 1869">
    <p class='ocr_par' dir='ltr' id='par_1_2' title="bbox 254 171 1029 1869">
     <span class='ocr_line' id='line_1_2' title="bbox 260 171 1029 213; baseline 0.004 -13"><span class='ocrx_word' id='word_1_2' title='bbox 260 171 355 208; x_wconf 83' lang='lat' dir='ltr'>tione,</span> <span class='ocrx_word' id='word_1_3' title='bbox 367 171 411 201; x_wconf 89' lang='lat' dir='ltr'>sic</span> <span class='ocrx_word' id='word_1_4' title='bbox 422 171 574 211; x_wconf 81' lang='lat' dir='ltr'>sapientia</span> <span class='ocrx_word' id='word_1_5' title='bbox 585 181 640 211; x_wconf 91' lang='lat' dir='ltr'>per</span> <span class='ocrx_word' id='word_1_6' title='bbox 654 172 758 212; x_wconf 86' lang='lat' dir='ltr'>ipsum</span> <span class='ocrx_word' id='word_1_7' title='bbox 774 174 952 212; x_wconf 77' lang='lat' dir='ltr'>significata</span> <span class='ocrx_word' id='word_1_8' title='bbox 967 174 1029 213; x_wconf 77' lang='lat' dir='ltr'>spi-</span> 
     </span>
     <span class='ocr_line' id='line_1_3' title="bbox 259 223 1029 263; baseline 0.004 -10"><span class='ocrx_word' id='word_1_9' title='bbox 259 223 357 254; x_wconf 90' lang='lat' dir='ltr'>ritum</span> <span class='ocrx_word' id='word_1_10' title='bbox 372 226 549 263; x_wconf 84' lang='lat' dir='ltr'>conservat,</span> <span class='ocrx_word' id='word_1_11' title='bbox 566 234 605 255; x_wconf 88' lang='lat' dir='ltr'>ne</span> <span class='ocrx_word' id='word_1_12' title='bbox 620 225 760 256; x_wconf 83' lang='lat' dir='ltr'>solvatur</span> <span class='ocrx_word' id='word_1_13' title='bbox 774 227 807 256; x_wconf 89' lang='lat' dir='ltr'>in</span> <span class='ocrx_word' id='word_1_14' title='bbox 822 226 917 263; x_wconf 84' lang='lat' dir='ltr'>vitia,</span> <span class='ocrx_word' id='word_1_15' title='bbox 934 229 963 256; x_wconf 90' lang='lat' dir='ltr'>et</span> <span class='ocrx_word' id='word_1_16' title='bbox 977 227 1029 257; x_wconf 75' lang='grc'><strong>110-</strong></span> 
     </span>
     <span class='ocr_line' id='line_1_4' title="bbox 259 278 1027 317; baseline 0.003 -9"><span class='ocrx_word' id='word_1_17' title='bbox 259 279 322 308; x_wconf 80' lang='lat' dir='ltr'>teat</span> <span class='ocrx_word' id='word_1_18' title='bbox 345 287 400 317; x_wconf 89' lang='lat' dir='ltr'>per</span> <span class='ocrx_word' id='word_1_19' title='bbox 420 278 593 309; x_wconf 80' lang='lat' dir='ltr'>infamiam.</span> <span class='ocrx_word' id='word_1_20' title='bbox 612 279 728 309; x_wconf 85' lang='lat' dir='ltr'>Deinde</span> <span class='ocrx_word' id='word_1_21' title='bbox 751 280 939 310; x_wconf 80' lang='lat' dir='ltr'>exsufflatur</span> <span class='ocrx_word' id='word_1_22' title='bbox 961 290 1027 310; x_wconf 82' lang='lat' dir='ltr'>ina-</span> 
     </span>
     <span class='ocr_line' id='line_1_5' title="bbox 258 330 1029 372; baseline 0.005 -13"><span class='ocrx_word' id='word_1_23' title='bbox 258 330 470 370; x_wconf 58' lang='grc'><strong>11131105101-15,</strong></span> <span class='ocrx_word' id='word_1_24' title='bbox 488 335 523 363; x_wconf 88' lang='lat' dir='ltr'>ut</span> <span class='ocrx_word' id='word_1_25' title='bbox 540 333 670 372; x_wconf 81' lang='lat' dir='ltr'>spiritus</span> <span class='ocrx_word' id='word_1_26' title='bbox 685 333 797 372; x_wconf 86' lang='lat' dir='ltr'>spiritu</span> <span class='ocrx_word' id='word_1_27' title='bbox 812 333 957 372; x_wconf 72' lang='lat' dir='ltr'>pellatur,</span> <span class='ocrx_word' id='word_1_28' title='bbox 975 333 1029 363; x_wconf 84' lang='lat' dir='ltr'>sci-</span> 
     </span>
     <span class='ocr_line' id='line_1_6' title="bbox 258 384 1028 425; baseline 0.003 -11"><span class='ocrx_word' id='word_1_29' title='bbox 258 384 328 414; x_wconf 87' lang='lat' dir='ltr'>licet</span> <span class='ocrx_word' id='word_1_30' title='bbox 343 384 462 424; x_wconf 83' lang='lat' dir='ltr'>Spiritu</span> <span class='ocrx_word' id='word_1_31' title='bbox 483 388 589 416; x_wconf 83' lang='lat' dir='ltr'>sancto</span> <span class='ocrx_word' id='word_1_32' title='bbox 605 386 766 424; x_wconf 81' lang='lat' dir='ltr'>malignus</span> <span class='ocrx_word' id='word_1_33' title='bbox 777 410 786 424; x_wconf 85' lang='lat'>,</span> <span class='ocrx_word' id='word_1_34' title='bbox 802 386 877 425; x_wconf 83' lang='lat' dir='ltr'>quia</span> <span class='ocrx_word' id='word_1_35' title='bbox 892 386 1028 425; x_wconf 83' lang='lat' dir='ltr'>Spiritus</span> 
     </span>
     <span class='ocr_line' id='line_1_7' title="bbox 257 440 1027 479; baseline 0.004 -11"><span class='ocrx_word' id='word_1_36' title='bbox 257 442 383 469; x_wconf 88' lang='lat' dir='ltr'>sanctus</span> <span class='ocrx_word' id='word_1_37' title='bbox 400 448 455 478; x_wconf 84' lang='lat' dir='ltr'>per</span> <span class='ocrx_word' id='word_1_38' title='bbox 469 440 578 470; x_wconf 79' lang='lat' dir='ltr'>ssatuni</span> <span class='ocrx_word' id='word_1_39' title='bbox 602 440 694 470; x_wconf 82' lang='lat' dir='ltr'>datus</span> <span class='ocrx_word' id='word_1_40' title='bbox 717 442 781 469; x_wconf 89' lang='lat' dir='ltr'>est¹</span> <span class='ocrx_word' id='word_1_41' title='bbox 797 451 803 470; x_wconf 73' lang='grc' dir='ltr'>ε</span> <span class='ocrx_word' id='word_1_42' title='bbox 828 440 1027 479; x_wconf 76' lang='lat' dir='ltr'>Insufllavit,</span> 
     </span>
     <span class='ocr_line' id='line_1_8' title="bbox 257 491 1026 532; baseline 0 -9"><span class='ocrx_word' id='word_1_43' title='bbox 257 495 285 523; x_wconf 83' lang='lat' dir='ltr'>et</span> <span class='ocrx_word' id='word_1_44' title='bbox 306 491 395 524; x_wconf 68' lang='lat' dir='ltr'>(lixit</span> <span class='ocrx_word' id='word_1_45' title='bbox 416 494 460 524; x_wconf 77' lang='lat' dir='ltr'>eis</span> <span class='ocrx_word' id='word_1_46' title='bbox 485 502 495 523; x_wconf 91' lang='lat'>.·</span> <span class='ocrx_word' id='word_1_47' title='bbox 520 494 662 532; x_wconf 76' lang='lat' dir='ltr'>Accipite</span> <span class='ocrx_word' id='word_1_48' title='bbox 681 493 843 532; x_wconf 71' lang='lat' dir='ltr'>Spiritum</span> <span class='ocrx_word' id='word_1_49' title='bbox 862 496 1026 530; x_wconf 78' lang='lat' dir='ltr'>sanctum,</span> 
     </span>
     <span class='ocr_line' id='line_1_9' title="bbox 257 546 1027 585; baseline 0.001 -9"><span class='ocrx_word' id='word_1_50' title='bbox 257 548 314 576; x_wconf 88' lang='lat' dir='ltr'>etc.</span> <span class='ocrx_word' id='word_1_51' title='bbox 335 546 445 577; x_wconf 79' lang='lat' dir='ltr'>Postea</span> <span class='ocrx_word' id='word_1_52' title='bbox 460 548 640 585; x_wconf 82' lang='lat' dir='ltr'>tanguntur</span> <span class='ocrx_word' id='word_1_53' title='bbox 656 547 684 576; x_wconf 91' lang='lat' dir='ltr'>ei</span> <span class='ocrx_word' id='word_1_54' title='bbox 701 556 794 577; x_wconf 87' lang='lat' dir='ltr'>aures</span> <span class='ocrx_word' id='word_1_55' title='bbox 807 549 837 577; x_wconf 90' lang='lat' dir='ltr'>et</span> <span class='ocrx_word' id='word_1_56' title='bbox 850 556 943 577; x_wconf 89' lang='lat' dir='ltr'>nares</span> <span class='ocrx_word' id='word_1_57' title='bbox 954 556 1027 577; x_wconf 89' lang='lat' dir='ltr'>cum</span> 
     </span>
     <span class='ocr_line' id='line_1_10' title="bbox 257 599 1027 639; baseline 0.001 -10"><span class='ocrx_word' id='word_1_58' title='bbox 257 599 355 630; x_wconf 82' lang='lat' dir='ltr'>saliva</span> <span class='ocrx_word' id='word_1_59' title='bbox 370 623 378 637; x_wconf 86' lang='lat'><strong>‚</strong></span> <span class='ocrx_word' id='word_1_60' title='bbox 395 601 430 629; x_wconf 86' lang='lat' dir='ltr'>ut</span> <span class='ocrx_word' id='word_1_61' title='bbox 451 601 535 629; x_wconf 86' lang='lat' dir='ltr'>tactu</span> <span class='ocrx_word' id='word_1_62' title='bbox 558 608 704 639; x_wconf 80' lang='lat' dir='ltr'>supernae</span> <span class='ocrx_word' id='word_1_63' title='bbox 721 600 883 639; x_wconf 76' lang='lat' dir='ltr'>sapientiae</span> <span class='ocrx_word' id='word_1_64' title='bbox 900 625 908 638; x_wconf 87' lang='lat'>,</span> <span class='ocrx_word' id='word_1_65' title='bbox 934 610 1027 631; x_wconf 86' lang='lat' dir='ltr'>aures</span> 
     </span>
     <span class='ocr_line' id='line_1_11' title="bbox 256 652 1028 692; baseline 0.001 -10"><span class='ocrx_word' id='word_1_66' title='bbox 256 652 439 692; x_wconf 88' lang='lat' dir='ltr'>aperiantur</span> <span class='ocrx_word' id='word_1_67' title='bbox 457 652 486 682; x_wconf 87' lang='grc'>01</span> <span class='ocrx_word' id='word_1_68' title='bbox 503 653 541 683; x_wconf 87' lang='lat' dir='ltr'>ad</span> <span class='ocrx_word' id='word_1_69' title='bbox 556 653 748 683; x_wconf 80' lang='lat' dir='ltr'>audiendum</span> <span class='ocrx_word' id='word_1_70' title='bbox 760 653 895 683; x_wconf 81' lang='lat' dir='ltr'>verbum</span> <span class='ocrx_word' id='word_1_71' title='bbox 910 653 962 683; x_wconf 89' lang='lat' dir='ltr'>Dei</span> <span class='ocrx_word' id='word_1_72' title='bbox 974 677 981 690; x_wconf 86' lang='lat'>,</span> <span class='ocrx_word' id='word_1_73' title='bbox 998 655 1028 684; x_wconf 89' lang='lat' dir='ltr'>et</span> 
     </span>
     <span class='ocr_line' id='line_1_12' title="bbox 256 705 1026 737; baseline 0.003 -3"><span class='ocrx_word' id='word_1_74' title='bbox 256 714 348 735; x_wconf 86' lang='lat' dir='ltr'>nares</span> <span class='ocrx_word' id='word_1_75' title='bbox 383 705 528 735; x_wconf 87' lang='lat' dir='ltr'>similiter</span> <span class='ocrx_word' id='word_1_76' title='bbox 554 706 592 736; x_wconf 89' lang='lat' dir='ltr'>ad</span> <span class='ocrx_word' id='word_1_77' title='bbox 624 706 867 737; x_wconf 86' lang='lat' dir='ltr'>discernendum</span> <span class='ocrx_word' id='word_1_78' title='bbox 898 706 1026 737; x_wconf 83' lang='lat' dir='ltr'>odorem</span> 
     </span>
     <span class='ocr_line' id='line_1_13' title="bbox 258 758 1026 798; baseline 0.001 -9"><span class='ocrx_word' id='word_1_79' title='bbox 258 758 331 789; x_wconf 89' lang='lat' dir='ltr'>vitae</span> <span class='ocrx_word' id='word_1_80' title='bbox 347 761 376 789; x_wconf 89' lang='lat' dir='ltr'>et</span> <span class='ocrx_word' id='word_1_81' title='bbox 395 759 516 789; x_wconf 84' lang='lat' dir='ltr'>mortis.</span> <span class='ocrx_word' id='word_1_82' title='bbox 533 758 597 789; x_wconf 85' lang='lat' dir='ltr'>Hoc</span> <span class='ocrx_word' id='word_1_83' title='bbox 617 760 757 798; x_wconf 80' lang='lat' dir='ltr'>signavit</span> <span class='ocrx_word' id='word_1_84' title='bbox 773 759 942 797; x_wconf 81' lang='lat' dir='ltr'>Dominus,</span> <span class='ocrx_word' id='word_1_85' title='bbox 953 768 1026 790; x_wconf 87' lang='lat' dir='ltr'>cum</span> 
     </span>
     <span class='ocr_line' id='line_1_14' title="bbox 256 812 1026 852; baseline 0.001 -10"><span class='ocrx_word' id='word_1_86' title='bbox 256 812 335 842; x_wconf 79' lang='lat' dir='ltr'>dixit</span> <span class='ocrx_word' id='word_1_87' title='bbox 354 812 387 842; x_wconf 88' lang='lat' dir='ltr'>in</span> <span class='ocrx_word' id='word_1_88' title='bbox 415 813 576 843; x_wconf 75' lang='lat' dir='ltr'>sanatione</span> <span class='ocrx_word' id='word_1_89' title='bbox 600 813 686 843; x_wconf 91' lang='lat' dir='ltr'>surdi</span> <span class='ocrx_word' id='word_1_90' title='bbox 709 815 739 844; x_wconf 94' lang='lat' dir='ltr'>et</span> <span class='ocrx_word' id='word_1_91' title='bbox 762 813 845 843; x_wconf 85' lang='lat' dir='ltr'>muti</span> <span class='ocrx_word' id='word_1_92' title='bbox 872 814 884 830; x_wconf 90' lang='lat'><em>²</em></span> <span class='ocrx_word' id='word_1_93' title='bbox 905 824 910 844; x_wconf 91' lang='lat'>:</span> <span class='ocrx_word' id='word_1_94' title='bbox 935 812 1026 852; x_wconf 80' lang='lat' dir='ltr'>Effe-</span> 
     </span>
     <span class='ocr_line' id='line_1_15' title="bbox 257 865 1026 907; baseline -0.001 -9"><span class='ocrx_word' id='word_1_95' title='bbox 257 869 307 904; x_wconf 83' lang='grc' dir='ltr'>τα,</span> <span class='ocrx_word' id='word_1_96' title='bbox 324 867 382 896; x_wconf 86' lang='lat' dir='ltr'>etc.</span> <span class='ocrx_word' id='word_1_97' title='bbox 398 865 506 897; x_wconf 85' lang='lat' dir='ltr'>Glossa</span> <span class='ocrx_word' id='word_1_98' title='bbox 522 877 528 897; x_wconf 80' lang='lat' dir='ltr'>z</span> <span class='ocrx_word' id='word_1_99' title='bbox 546 878 559 895; x_wconf 85' lang='lat'>«</span> <span class='ocrx_word' id='word_1_100' title='bbox 573 867 709 907; x_wconf 84' lang='lat' dir='ltr'>Sputum</span> <span class='ocrx_word' id='word_1_101' title='bbox 724 867 762 897; x_wconf 88' lang='lat' dir='ltr'>de</span> <span class='ocrx_word' id='word_1_102' title='bbox 783 867 882 906; x_wconf 85' lang='lat' dir='ltr'>capite</span> <span class='ocrx_word' id='word_1_103' title='bbox 899 866 1026 897; x_wconf 86' lang='lat' dir='ltr'>Domini</span> 
     </span>
     <span class='ocr_line' id='line_1_16' title="bbox 257 919 1027 960; baseline 0 -10"><span class='ocrx_word' id='word_1_104' title='bbox 257 921 303 950; x_wconf 84' lang='lat' dir='ltr'>est</span> <span class='ocrx_word' id='word_1_105' title='bbox 316 919 422 949; x_wconf 88' lang='lat' dir='ltr'>divina</span> <span class='ocrx_word' id='word_1_106' title='bbox 438 920 607 959; x_wconf 85' lang='lat' dir='ltr'>sapientia,</span> <span class='ocrx_word' id='word_1_107' title='bbox 625 929 697 960; x_wconf 81' lang='lat' dir='ltr'>quae</span> <span class='ocrx_word' id='word_1_108' title='bbox 713 920 807 950; x_wconf 89' lang='lat' dir='ltr'>solvit</span> <span class='ocrx_word' id='word_1_109' title='bbox 817 920 916 958; x_wconf 77' lang='lat' dir='ltr'>labia,</span> <span class='ocrx_word' id='word_1_110' title='bbox 929 923 964 950; x_wconf 92' lang='lat' dir='ltr'>ut</span> <span class='ocrx_word' id='word_1_111' title='bbox 979 921 1027 951; x_wconf 90' lang='lat' dir='ltr'>di-</span> 
     </span>
     <span class='ocr_line' id='line_1_17' title="bbox 257 974 1024 1006; baseline 0.001 -2"><span class='ocrx_word' id='word_1_112' title='bbox 257 976 306 1005; x_wconf 86' lang='lat' dir='ltr'>cat</span> <span class='ocrx_word' id='word_1_113' title='bbox 323 985 330 1005; x_wconf 79' lang='lat' dir='ltr'>z</span> <span class='ocrx_word' id='word_1_114' title='bbox 349 974 446 1006; x_wconf 80' lang='lat' dir='ltr'>Credo</span> <span class='ocrx_word' id='word_1_115' title='bbox 462 976 498 1006; x_wconf 77' lang='lat' dir='ltr'>in</span> <span class='ocrx_word' id='word_1_116' title='bbox 515 975 622 1006; x_wconf 75' lang='lat' dir='ltr'>Deum.</span> <span class='ocrx_word' id='word_1_117' title='bbox 642 986 656 1003; x_wconf 76' lang='grc'>11</span> <span class='ocrx_word' id='word_1_118' title='bbox 676 974 748 1006; x_wconf 83' lang='lat' dir='ltr'>Post</span> <span class='ocrx_word' id='word_1_119' title='bbox 767 975 836 1005; x_wconf 79' lang='lat' dir='ltr'>haec</span> <span class='ocrx_word' id='word_1_120' title='bbox 853 975 1024 1005; x_wconf 82' lang='lat' dir='ltr'>introduci-</span> 
     </span>
     <span class='ocr_line' id='line_1_18' title="bbox 256 1028 1028 1068; baseline 0.001 -10"><span class='ocrx_word' id='word_1_121' title='bbox 256 1030 308 1059; x_wconf 85' lang='lat' dir='ltr'>tur</span> <span class='ocrx_word' id='word_1_122' title='bbox 325 1028 531 1068; x_wconf 84' lang='lat' dir='ltr'>baptizandus</span> <span class='ocrx_word' id='word_1_123' title='bbox 553 1029 584 1059; x_wconf 89' lang='grc'>111</span> <span class='ocrx_word' id='word_1_124' title='bbox 605 1029 778 1059; x_wconf 85' lang='lat' dir='ltr'>ecclesiam.</span> <span class='ocrx_word' id='word_1_125' title='bbox 795 1029 850 1059; x_wconf 88' lang='lat' dir='ltr'>His</span> <span class='ocrx_word' id='word_1_126' title='bbox 868 1029 983 1058; x_wconf 84' lang='lat' dir='ltr'>habitis</span> <span class='ocrx_word' id='word_1_127' title='bbox 998 1032 1028 1060; x_wconf 85' lang='lat' dir='ltr'>et</span> 
     </span>
     <span class='ocr_line' id='line_1_19' title="bbox 256 1082 1028 1121; baseline -0.001 -8"><span class='ocrx_word' id='word_1_128' title='bbox 256 1082 433 1121; x_wconf 77' lang='lat' dir='ltr'>completis,</span> <span class='ocrx_word' id='word_1_129' title='bbox 450 1082 536 1112; x_wconf 81' lang='lat' dir='ltr'>venit</span> <span class='ocrx_word' id='word_1_130' title='bbox 550 1082 693 1113; x_wconf 74' lang='lat' dir='ltr'>sacerdos</span> <span class='ocrx_word' id='word_1_131' title='bbox 706 1082 745 1112; x_wconf 88' lang='lat' dir='ltr'>ad</span> <span class='ocrx_word' id='word_1_132' title='bbox 760 1082 878 1112; x_wconf 86' lang='lat' dir='ltr'>fontem</span> <span class='ocrx_word' id='word_1_133' title='bbox 888 1106 896 1118; x_wconf 88' lang='lat'>,</span> <span class='ocrx_word' id='word_1_134' title='bbox 913 1084 943 1112; x_wconf 84' lang='lat' dir='ltr'>et</span> <span class='ocrx_word' id='word_1_135' title='bbox 957 1091 1028 1112; x_wconf 80' lang='lat' dir='ltr'>con—</span> 
     </span>
     <span class='ocr_line' id='line_1_20' title="bbox 256 1134 1027 1172; baseline -0.003 -6"><span class='ocrx_word' id='word_1_136' title='bbox 256 1137 397 1166; x_wconf 84' lang='lat' dir='ltr'>secratur</span> <span class='ocrx_word' id='word_1_137' title='bbox 416 1136 485 1165; x_wconf 85' lang='lat' dir='ltr'>sons</span> <span class='ocrx_word' id='word_1_138' title='bbox 507 1135 539 1166; x_wconf 91' lang='lat' dir='ltr'>in</span> <span class='ocrx_word' id='word_1_139' title='bbox 556 1135 684 1165; x_wconf 88' lang='lat' dir='ltr'>nomine</span> <span class='ocrx_word' id='word_1_140' title='bbox 700 1135 815 1172; x_wconf 86' lang='lat' dir='ltr'>Patris,</span> <span class='ocrx_word' id='word_1_141' title='bbox 838 1138 868 1165; x_wconf 90' lang='lat' dir='ltr'>et</span> <span class='ocrx_word' id='word_1_142' title='bbox 889 1134 980 1170; x_wconf 91' lang='lat' dir='ltr'>Filii,</span> <span class='ocrx_word' id='word_1_143' title='bbox 998 1138 1027 1166; x_wconf 88' lang='lat' dir='ltr'>et</span> 
     </span>
     <span class='ocr_line' id='line_1_21' title="bbox 257 1188 1027 1228; baseline -0.003 -9"><span class='ocrx_word' id='word_1_144' title='bbox 257 1189 392 1228; x_wconf 72' lang='lat' dir='ltr'>Spiritus</span> <span class='ocrx_word' id='word_1_145' title='bbox 408 1189 506 1219; x_wconf 82' lang='lat' dir='ltr'>sancti</span> <span class='ocrx_word' id='word_1_146' title='bbox 517 1212 526 1226; x_wconf 84' lang='grc'><strong>,</strong></span> <span class='ocrx_word' id='word_1_147' title='bbox 545 1190 578 1217; x_wconf 88' lang='grc'>111</span> <span class='ocrx_word' id='word_1_148' title='bbox 594 1188 739 1218; x_wconf 84' lang='lat' dir='ltr'>sanctitas</span> <span class='ocrx_word' id='word_1_149' title='bbox 759 1188 947 1218; x_wconf 75' lang='lat' dir='ltr'>sacramenti</span> <span class='ocrx_word' id='word_1_150' title='bbox 962 1197 1027 1218; x_wconf 91' lang='lat' dir='ltr'>non</span> 
     </span>
     <span class='ocr_line' id='line_1_22' title="bbox 257 1240 1026 1281; baseline -0.003 -9"><span class='ocrx_word' id='word_1_151' title='bbox 257 1251 296 1272; x_wconf 78' lang='lat' dir='ltr'>ex</span> <span class='ocrx_word' id='word_1_152' title='bbox 311 1251 348 1273; x_wconf 88' lang='lat' dir='ltr'>eo</span> <span class='ocrx_word' id='word_1_153' title='bbox 363 1242 417 1281; x_wconf 85' lang='lat' dir='ltr'>qui</span> <span class='ocrx_word' id='word_1_154' title='bbox 432 1242 590 1272; x_wconf 77' lang='lat' dir='ltr'>ministrat</span> <span class='ocrx_word' id='word_1_155' title='bbox 604 1243 746 1270; x_wconf 73' lang='lat' dir='ltr'>constare</span> <span class='ocrx_word' id='word_1_156' title='bbox 766 1241 899 1278; x_wconf 80' lang='lat' dir='ltr'>sciatur,</span> <span class='ocrx_word' id='word_1_157' title='bbox 917 1240 971 1270; x_wconf 84' lang='grc'><strong>5011</strong></span> <span class='ocrx_word' id='word_1_158' title='bbox 987 1250 1026 1270; x_wconf 80' lang='lat' dir='ltr'>ex</span> 
     </span>
     <span class='ocr_line' id='line_1_23' title="bbox 257 1294 1025 1335; baseline -0.001 -9"><span class='ocrx_word' id='word_1_159' title='bbox 257 1305 293 1326; x_wconf 89' lang='lat' dir='ltr'>eo</span> <span class='ocrx_word' id='word_1_160' title='bbox 308 1296 363 1335; x_wconf 90' lang='lat' dir='ltr'>qui</span> <span class='ocrx_word' id='word_1_161' title='bbox 387 1295 570 1325; x_wconf 83' lang='lat' dir='ltr'>sanctificat.</span> <span class='ocrx_word' id='word_1_162' title='bbox 589 1294 661 1325; x_wconf 84' lang='lat' dir='ltr'>Post</span> <span class='ocrx_word' id='word_1_163' title='bbox 683 1294 754 1325; x_wconf 76' lang='lat' dir='ltr'>haec</span> <span class='ocrx_word' id='word_1_164' title='bbox 777 1295 913 1324; x_wconf 77' lang='lat' dir='ltr'>traditur</span> <span class='ocrx_word' id='word_1_165' title='bbox 934 1303 1025 1325; x_wconf 74' lang='lat' dir='ltr'>novae</span> 
     </span>
     <span class='ocr_line' id='line_1_24' title="bbox 256 1348 1026 1388; baseline -0.004 -8"><span class='ocrx_word' id='word_1_166' title='bbox 256 1349 331 1380; x_wconf 78' lang='lat' dir='ltr'>vitae</span> <span class='ocrx_word' id='word_1_167' title='bbox 353 1349 552 1380; x_wconf 81' lang='lat' dir='ltr'>auditoribus</span> <span class='ocrx_word' id='word_1_168' title='bbox 581 1348 816 1378; x_wconf 75' lang='lat' dir='ltr'>catechumenis</span> <span class='ocrx_word' id='word_1_169' title='bbox 845 1348 1026 1388; x_wconf 81' lang='lat' dir='ltr'>symbolum</span> 
     </span>
     <span class='ocr_line' id='line_1_25' title="bbox 255 1402 1026 1442; baseline -0.003 -9"><span class='ocrx_word' id='word_1_170' title='bbox 255 1402 342 1440; x_wconf 83' lang='lat' dir='ltr'>fidei,</span> <span class='ocrx_word' id='word_1_171' title='bbox 358 1403 464 1442; x_wconf 88' lang='lat' dir='ltr'>inquo</span> <span class='ocrx_word' id='word_1_172' title='bbox 479 1402 658 1442; x_wconf 59' lang='lat' dir='ltr'>apostolicae</span> <span class='ocrx_word' id='word_1_173' title='bbox 675 1402 825 1432; x_wconf 62' lang='lat' dir='ltr'>doctrina:</span> <span class='ocrx_word' id='word_1_174' title='bbox 841 1402 942 1431; x_wconf 84' lang='lat' dir='ltr'>forma</span> <span class='ocrx_word' id='word_1_175' title='bbox 954 1411 1026 1432; x_wconf 91' lang='lat' dir='ltr'>con-</span> 
     </span>
     <span class='ocr_line' id='line_1_26' title="bbox 255 1456 1024 1493; baseline 0 -8"><span class='ocrx_word' id='word_1_176' title='bbox 255 1457 347 1487; x_wconf 85' lang='lat' dir='ltr'>sistit.</span> <span class='ocrx_word' id='word_1_177' title='bbox 366 1456 429 1487; x_wconf 87' lang='lat' dir='ltr'>[loc</span> <span class='ocrx_word' id='word_1_178' title='bbox 445 1466 508 1487; x_wconf 92' lang='lat' dir='ltr'>non</span> <span class='ocrx_word' id='word_1_179' title='bbox 523 1456 636 1486; x_wconf 83' lang='lat' dir='ltr'>dicitur</span> <span class='ocrx_word' id='word_1_180' title='bbox 651 1456 683 1485; x_wconf 93' lang='lat' dir='ltr'>in</span> <span class='ocrx_word' id='word_1_181' title='bbox 704 1456 856 1486; x_wconf 86' lang='lat' dir='ltr'>moderno</span> <span class='ocrx_word' id='word_1_182' title='bbox 871 1456 1004 1486; x_wconf 86' lang='lat' dir='ltr'>ordinali</span> <span class='ocrx_word' id='word_1_183' title='bbox 1017 1480 1024 1493; x_wconf 81' lang='lat'>‚</span> 
     </span>
     <span class='ocr_line' id='line_1_27' title="bbox 256 1509 1025 1548; baseline 0 -9"><span class='ocrx_word' id='word_1_184' title='bbox 256 1511 291 1539; x_wconf 82' lang='lat' dir='ltr'>ut</span> <span class='ocrx_word' id='word_1_185' title='bbox 301 1509 405 1540; x_wconf 87' lang='lat' dir='ltr'>credo.</span> <span class='ocrx_word' id='word_1_186' title='bbox 415 1509 487 1539; x_wconf 83' lang='lat' dir='ltr'>Post</span> <span class='ocrx_word' id='word_1_187' title='bbox 497 1509 557 1539; x_wconf 88' lang='grc'><strong>1100</strong></span> <span class='ocrx_word' id='word_1_188' title='bbox 567 1509 690 1540; x_wconf 86' lang='lat' dir='ltr'>oblatus</span> <span class='ocrx_word' id='word_1_189' title='bbox 701 1510 739 1539; x_wconf 88' lang='lat' dir='ltr'>ad</span> <span class='ocrx_word' id='word_1_190' title='bbox 751 1509 945 1548; x_wconf 76' lang='lat' dir='ltr'>baptismum</span> <span class='ocrx_word' id='word_1_191' title='bbox 957 1518 1025 1548; x_wconf 86' lang='lat' dir='ltr'>par-</span> 
     </span>
     <span class='ocr_line' id='line_1_28' title="bbox 257 1562 1026 1601; baseline 0 -9"><span class='ocrx_word' id='word_1_192' title='bbox 257 1562 363 1599; x_wconf 81' lang='lat' dir='ltr'>vuius,</span> <span class='ocrx_word' id='word_1_193' title='bbox 372 1565 403 1593; x_wconf 87' lang='lat' dir='ltr'>et</span> <span class='ocrx_word' id='word_1_194' title='bbox 411 1563 649 1601; x_wconf 64' lang='lat' dir='ltr'>interrogatus-a</span> <span class='ocrx_word' id='word_1_195' title='bbox 658 1562 829 1599; x_wconf 86' lang='lat' dir='ltr'>sacerdote,</span> <span class='ocrx_word' id='word_1_196' title='bbox 839 1562 1026 1593; x_wconf 76' lang='lat' dir='ltr'>siabremm·</span> 
     </span>
     <span class='ocr_line' id='line_1_29' title="bbox 255 1615 1025 1655; baseline -0.003 -9"><span class='ocrx_word' id='word_1_197' title='bbox 255 1616 459 1653; x_wconf 73' lang='lat' dir='ltr'>cietsacanoe,</span> <span class='ocrx_word' id='word_1_198' title='bbox 471 1619 499 1647; x_wconf 78' lang='lat' dir='ltr'>ec</span> <span class='ocrx_word' id='word_1_199' title='bbox 508 1616 787 1655; x_wconf 66' lang='lat' dir='ltr'>ominibuspompis</span> <span class='ocrx_word' id='word_1_200' title='bbox 800 1615 880 1653; x_wconf 73' lang='lat' dir='ltr'>ejus,</span> <span class='ocrx_word' id='word_1_201' title='bbox 892 1615 1025 1646; x_wconf 64' lang='grc'><strong>010111111-</strong></span> 
     </span>
     <span class='ocr_line' id='line_1_30' title="bbox 255 1669 1025 1709; baseline -0.001 -10"><span class='ocrx_word' id='word_1_202' title='bbox 255 1669 312 1701; x_wconf 77' lang='lat' dir='ltr'>bus</span> <span class='ocrx_word' id='word_1_203' title='bbox 331 1670 476 1709; x_wconf 66' lang='lat' dir='ltr'>operibus</span> <span class='ocrx_word' id='word_1_204' title='bbox 492 1669 577 1709; x_wconf 76' lang='lat' dir='ltr'>ejus,</span> <span class='ocrx_word' id='word_1_205' title='bbox 594 1678 720 1708; x_wconf 86' lang='lat' dir='ltr'>perora</span> <span class='ocrx_word' id='word_1_206' title='bbox 742 1669 937 1707; x_wconf 74' lang='lat' dir='ltr'>gestantium</span> <span class='ocrx_word' id='word_1_207' title='bbox 960 1677 1025 1698; x_wconf 85' lang='lat' dir='ltr'>res-</span> 
     </span>
     <span class='ocr_line' id='line_1_31' title="bbox 254 1721 1025 1762; baseline -0.005 -8"><span class='ocrx_word' id='word_1_208' title='bbox 254 1723 380 1762; x_wconf 84' lang='lat' dir='ltr'>pondet,</span> <span class='ocrx_word' id='word_1_209' title='bbox 394 1725 428 1753; x_wconf 88' lang='lat' dir='ltr'>ut</span> <span class='ocrx_word' id='word_1_210' title='bbox 438 1723 541 1754; x_wconf 85' lang='lat' dir='ltr'>aliena</span> <span class='ocrx_word' id='word_1_211' title='bbox 554 1723 722 1762; x_wconf 84' lang='lat' dir='ltr'>iniquitate</span> <span class='ocrx_word' id='word_1_212' title='bbox 732 1722 905 1761; x_wconf 82' lang='lat' dir='ltr'>obligatus,</span> <span class='ocrx_word' id='word_1_213' title='bbox 923 1721 1025 1751; x_wconf 87' lang='lat' dir='ltr'>aliena</span> 
     </span>
     <span class='ocr_line' id='line_1_32' title="bbox 255 1774 1023 1814; baseline -0.005 -7"><span class='ocrx_word' id='word_1_214' title='bbox 255 1777 331 1814; x_wconf 82' lang='lat' dir='ltr'>fide,</span> <span class='ocrx_word' id='word_1_215' title='bbox 343 1779 374 1807; x_wconf 88' lang='lat' dir='ltr'>et</span> <span class='ocrx_word' id='word_1_216' title='bbox 388 1776 581 1807; x_wconf 85' lang='lat' dir='ltr'>confessione</span> <span class='ocrx_word' id='word_1_217' title='bbox 595 1775 746 1806; x_wconf 83' lang='lat' dir='ltr'>salvetur.</span> <span class='ocrx_word' id='word_1_218' title='bbox 762 1775 874 1806; x_wconf 80' lang='lat' dir='ltr'>Postea</span> <span class='ocrx_word' id='word_1_219' title='bbox 889 1774 1023 1813; x_wconf 82' lang='lat' dir='ltr'>inungi-</span> 
     </span>
     <span class='ocr_line' id='line_1_33' title="bbox 254 1828 1026 1869; baseline -0.004 -8"><span class='ocrx_word' id='word_1_220' title='bbox 254 1832 307 1861; x_wconf 92' lang='lat' dir='ltr'>tur</span> <span class='ocrx_word' id='word_1_221' title='bbox 323 1830 391 1861; x_wconf 89' lang='lat' dir='ltr'>oleo</span> <span class='ocrx_word' id='word_1_222' title='bbox 404 1839 493 1861; x_wconf 83' lang='lat' dir='ltr'>sacro</span> <span class='ocrx_word' id='word_1_223' title='bbox 501 1830 534 1860; x_wconf 95' lang='lat' dir='ltr'>in</span> <span class='ocrx_word' id='word_1_224' title='bbox 548 1831 684 1869; x_wconf 80' lang='lat' dir='ltr'>pectore,</span> <span class='ocrx_word' id='word_1_225' title='bbox 694 1831 848 1869; x_wconf 84' lang='lat' dir='ltr'>tanquam</span> <span class='ocrx_word' id='word_1_226' title='bbox 861 1828 1026 1860; x_wconf 85' lang='lat' dir='ltr'>muniatur</span> 
     </span>
    </p>
   </div>
   <div class='ocr_carea' id='block_1_3' title="bbox 817 106 1298 139">
    <p class='ocr_par' dir='ltr' id='par_1_3' title="bbox 817 106 1298 139">
     <span class='ocr_line' id='line_1_34' title="bbox 817 106 1298 139; baseline 0.004 -2"><span class='ocrx_word' id='word_1_227' title='bbox 817 106 1127 138; x_wconf 77' lang='lat' dir='ltr'>SENTENTlARUM</span> <span class='ocrx_word' id='word_1_228' title='bbox 1149 108 1222 139; x_wconf 81' lang='lat' dir='ltr'>LlB.</span> <span class='ocrx_word' id='word_1_229' title='bbox 1249 108 1298 139; x_wconf 78' lang='lat' dir='ltr'>iv.</span> 
     </span>
    </p>
   </div>
   <div class='ocr_carea' id='block_1_4' title="bbox 1082 175 1859 1866">
    <p class='ocr_par' dir='ltr' id='par_1_4' title="bbox 1082 175 1859 1866">
     <span class='ocr_line' id='line_1_35' title="bbox 1086 175 1859 218; baseline 0.01 -14"><span class='ocrx_word' id='word_1_230' title='bbox 1086 175 1238 206; x_wconf 81' lang='lat' dir='ltr'>adversus</span> <span class='ocrx_word' id='word_1_231' title='bbox 1253 175 1387 209; x_wconf 83' lang='lat' dir='ltr'>hostem.</span> <span class='ocrx_word' id='word_1_232' title='bbox 1400 185 1441 207; x_wconf 87' lang='lat' dir='ltr'>ne</span> <span class='ocrx_word' id='word_1_233' title='bbox 1451 178 1479 207; x_wconf 85' lang='lat' dir='ltr'>ei</span> <span class='ocrx_word' id='word_1_234' title='bbox 1491 177 1636 218; x_wconf 84' lang='lat' dir='ltr'>deinceps</span> <span class='ocrx_word' id='word_1_235' title='bbox 1652 179 1816 212; x_wconf 86' lang='lat' dir='ltr'>immunda</span> <span class='ocrx_word' id='word_1_236' title='bbox 1829 183 1859 212; x_wconf 88' lang='lat' dir='ltr'>et</span> 
     </span>
     <span class='ocr_line' id='line_1_36' title="bbox 1087 228 1859 270; baseline 0.01 -13"><span class='ocrx_word' id='word_1_237' title='bbox 1087 228 1182 258; x_wconf 74' lang='lat' dir='ltr'>noxia</span> <span class='ocrx_word' id='word_1_238' title='bbox 1210 230 1399 268; x_wconf 77' lang='lat' dir='ltr'>persuadere</span> <span class='ocrx_word' id='word_1_239' title='bbox 1423 231 1530 270; x_wconf 81' lang='lat' dir='ltr'>possit.</span> <span class='ocrx_word' id='word_1_240' title='bbox 1555 230 1693 270; x_wconf 78' lang='lat' dir='ltr'>Ungitur</span> <span class='ocrx_word' id='word_1_241' title='bbox 1718 236 1749 264; x_wconf 86' lang='lat' dir='ltr'>et.</span> <span class='ocrx_word' id='word_1_242' title='bbox 1776 234 1859 265; x_wconf 84' lang='lat' dir='ltr'>inter</span> 
     </span>
     <span class='ocr_line' id='line_1_37' title="bbox 1086 281 1859 324; baseline 0.01 -14"><span class='ocrx_word' id='word_1_243' title='bbox 1086 281 1230 320; x_wconf 71' lang='lat' dir='ltr'>scapulas</span> <span class='ocrx_word' id='word_1_244' title='bbox 1247 307 1255 320; x_wconf 87' lang='lat'>,</span> <span class='ocrx_word' id='word_1_245' title='bbox 1282 283 1335 312; x_wconf 88' lang='grc'><strong>11111</strong></span> <span class='ocrx_word' id='word_1_246' title='bbox 1360 284 1454 322; x_wconf 72' lang='lat' dir='ltr'>vigor</span> <span class='ocrx_word' id='word_1_247' title='bbox 1476 285 1621 323; x_wconf 81' lang='lat' dir='ltr'>portandi</span> <span class='ocrx_word' id='word_1_248' title='bbox 1642 294 1723 315; x_wconf 91' lang='lat' dir='ltr'>onus</span> <span class='ocrx_word' id='word_1_249' title='bbox 1738 289 1803 324; x_wconf 85' lang='lat' dir='ltr'>est,</span> <span class='ocrx_word' id='word_1_250' title='bbox 1822 290 1859 318; x_wconf 89' lang='lat' dir='ltr'>ut</span> 
     </span>
     <span class='ocr_line' id='line_1_38' title="bbox 1085 334 1858 377; baseline 0.008 -13"><span class='ocrx_word' id='word_1_251' title='bbox 1085 334 1301 366; x_wconf 80' lang='lat' dir='ltr'>fortitudinem</span> <span class='ocrx_word' id='word_1_252' title='bbox 1328 337 1458 376; x_wconf 81' lang='lat' dir='ltr'>accipiat</span> <span class='ocrx_word' id='word_1_253' title='bbox 1486 337 1524 367; x_wconf 84' lang='lat' dir='ltr'>ad</span> <span class='ocrx_word' id='word_1_254' title='bbox 1555 338 1746 377; x_wconf 87' lang='lat' dir='ltr'>portandum</span> <span class='ocrx_word' id='word_1_255' title='bbox 1775 348 1858 370; x_wconf 82' lang='lat' dir='ltr'>onus</span> 
     </span>
     <span class='ocr_line' id='line_1_39' title="bbox 1086 388 1858 429; baseline 0.009 -11"><span class='ocrx_word' id='word_1_256' title='bbox 1086 388 1209 419; x_wconf 81' lang='lat' dir='ltr'>Christi.</span> <span class='ocrx_word' id='word_1_257' title='bbox 1237 389 1350 419; x_wconf 78' lang='lat' dir='ltr'>Deinde</span> <span class='ocrx_word' id='word_1_258' title='bbox 1374 390 1610 429; x_wconf 78' lang='lat' dir='ltr'>interrogatur,</span> <span class='ocrx_word' id='word_1_259' title='bbox 1636 391 1661 421; x_wconf 88' lang='lat' dir='ltr'>si</span> <span class='ocrx_word' id='word_1_260' title='bbox 1687 391 1797 424; x_wconf 82' lang='lat' dir='ltr'>credat</span> <span class='ocrx_word' id='word_1_261' title='bbox 1821 393 1858 424; x_wconf 75' lang='lat' dir='ltr'>in</span> 
     </span>
     <span class='ocr_line' id='line_1_40' title="bbox 1087 442 1858 484; baseline 0.01 -15"><span class='ocrx_word' id='word_1_262' title='bbox 1087 443 1184 472; x_wconf 79' lang='lat' dir='ltr'>Deum</span> <span class='ocrx_word' id='word_1_263' title='bbox 1203 442 1328 473; x_wconf 76' lang='lat' dir='ltr'>l’czlrem</span> <span class='ocrx_word' id='word_1_264' title='bbox 1339 467 1348 481; x_wconf 93' lang='lat'>,</span> <span class='ocrx_word' id='word_1_265' title='bbox 1363 447 1390 474; x_wconf 80' lang='lat' dir='ltr'>ec</span> <span class='ocrx_word' id='word_1_266' title='bbox 1406 444 1545 481; x_wconf 74' lang='lat' dir='ltr'>Filium,</span> <span class='ocrx_word' id='word_1_267' title='bbox 1563 447 1592 475; x_wconf 81' lang='lat' dir='ltr'>et</span> <span class='ocrx_word' id='word_1_268' title='bbox 1608 444 1766 484; x_wconf 73' lang='lat' dir='ltr'>Spiritum</span> <span class='ocrx_word' id='word_1_269' title='bbox 1781 453 1858 476; x_wconf 81' lang='lat' dir='ltr'>san-</span> 
     </span>
     <span class='ocr_line' id='line_1_41' title="bbox 1084 497 1856 535; baseline 0.005 -11"><span class='ocrx_word' id='word_1_270' title='bbox 1084 499 1183 532; x_wconf 74' lang='lat' dir='ltr'>ctum,</span> <span class='ocrx_word' id='word_1_271' title='bbox 1210 504 1305 527; x_wconf 78' lang='lat' dir='ltr'>unam</span> <span class='ocrx_word' id='word_1_272' title='bbox 1325 497 1498 528; x_wconf 75' lang='lat' dir='ltr'>Ecclesiam</span> <span class='ocrx_word' id='word_1_273' title='bbox 1520 498 1726 535; x_wconf 79' lang='lat' dir='ltr'>catholicam,</span> <span class='ocrx_word' id='word_1_274' title='bbox 1746 499 1856 530; x_wconf 82' lang='lat' dir='ltr'>remis-</span> 
     </span>
     <span class='ocr_line' id='line_1_42' title="bbox 1084 548 1859 588; baseline 0.005 -10"><span class='ocrx_word' id='word_1_275' title='bbox 1084 548 1204 579; x_wconf 77' lang='lat' dir='ltr'>sionem</span> <span class='ocrx_word' id='word_1_276' title='bbox 1227 555 1422 588; x_wconf 74' lang='lat' dir='ltr'>peccatorum</span> <span class='ocrx_word' id='word_1_277' title='bbox 1435 574 1442 586; x_wconf 85' lang='lat'>‚</span> <span class='ocrx_word' id='word_1_278' title='bbox 1459 553 1487 581; x_wconf 83' lang='lat' dir='ltr'>et</span> <span class='ocrx_word' id='word_1_279' title='bbox 1508 552 1610 583; x_wconf 76' lang='lat' dir='ltr'>vitam</span> <span class='ocrx_word' id='word_1_280' title='bbox 1635 556 1787 583; x_wconf 73' lang='lat' dir='ltr'>(eternam</span> <span class='ocrx_word' id='word_1_281' title='bbox 1802 561 1812 580; x_wconf 96' lang='grc'>.·</span> <span class='ocrx_word' id='word_1_282' title='bbox 1828 554 1859 582; x_wconf 82' lang='grc'>01</span> 
     </span>
     <span class='ocr_line' id='line_1_43' title="bbox 1084 602 1855 642; baseline 0.005 -12"><span class='ocrx_word' id='word_1_283' title='bbox 1084 602 1142 631; x_wconf 81' lang='lat' dir='ltr'>sub</span> <span class='ocrx_word' id='word_1_284' title='bbox 1166 602 1224 631; x_wconf 85' lang='lat' dir='ltr'>hac</span> <span class='ocrx_word' id='word_1_285' title='bbox 1248 603 1319 632; x_wconf 81' lang='lat' dir='ltr'>tidei</span> <span class='ocrx_word' id='word_1_286' title='bbox 1337 603 1558 642; x_wconf 78' lang='lat' dir='ltr'>responsione,</span> <span class='ocrx_word' id='word_1_287' title='bbox 1576 606 1606 633; x_wconf 91' lang='lat' dir='ltr'>et</span> <span class='ocrx_word' id='word_1_288' title='bbox 1625 604 1708 634; x_wconf 88' lang='lat' dir='ltr'>trina</span> <span class='ocrx_word' id='word_1_289' title='bbox 1724 604 1855 634; x_wconf 87' lang='lat' dir='ltr'>immer-</span> 
     </span>
     <span class='ocr_line' id='line_1_44' title="bbox 1085 655 1855 692; baseline 0.005 -8"><span class='ocrx_word' id='word_1_290' title='bbox 1085 655 1186 692; x_wconf 76' lang='lat' dir='ltr'>sione,</span> <span class='ocrx_word' id='word_1_291' title='bbox 1201 664 1219 685; x_wconf 82' lang='lat' dir='ltr'>a</span> <span class='ocrx_word' id='word_1_292' title='bbox 1233 656 1379 686; x_wconf 81' lang='lat' dir='ltr'>sordibus</span> <span class='ocrx_word' id='word_1_293' title='bbox 1394 657 1559 687; x_wconf 86' lang='lat' dir='ltr'>vetustatis</span> <span class='ocrx_word' id='word_1_294' title='bbox 1578 657 1719 688; x_wconf 83' lang='lat' dir='ltr'>abluitur</span> <span class='ocrx_word' id='word_1_295' title='bbox 1733 666 1855 688; x_wconf 92' lang='lat' dir='ltr'>novum</span> 
     </span>
     <span class='ocr_line' id='line_1_45' title="bbox 1084 708 1854 750; baseline 0.004 -13"><span class='ocrx_word' id='word_1_296' title='bbox 1084 708 1212 738; x_wconf 69' lang='lat' dir='ltr'>indutus</span> <span class='ocrx_word' id='word_1_297' title='bbox 1238 709 1410 739; x_wconf 77' lang='grc'><strong>1100110001.</strong></span> <span class='ocrx_word' id='word_1_298' title='bbox 1430 709 1544 740; x_wconf 86' lang='lat' dir='ltr'>Deinde</span> <span class='ocrx_word' id='word_1_299' title='bbox 1564 712 1731 750; x_wconf 83' lang='lat' dir='ltr'>postquam</span> <span class='ocrx_word' id='word_1_300' title='bbox 1753 710 1854 750; x_wconf 85' lang='lat' dir='ltr'>bapti·</span> 
     </span>
     <span class='ocr_line' id='line_1_46' title="bbox 1084 762 1855 800; baseline 0.003 -9"><span class='ocrx_word' id='word_1_301' title='bbox 1084 764 1170 792; x_wconf 82' lang='lat' dir='ltr'>zatus</span> <span class='ocrx_word' id='word_1_302' title='bbox 1200 772 1218 791; x_wconf 82' lang='lat' dir='ltr'>a</span> <span class='ocrx_word' id='word_1_303' title='bbox 1251 763 1334 792; x_wconf 75' lang='lat' dir='ltr'>tonte</span> <span class='ocrx_word' id='word_1_304' title='bbox 1362 762 1530 800; x_wconf 82' lang='lat' dir='ltr'>ascendit,</span> <span class='ocrx_word' id='word_1_305' title='bbox 1562 772 1650 793; x_wconf 86' lang='lat' dir='ltr'>sacro</span> <span class='ocrx_word' id='word_1_306' title='bbox 1687 763 1855 794; x_wconf 89' lang='lat' dir='ltr'>chrismate</span> 
     </span>
     <span class='ocr_line' id='line_1_47' title="bbox 1086 815 1856 856; baseline 0.004 -12"><span class='ocrx_word' id='word_1_307' title='bbox 1086 815 1117 844; x_wconf 87' lang='lat' dir='ltr'>in</span> <span class='ocrx_word' id='word_1_308' title='bbox 1133 816 1247 845; x_wconf 78' lang='lat' dir='ltr'>vertice</span> <span class='ocrx_word' id='word_1_309' title='bbox 1264 815 1399 853; x_wconf 72' lang='lat' dir='ltr'>ungitur</span> <span class='ocrx_word' id='word_1_310' title='bbox 1410 839 1418 853; x_wconf 91' lang='lat'>,</span> <span class='ocrx_word' id='word_1_311' title='bbox 1442 818 1477 845; x_wconf 89' lang='lat' dir='ltr'>ut</span> <span class='ocrx_word' id='word_1_312' title='bbox 1501 816 1647 855; x_wconf 88' lang='lat' dir='ltr'>spiritum</span> <span class='ocrx_word' id='word_1_313' title='bbox 1663 816 1777 847; x_wconf 82' lang='lat' dir='ltr'>Christi</span> <span class='ocrx_word' id='word_1_314' title='bbox 1788 826 1856 856; x_wconf 86' lang='lat' dir='ltr'>par-</span> 
     </span>
     <span class='ocr_line' id='line_1_48' title="bbox 1084 869 1858 909; baseline 0.003 -11"><span class='ocrx_word' id='word_1_315' title='bbox 1084 869 1240 908; x_wconf 81' lang='lat' dir='ltr'>ticipando</span> <span class='ocrx_word' id='word_1_316' title='bbox 1265 869 1376 899; x_wconf 85' lang='lat' dir='ltr'>merito</span> <span class='ocrx_word' id='word_1_317' title='bbox 1401 869 1513 899; x_wconf 82' lang='lat' dir='ltr'>Christi</span> <span class='ocrx_word' id='word_1_318' title='bbox 1534 869 1680 909; x_wconf 85' lang='lat' dir='ltr'>deinceps</span> <span class='ocrx_word' id='word_1_319' title='bbox 1703 869 1858 901; x_wconf 79' lang='lat' dir='ltr'>christia-</span> 
     </span>
     <span class='ocr_line' id='line_1_49' title="bbox 1084 921 1857 962; baseline 0 -10"><span class='ocrx_word' id='word_1_320' title='bbox 1084 930 1145 953; x_wconf 79' lang='lat' dir='ltr'>wes</span> <span class='ocrx_word' id='word_1_321' title='bbox 1173 922 1371 962; x_wconf 83' lang='lat' dir='ltr'>appelletur,</span> <span class='ocrx_word' id='word_1_322' title='bbox 1402 923 1542 952; x_wconf 68' lang='lat' dir='ltr'>cohaeres</span> <span class='ocrx_word' id='word_1_323' title='bbox 1571 922 1665 961; x_wconf 86' lang='lat' dir='ltr'>regni</span> <span class='ocrx_word' id='word_1_324' title='bbox 1689 924 1719 952; x_wconf 82' lang='lat' dir='ltr'>et</span> <span class='ocrx_word' id='word_1_325' title='bbox 1745 921 1857 960; x_wconf 85' lang='lat' dir='ltr'>gloriae</span> 
     </span>
     <span class='ocr_line' id='line_1_50' title="bbox 1083 974 1857 1005; baseline 0 -1"><span class='ocrx_word' id='word_1_326' title='bbox 1083 984 1171 1005; x_wconf 66' lang='lat' dir='ltr'>sacra</span> <span class='ocrx_word' id='word_1_327' title='bbox 1207 975 1354 1005; x_wconf 77' lang='lat' dir='ltr'>unctione</span> <span class='ocrx_word' id='word_1_328' title='bbox 1391 975 1531 1005; x_wconf 77' lang='lat' dir='ltr'>eftectus,</span> <span class='ocrx_word' id='word_1_329' title='bbox 1570 974 1686 1005; x_wconf 85' lang='lat' dir='ltr'>Deinde</span> <span class='ocrx_word' id='word_1_330' title='bbox 1723 974 1857 1004; x_wconf 87' lang='lat' dir='ltr'>traditur</span> 
     </span>
     <span class='ocr_line' id='line_1_51' title="bbox 1084 1027 1856 1068; baseline 0 -10"><span class='ocrx_word' id='word_1_331' title='bbox 1084 1029 1140 1068; x_wconf 82' lang='lat' dir='ltr'>ipsi</span> <span class='ocrx_word' id='word_1_332' title='bbox 1160 1030 1227 1067; x_wconf 82' lang='lat' dir='ltr'>jam</span> <span class='ocrx_word' id='word_1_333' title='bbox 1251 1028 1421 1059; x_wconf 63' lang='lat' dir='ltr'>christiano</span> <span class='ocrx_word' id='word_1_334' title='bbox 1448 1028 1543 1058; x_wconf 84' lang='lat' dir='ltr'>vestis</span> <span class='ocrx_word' id='word_1_335' title='bbox 1569 1027 1719 1066; x_wconf 84' lang='lat' dir='ltr'>candida,</span> <span class='ocrx_word' id='word_1_336' title='bbox 1743 1029 1777 1058; x_wconf 87' lang='lat' dir='ltr'>ut</span> <span class='ocrx_word' id='word_1_337' title='bbox 1801 1028 1856 1067; x_wconf 92' lang='lat' dir='ltr'>qui</span> 
     </span>
     <span class='ocr_line' id='line_1_52' title="bbox 1084 1080 1856 1121; baseline 0 -10"><span class='ocrx_word' id='word_1_338' title='bbox 1084 1081 1195 1121; x_wconf 49' lang='lat' dir='ltr'>primae</span> <span class='ocrx_word' id='word_1_339' title='bbox 1224 1081 1395 1111; x_wconf 82' lang='lat' dir='ltr'>nativitatis</span> <span class='ocrx_word' id='word_1_340' title='bbox 1423 1081 1567 1111; x_wconf 83' lang='lat' dir='ltr'>decorem</span> <span class='ocrx_word' id='word_1_341' title='bbox 1592 1080 1758 1110; x_wconf 84' lang='lat' dir='ltr'>vetustatis</span> <span class='ocrx_word' id='word_1_342' title='bbox 1782 1090 1856 1120; x_wconf 88' lang='lat' dir='ltr'>pan-</span> 
     </span>
     <span class='ocr_line' id='line_1_53' title="bbox 1083 1133 1857 1172; baseline -0.001 -8"><span class='ocrx_word' id='word_1_343' title='bbox 1083 1135 1131 1164; x_wconf 65' lang='lat' dir='ltr'>nis</span> <span class='ocrx_word' id='word_1_344' title='bbox 1147 1134 1382 1171; x_wconf 82' lang='lat' dir='ltr'>obfuscaverat,</span> <span class='ocrx_word' id='word_1_345' title='bbox 1399 1134 1509 1164; x_wconf 86' lang='lat' dir='ltr'>habitu</span> <span class='ocrx_word' id='word_1_346' title='bbox 1521 1133 1772 1171; x_wconf 79' lang='lat' dir='ltr'>regenerationis</span> <span class='ocrx_word' id='word_1_347' title='bbox 1789 1133 1857 1172; x_wconf 84' lang='lat' dir='ltr'>glo-</span> 
     </span>
     <span class='ocr_line' id='line_1_54' title="bbox 1086 1186 1854 1226; baseline 0 -10"><span class='ocrx_word' id='word_1_348' title='bbox 1086 1187 1142 1216; x_wconf 78' lang='lat' dir='ltr'>riae</span> <span class='ocrx_word' id='word_1_349' title='bbox 1172 1187 1316 1226; x_wconf 65' lang='lat' dir='ltr'>praesemt</span> <span class='ocrx_word' id='word_1_350' title='bbox 1339 1187 1574 1217; x_wconf 86' lang='lat' dir='ltr'>indumentum.</span> <span class='ocrx_word' id='word_1_351' title='bbox 1601 1186 1736 1225; x_wconf 82' lang='lat' dir='ltr'>Tegitur</span> <span class='ocrx_word' id='word_1_352' title='bbox 1760 1186 1854 1216; x_wconf 82' lang='lat' dir='ltr'>etiam</span> 
     </span>
     <span class='ocr_line' id='line_1_55' title="bbox 1083 1239 1852 1278; baseline -0.001 -9"><span class='ocrx_word' id='word_1_353' title='bbox 1083 1242 1177 1278; x_wconf 69' lang='lat' dir='ltr'>caput</span> <span class='ocrx_word' id='word_1_354' title='bbox 1206 1248 1294 1269; x_wconf 72' lang='lat' dir='ltr'>sacro</span> <span class='ocrx_word' id='word_1_355' title='bbox 1322 1239 1478 1270; x_wconf 84' lang='lat' dir='ltr'>velamine</span> <span class='ocrx_word' id='word_1_356' title='bbox 1506 1242 1576 1278; x_wconf 88' lang='lat' dir='ltr'>post</span> <span class='ocrx_word' id='word_1_357' title='bbox 1598 1240 1779 1269; x_wconf 84' lang='lat' dir='ltr'>unctionem</span> <span class='ocrx_word' id='word_1_358' title='bbox 1803 1248 1852 1269; x_wconf 87' lang='lat' dir='ltr'>sa-</span> 
     </span>
     <span class='ocr_line' id='line_1_56' title="bbox 1083 1294 1855 1333; baseline -0.003 -8"><span class='ocrx_word' id='word_1_359' title='bbox 1083 1305 1184 1331; x_wconf 81' lang='lat' dir='ltr'>cram,</span> <span class='ocrx_word' id='word_1_360' title='bbox 1203 1298 1237 1324; x_wconf 82' lang='grc'>111</span> <span class='ocrx_word' id='word_1_361' title='bbox 1258 1295 1416 1333; x_wconf 78' lang='lat' dir='ltr'>intelligat</span> <span class='ocrx_word' id='word_1_362' title='bbox 1435 1304 1467 1324; x_wconf 88' lang='lat' dir='ltr'>se</span> <span class='ocrx_word' id='word_1_363' title='bbox 1493 1294 1668 1325; x_wconf 85' lang='lat' dir='ltr'>diademate</span> <span class='ocrx_word' id='word_1_364' title='bbox 1693 1294 1808 1332; x_wconf 85' lang='lat' dir='ltr'>regni,</span> <span class='ocrx_word' id='word_1_365' title='bbox 1825 1296 1855 1324; x_wconf 81' lang='lat' dir='ltr'>et</span> 
     </span>
     <span class='ocr_line' id='line_1_57' title="bbox 1083 1347 1853 1387; baseline 0 -10"><span class='ocrx_word' id='word_1_366' title='bbox 1083 1348 1263 1378; x_wconf 77' lang='lat' dir='ltr'>sacerdotali</span> <span class='ocrx_word' id='word_1_367' title='bbox 1281 1348 1435 1386; x_wconf 77' lang='lat' dir='ltr'>dignitate</span> <span class='ocrx_word' id='word_1_368' title='bbox 1452 1348 1557 1387; x_wconf 91' lang='lat' dir='ltr'>potiri.</span> <span class='ocrx_word' id='word_1_369' title='bbox 1574 1347 1620 1378; x_wconf 82' lang='lat' dir='ltr'>Ad</span> <span class='ocrx_word' id='word_1_370' title='bbox 1637 1347 1789 1378; x_wconf 87' lang='lat' dir='ltr'>ultimum</span> <span class='ocrx_word' id='word_1_371' title='bbox 1803 1356 1853 1377; x_wconf 84' lang='lat' dir='ltr'>ce-</span> 
     </span>
     <span class='ocr_line' id='line_1_58' title="bbox 1083 1401 1854 1440; baseline -0.001 -9"><span class='ocrx_word' id='word_1_372' title='bbox 1083 1410 1315 1431; x_wconf 78' lang='lat' dir='ltr'>reusaccensus</span> <span class='ocrx_word' id='word_1_373' title='bbox 1332 1401 1424 1431; x_wconf 85' lang='lat' dir='ltr'>datur</span> <span class='ocrx_word' id='word_1_374' title='bbox 1439 1401 1471 1430; x_wconf 88' lang='lat' dir='ltr'>in</span> <span class='ocrx_word' id='word_1_375' title='bbox 1489 1410 1586 1431; x_wconf 84' lang='lat' dir='ltr'>manu</span> <span class='ocrx_word' id='word_1_376' title='bbox 1601 1401 1682 1440; x_wconf 81' lang='lat' dir='ltr'>ejus,</span> <span class='ocrx_word' id='word_1_377' title='bbox 1698 1402 1854 1440; x_wconf 83' lang='lat' dir='ltr'>quatenus</span> 
     </span>
     <span class='ocr_line' id='line_1_59' title="bbox 1083 1453 1855 1495; baseline 0.001 -11"><span class='ocrx_word' id='word_1_378' title='bbox 1083 1455 1214 1495; x_wconf 77' lang='lat' dir='ltr'>implere</span> <span class='ocrx_word' id='word_1_379' title='bbox 1230 1455 1378 1485; x_wconf 70' lang='lat' dir='ltr'>doceatur</span> <span class='ocrx_word' id='word_1_380' title='bbox 1392 1454 1468 1484; x_wconf 87' lang='lat' dir='ltr'>illud</span> <span class='ocrx_word' id='word_1_381' title='bbox 1480 1454 1643 1493; x_wconf 81' lang='lat' dir='ltr'>Evangelii</span> <span class='ocrx_word' id='word_1_382' title='bbox 1653 1456 1679 1483; x_wconf 80' lang='lat'>³:</span> <span class='ocrx_word' id='word_1_383' title='bbox 1692 1453 1743 1485; x_wconf 75' lang='lat' dir='ltr'>Sic</span> <span class='ocrx_word' id='word_1_384' title='bbox 1755 1453 1855 1485; x_wconf 75' lang='lat' dir='ltr'>luceat</span> 
     </span>
     <span class='ocr_line' id='line_1_60' title="bbox 1083 1506 1855 1546; baseline -0.004 -7"><span class='ocrx_word' id='word_1_385' title='bbox 1083 1509 1139 1539; x_wconf 64' lang='grc' dir='ltr'>[ιω</span> <span class='ocrx_word' id='word_1_386' title='bbox 1160 1512 1266 1540; x_wconf 73' lang='lat' dir='ltr'>vestra</span> <span class='ocrx_word' id='word_1_387' title='bbox 1287 1516 1393 1540; x_wconf 80' lang='lat' dir='ltr'>coram</span> <span class='ocrx_word' id='word_1_388' title='bbox 1416 1507 1609 1539; x_wconf 73' lang='lat' dir='ltr'>hominibus.</span> <span class='ocrx_word' id='word_1_389' title='bbox 1631 1506 1717 1538; x_wconf 81' lang='lat' dir='ltr'>lianc</span> <span class='ocrx_word' id='word_1_390' title='bbox 1738 1507 1855 1546; x_wconf 86' lang='lat' dir='ltr'>lampa-</span> 
     </span>
     <span class='ocr_line' id='line_1_61' title="bbox 1082 1560 1856 1599; baseline -0.003 -7"><span class='ocrx_word' id='word_1_391' title='bbox 1082 1562 1152 1592; x_wconf 87' lang='lat' dir='ltr'>dem</span> <span class='ocrx_word' id='word_1_392' title='bbox 1182 1562 1206 1591; x_wconf 86' lang='lat' dir='ltr'>si</span> <span class='ocrx_word' id='word_1_393' title='bbox 1235 1560 1517 1599; x_wconf 76' lang='lat' dir='ltr'>inextiriguibilem</span> <span class='ocrx_word' id='word_1_394' title='bbox 1540 1560 1742 1598; x_wconf 83' lang='lat' dir='ltr'>servaverit,</span> <span class='ocrx_word' id='word_1_395' title='bbox 1774 1560 1856 1591; x_wconf 89' lang='lat' dir='ltr'>inter</span> 
     </span>
     <span class='ocr_line' id='line_1_62' title="bbox 1082 1612 1853 1653; baseline -0.003 -9"><span class='ocrx_word' id='word_1_396' title='bbox 1082 1614 1225 1653; x_wconf 81' lang='lat' dir='ltr'>virgines</span> <span class='ocrx_word' id='word_1_397' title='bbox 1252 1615 1409 1653; x_wconf 75' lang='lat' dir='ltr'>sapientes</span> <span class='ocrx_word' id='word_1_398' title='bbox 1435 1623 1508 1643; x_wconf 89' lang='grc'><strong>00111</strong></span> <span class='ocrx_word' id='word_1_399' title='bbox 1534 1622 1649 1652; x_wconf 88' lang='lat' dir='ltr'>sponso</span> <span class='ocrx_word' id='word_1_400' title='bbox 1674 1612 1791 1643; x_wconf 84' lang='lat' dir='ltr'>coelesti</span> <span class='ocrx_word' id='word_1_401' title='bbox 1814 1612 1853 1643; x_wconf 88' lang='lat' dir='ltr'>ad</span> 
     </span>
     <span class='ocr_line' id='line_1_63' title="bbox 1082 1665 1850 1707; baseline -0.003 -10"><span class='ocrx_word' id='word_1_402' title='bbox 1082 1668 1208 1707; x_wconf 85' lang='lat' dir='ltr'>nuptias</span> <span class='ocrx_word' id='word_1_403' title='bbox 1225 1666 1376 1697; x_wconf 86' lang='lat' dir='ltr'>introibit.</span> <span class='ocrx_word' id='word_1_404' title='bbox 1394 1666 1432 1696; x_wconf 82' lang='lat' dir='ltr'>Et</span> <span class='ocrx_word' id='word_1_405' title='bbox 1446 1666 1550 1696; x_wconf 86' lang='lat' dir='ltr'>statim</span> <span class='ocrx_word' id='word_1_406' title='bbox 1563 1688 1573 1702; x_wconf 92' lang='lat'>,</span> <span class='ocrx_word' id='word_1_407' title='bbox 1589 1666 1614 1695; x_wconf 89' lang='lat' dir='ltr'>si</span> <span class='ocrx_word' id='word_1_408' title='bbox 1630 1665 1718 1696; x_wconf 86' lang='lat' dir='ltr'>adest</span> <span class='ocrx_word' id='word_1_409' title='bbox 1731 1665 1850 1705; x_wconf 81' lang='lat' dir='ltr'>episco-</span> 
     </span>
     <span class='ocr_line' id='line_1_64' title="bbox 1082 1718 1854 1760; baseline -0.003 -10"><span class='ocrx_word' id='word_1_410' title='bbox 1082 1730 1141 1760; x_wconf 90' lang='lat' dir='ltr'>pus</span> <span class='ocrx_word' id='word_1_411' title='bbox 1155 1744 1164 1758; x_wconf 86' lang='lat'>,</span> <span class='ocrx_word' id='word_1_412' title='bbox 1191 1720 1415 1757; x_wconf 82' lang='lat' dir='ltr'>confirmatur,</span> <span class='ocrx_word' id='word_1_413' title='bbox 1446 1721 1476 1749; x_wconf 83' lang='lat' dir='ltr'>et</span> <span class='ocrx_word' id='word_1_414' title='bbox 1498 1719 1592 1749; x_wconf 86' lang='lat' dir='ltr'>datur</span> <span class='ocrx_word' id='word_1_415' title='bbox 1613 1719 1642 1749; x_wconf 92' lang='lat' dir='ltr'>ei</span> <span class='ocrx_word' id='word_1_416' title='bbox 1662 1718 1854 1749; x_wconf 85' lang='lat' dir='ltr'>eucharistia</span> 
     </span>
     <span class='ocr_line' id='line_1_65' title="bbox 1083 1771 1853 1814; baseline -0.003 -10"><span class='ocrx_word' id='word_1_417' title='bbox 1083 1775 1153 1814; x_wconf 89' lang='lat' dir='ltr'>post</span> <span class='ocrx_word' id='word_1_418' title='bbox 1167 1772 1457 1809; x_wconf 80' lang='lat' dir='ltr'>confirmationem,</span> <span class='ocrx_word' id='word_1_419' title='bbox 1474 1772 1501 1802; x_wconf 89' lang='lat' dir='ltr'>si</span> <span class='ocrx_word' id='word_1_420' title='bbox 1521 1772 1560 1802; x_wconf 86' lang='lat' dir='ltr'>sit</span> <span class='ocrx_word' id='word_1_421' title='bbox 1581 1771 1729 1809; x_wconf 85' lang='lat' dir='ltr'>adultus,</span> <span class='ocrx_word' id='word_1_422' title='bbox 1746 1773 1782 1802; x_wconf 89' lang='lat' dir='ltr'>ut</span> <span class='ocrx_word' id='word_1_423' title='bbox 1808 1771 1853 1802; x_wconf 92' lang='lat' dir='ltr'>sic</span> 
     </span>
     <span class='ocr_line' id='line_1_66' title="bbox 1083 1826 1447 1866; baseline -0.005 -8"><span class='ocrx_word' id='word_1_424' title='bbox 1083 1826 1204 1858; x_wconf 86' lang='lat' dir='ltr'>Christo</span> <span class='ocrx_word' id='word_1_425' title='bbox 1218 1826 1447 1866; x_wconf 89' lang='lat' dir='ltr'>incorporetur.</span> 
     </span>
    </p>
   </div>
   <div class='ocr_carea' id='block_1_5' title="bbox 748 1973 1357 2023">
    <p class='ocr_par' dir='ltr' id='par_1_5' title="bbox 748 1973 1357 2023">
     <span class='ocr_line' id='line_1_67' title="bbox 748 1973 1357 2023; baseline -0.005 0"><span class='ocrx_word' id='word_1_426' title='bbox 748 1974 1199 2023; x_wconf 89' lang='lat' dir='ltr'>DISTINCTIO</span> <span class='ocrx_word' id='word_1_427' title='bbox 1251 1973 1357 2021; x_wconf 84' lang='lat' dir='ltr'>Vll</span> 
     </span>
    </p>
   </div>
   <div class='ocr_carea' id='block_1_6' title="bbox 863 2088 1240 2112">
    <p class='ocr_par' dir='ltr' id='par_1_6' title="bbox 863 2088 1240 2112">
     <span class='ocr_line' id='line_1_68' title="bbox 863 2088 1240 2112; baseline -0.005 0"><span class='ocrx_word' id='word_1_428' title='bbox 863 2090 905 2112; x_wconf 80' lang='lat' dir='ltr'>DE</span> <span class='ocrx_word' id='word_1_429' title='bbox 933 2088 1240 2112; x_wconf 82' lang='lat' dir='ltr'>CONFIRMATIONE.</span> 
     </span>
    </p>
   </div>
   <div class='ocr_carea' id='block_1_7' title="bbox 255 2172 1848 2573">
    <p class='ocr_par' dir='ltr' id='par_1_7' title="bbox 255 2172 1848 2573">
     <span class='ocr_line' id='line_1_69' title="bbox 300 2172 1844 2218; baseline -0.005 -6"><span class='ocrx_word' id='word_1_430' title='bbox 300 2181 394 2214; x_wconf 83' lang='lat' dir='ltr'>Nunc</span> <span class='ocrx_word' id='word_1_431' title='bbox 421 2179 461 2212; x_wconf 85' lang='lat' dir='ltr'>de</span> <span class='ocrx_word' id='word_1_432' title='bbox 487 2182 688 2211; x_wconf 82' lang='lat' dir='ltr'>sacramento</span> <span class='ocrx_word' id='word_1_433' title='bbox 713 2176 972 2211; x_wconf 79' lang='lat' dir='ltr'>confirmationis</span> <span class='ocrx_word' id='word_1_434' title='bbox 998 2175 1184 2210; x_wconf 85' lang='lat' dir='ltr'>addendum</span> <span class='ocrx_word' id='word_1_435' title='bbox 1210 2178 1256 2208; x_wconf 87' lang='lat' dir='ltr'>est</span> <span class='ocrx_word' id='word_1_436' title='bbox 1273 2187 1280 2208; x_wconf 90' lang='lat'><strong>:</strong></span> <span class='ocrx_word' id='word_1_437' title='bbox 1297 2174 1336 2206; x_wconf 89' lang='lat' dir='ltr'>de</span> <span class='ocrx_word' id='word_1_438' title='bbox 1359 2174 1453 2218; x_wconf 86' lang='lat' dir='ltr'>cujus</span> <span class='ocrx_word' id='word_1_439' title='bbox 1480 2173 1601 2206; x_wconf 88' lang='lat' dir='ltr'>virtute</span> <span class='ocrx_word' id='word_1_440' title='bbox 1628 2172 1731 2217; x_wconf 88' lang='lat' dir='ltr'>quaeri</span> <span class='ocrx_word' id='word_1_441' title='bbox 1752 2172 1844 2205; x_wconf 82' lang='lat' dir='ltr'>solet.</span> 
     </span>
     <span class='ocr_line' id='line_1_70' title="bbox 255 2229 1847 2280; baseline -0.006 -8"><span class='ocrx_word' id='word_1_442' title='bbox 255 2239 375 2272; x_wconf 82' lang='lat' dir='ltr'>Forma</span> <span class='ocrx_word' id='word_1_443' title='bbox 389 2236 475 2269; x_wconf 86' lang='lat' dir='ltr'>enim</span> <span class='ocrx_word' id='word_1_444' title='bbox 491 2240 602 2280; x_wconf 85' lang='lat' dir='ltr'>aperta</span> <span class='ocrx_word' id='word_1_445' title='bbox 617 2239 682 2277; x_wconf 86' lang='lat' dir='ltr'>est,</span> <span class='ocrx_word' id='word_1_446' title='bbox 699 2235 821 2268; x_wconf 86' lang='lat' dir='ltr'>scilicet</span> <span class='ocrx_word' id='word_1_447' title='bbox 838 2235 937 2269; x_wconf 84' lang='lat' dir='ltr'>verba</span> <span class='ocrx_word' id='word_1_448' title='bbox 955 2246 1029 2279; x_wconf 77' lang='lat' dir='ltr'>quae</span> <span class='ocrx_word' id='word_1_449' title='bbox 1046 2233 1123 2266; x_wconf 89' lang='lat' dir='ltr'>dicit</span> <span class='ocrx_word' id='word_1_450' title='bbox 1138 2232 1315 2278; x_wconf 85' lang='lat' dir='ltr'>Episcopus</span> <span class='ocrx_word' id='word_1_451' title='bbox 1329 2257 1336 2273; x_wconf 88' lang='lat'>‚</span> <span class='ocrx_word' id='word_1_452' title='bbox 1353 2242 1427 2263; x_wconf 89' lang='grc'><strong>00111</strong></span> <span class='ocrx_word' id='word_1_453' title='bbox 1444 2230 1623 2275; x_wconf 85' lang='lat' dir='ltr'>baptizatos</span> <span class='ocrx_word' id='word_1_454' title='bbox 1635 2230 1670 2263; x_wconf 91' lang='lat' dir='ltr'>in</span> <span class='ocrx_word' id='word_1_455' title='bbox 1684 2229 1847 2263; x_wconf 81' lang='lat' dir='ltr'>frontibus</span> 
     </span>
     <span class='ocr_line' id='line_1_71' title="bbox 256 2286 1848 2337; baseline -0.006 -9"><span class='ocrx_word' id='word_1_456' title='bbox 256 2307 346 2330; x_wconf 82' lang='lat' dir='ltr'>sacro</span> <span class='ocrx_word' id='word_1_457' title='bbox 366 2295 473 2337; x_wconf 79' lang='lat' dir='ltr'>signat</span> <span class='ocrx_word' id='word_1_458' title='bbox 492 2293 676 2326; x_wconf 77' lang='lat' dir='ltr'>chrismate.</span> <span class='ocrx_word' id='word_1_459' title='bbox 703 2293 772 2326; x_wconf 86' lang='lat' dir='ltr'>Hoc</span> <span class='ocrx_word' id='word_1_460' title='bbox 795 2297 1035 2326; x_wconf 85' lang='lat' dir='ltr'>sacramentum</span> <span class='ocrx_word' id='word_1_461' title='bbox 1056 2291 1098 2324; x_wconf 85' lang='lat' dir='ltr'>ab</span> <span class='ocrx_word' id='word_1_462' title='bbox 1123 2290 1196 2323; x_wconf 85' lang='lat' dir='ltr'>aliis</span> <span class='ocrx_word' id='word_1_463' title='bbox 1223 2289 1335 2334; x_wconf 86' lang='lat' dir='ltr'>perfici</span> <span class='ocrx_word' id='word_1_464' title='bbox 1358 2300 1424 2321; x_wconf 89' lang='lat' dir='ltr'>non</span> <span class='ocrx_word' id='word_1_465' title='bbox 1450 2291 1568 2332; x_wconf 85' lang='lat' dir='ltr'>potest,</span> <span class='ocrx_word' id='word_1_466' title='bbox 1586 2288 1649 2320; x_wconf 90' lang='lat' dir='ltr'>nisi</span> <span class='ocrx_word' id='word_1_467' title='bbox 1670 2299 1689 2320; x_wconf 90' lang='lat' dir='ltr'>a</span> <span class='ocrx_word' id='word_1_468' title='bbox 1711 2286 1848 2327; x_wconf 87' lang='lat' dir='ltr'>summis</span> 
     </span>
     <span class='ocr_line' id='line_1_72' title="bbox 255 2343 1846 2395; baseline -0.008 -6"><span class='ocrx_word' id='word_1_469' title='bbox 255 2352 474 2388; x_wconf 82' lang='lat' dir='ltr'>sacerdotibus</span> <span class='ocrx_word' id='word_1_470' title='bbox 499 2363 506 2384; x_wconf 73' lang='grc' dir='ltr'>ε</span> <span class='ocrx_word' id='word_1_471' title='bbox 534 2362 593 2384; x_wconf 84' lang='grc'><strong>1100</strong></span> <span class='ocrx_word' id='word_1_472' title='bbox 607 2376 616 2392; x_wconf 87' lang='grc'><strong>,</strong></span> <span class='ocrx_word' id='word_1_473' title='bbox 646 2355 789 2395; x_wconf 86' lang='lat' dir='ltr'>tempore</span> <span class='ocrx_word' id='word_1_474' title='bbox 816 2350 1069 2395; x_wconf 85' lang='lat' dir='ltr'>Apostolorum,</span> <span class='ocrx_word' id='word_1_475' title='bbox 1093 2348 1134 2381; x_wconf 87' lang='lat' dir='ltr'>ab</span> <span class='ocrx_word' id='word_1_476' title='bbox 1161 2347 1234 2380; x_wconf 84' lang='lat' dir='ltr'>aliis</span> <span class='ocrx_word' id='word_1_477' title='bbox 1255 2358 1355 2392; x_wconf 87' lang='lat' dir='ltr'>quam</span> <span class='ocrx_word' id='word_1_478' title='bbox 1378 2346 1418 2378; x_wconf 88' lang='lat' dir='ltr'>ab</span> <span class='ocrx_word' id='word_1_479' title='bbox 1440 2346 1518 2390; x_wconf 90' lang='lat' dir='ltr'>ipsis</span> <span class='ocrx_word' id='word_1_480' title='bbox 1539 2345 1703 2389; x_wconf 87' lang='lat' dir='ltr'>Apostolis</span> <span class='ocrx_word' id='word_1_481' title='bbox 1725 2343 1846 2388; x_wconf 85' lang='lat' dir='ltr'>legitur</span> 
     </span>
     <span class='ocr_line' id='line_1_73' title="bbox 256 2401 1841 2458; baseline -0.007 -14"><span class='ocrx_word' id='word_1_482' title='bbox 256 2416 422 2458; x_wconf 85' lang='lat' dir='ltr'>peractum</span> <span class='ocrx_word' id='word_1_483' title='bbox 437 2423 445 2452; x_wconf 91' lang='lat'>;</span> <span class='ocrx_word' id='word_1_484' title='bbox 463 2420 521 2443; x_wconf 90' lang='lat' dir='ltr'>nec</span> <span class='ocrx_word' id='word_1_485' title='bbox 536 2408 576 2441; x_wconf 81' lang='lat' dir='ltr'>ab</span> <span class='ocrx_word' id='word_1_486' title='bbox 590 2408 663 2441; x_wconf 84' lang='lat' dir='ltr'>aliis</span> <span class='ocrx_word' id='word_1_487' title='bbox 674 2434 682 2449; x_wconf 95' lang='lat'>,</span> <span class='ocrx_word' id='word_1_488' title='bbox 699 2419 798 2453; x_wconf 89' lang='lat' dir='ltr'>quam</span> <span class='ocrx_word' id='word_1_489' title='bbox 813 2408 854 2441; x_wconf 86' lang='lat' dir='ltr'>ab</span> <span class='ocrx_word' id='word_1_490' title='bbox 868 2408 935 2440; x_wconf 90' lang='lat' dir='ltr'>illis</span> <span class='ocrx_word' id='word_1_491' title='bbox 945 2407 1003 2452; x_wconf 86' lang='lat' dir='ltr'>qui</span> <span class='ocrx_word' id='word_1_492' title='bbox 1018 2407 1128 2440; x_wconf 85' lang='lat' dir='ltr'>locum</span> <span class='ocrx_word' id='word_1_493' title='bbox 1143 2416 1257 2438; x_wconf 89' lang='lat' dir='ltr'>eorum</span> <span class='ocrx_word' id='word_1_494' title='bbox 1273 2408 1404 2445; x_wconf 86' lang='lat' dir='ltr'>tenent,</span> <span class='ocrx_word' id='word_1_495' title='bbox 1421 2402 1534 2448; x_wconf 86' lang='lat' dir='ltr'>perfici</span> <span class='ocrx_word' id='word_1_496' title='bbox 1549 2406 1652 2447; x_wconf 89' lang='lat' dir='ltr'>potest</span> <span class='ocrx_word' id='word_1_497' title='bbox 1666 2406 1723 2436; x_wconf 85' lang='lat' dir='ltr'>aut</span> <span class='ocrx_word' id='word_1_498' title='bbox 1735 2401 1841 2434; x_wconf 82' lang='lat' dir='ltr'>debet.</span> 
     </span>
     <span class='ocr_line' id='line_1_74' title="bbox 255 2458 1844 2511; baseline -0.007 -9"><span class='ocrx_word' id='word_1_499' title='bbox 255 2470 338 2503; x_wconf 85' lang='lat' dir='ltr'>Nam</span> <span class='ocrx_word' id='word_1_500' title='bbox 353 2470 381 2502; x_wconf 88' lang='lat' dir='ltr'>si</span> <span class='ocrx_word' id='word_1_501' title='bbox 401 2468 496 2501; x_wconf 85' lang='lat' dir='ltr'>aliter</span> <span class='ocrx_word' id='word_1_502' title='bbox 520 2469 756 2511; x_wconf 78' lang='lat' dir='ltr'>praesumptum</span> <span class='ocrx_word' id='word_1_503' title='bbox 779 2465 898 2508; x_wconf 87' lang='lat' dir='ltr'>fuerit,</span> <span class='ocrx_word' id='word_1_504' title='bbox 915 2465 1046 2498; x_wconf 85' lang='lat' dir='ltr'>irritum</span> <span class='ocrx_word' id='word_1_505' title='bbox 1067 2464 1206 2497; x_wconf 85' lang='lat' dir='ltr'>habetur</span> <span class='ocrx_word' id='word_1_506' title='bbox 1222 2466 1253 2495; x_wconf 85' lang='lat' dir='ltr'>et</span> <span class='ocrx_word' id='word_1_507' title='bbox 1275 2473 1416 2496; x_wconf 84' lang='lat' dir='ltr'>vacuum</span> <span class='ocrx_word' id='word_1_508' title='bbox 1430 2487 1438 2503; x_wconf 88' lang='lat'>,</span> <span class='ocrx_word' id='word_1_509' title='bbox 1454 2471 1512 2494; x_wconf 90' lang='lat' dir='ltr'>nec</span> <span class='ocrx_word' id='word_1_510' title='bbox 1534 2461 1619 2494; x_wconf 89' lang='lat' dir='ltr'>inter</span> <span class='ocrx_word' id='word_1_511' title='bbox 1633 2458 1844 2493; x_wconf 86' lang='lat' dir='ltr'>ecclesiastica</span> 
     </span>
     <span class='ocr_line' id='line_1_75' title="bbox 256 2515 1843 2573; baseline -0.008 -13"><span class='ocrx_word' id='word_1_512' title='bbox 256 2526 462 2573; x_wconf 87' lang='lat' dir='ltr'>reputabitur</span> <span class='ocrx_word' id='word_1_513' title='bbox 475 2527 687 2558; x_wconf 84' lang='lat' dir='ltr'>sacramenta.</span> <span class='ocrx_word' id='word_1_514' title='bbox 703 2523 792 2557; x_wconf 87' lang='lat' dir='ltr'>Licet</span> <span class='ocrx_word' id='word_1_515' title='bbox 806 2527 917 2556; x_wconf 88' lang='lat' dir='ltr'>autem</span> <span class='ocrx_word' id='word_1_516' title='bbox 930 2521 1128 2567; x_wconf 81' lang='lat' dir='ltr'>presbyteris</span> <span class='ocrx_word' id='word_1_517' title='bbox 1142 2520 1321 2565; x_wconf 82' lang='lat' dir='ltr'>baptizatos</span> <span class='ocrx_word' id='word_1_518' title='bbox 1342 2523 1473 2562; x_wconf 81' lang='lat' dir='ltr'>tangere</span> <span class='ocrx_word' id='word_1_519' title='bbox 1486 2519 1521 2552; x_wconf 91' lang='lat' dir='ltr'>in</span> <span class='ocrx_word' id='word_1_520' title='bbox 1536 2521 1662 2563; x_wconf 82' lang='lat' dir='ltr'>pectore</span> <span class='ocrx_word' id='word_1_521' title='bbox 1674 2542 1682 2558; x_wconf 96' lang='lat'>,</span> <span class='ocrx_word' id='word_1_522' title='bbox 1698 2515 1753 2550; x_wconf 89' lang='lat' dir='ltr'>sed</span> <span class='ocrx_word' id='word_1_523' title='bbox 1777 2526 1843 2548; x_wconf 90' lang='lat' dir='ltr'>non</span> 
     </span>
    </p>
   </div>
   <div class='ocr_carea' id='block_1_8' title="bbox 289 2589 1046 2625">
    <p class='ocr_par' dir='ltr' id='par_1_8' title="bbox 289 2589 1046 2625">
     <span class='ocr_line' id='line_1_76' title="bbox 289 2589 1046 2625; baseline -0.008 -6"><span class='ocrx_word' id='word_1_524' title='bbox 289 2597 295 2609; x_wconf 85' lang='lat'>¹</span> <span class='ocrx_word' id='word_1_525' title='bbox 309 2595 389 2624; x_wconf 73' lang='lat' dir='ltr'>Joan.¹</span> <span class='ocrx_word' id='word_1_526' title='bbox 402 2599 446 2625; x_wconf 83' lang='lat' dir='ltr'>xx,</span> <span class='ocrx_word' id='word_1_527' title='bbox 459 2594 497 2617; x_wconf 79' lang='lat'>22.</span> <span class='ocrx_word' id='word_1_528' title='bbox 510 2605 540 2611; x_wconf 89' lang='lat'>—</span> <span class='ocrx_word' id='word_1_529' title='bbox 554 2592 564 2609; x_wconf 86' lang='lat'><strong>²</strong></span> <span class='ocrx_word' id='word_1_530' title='bbox 577 2591 667 2620; x_wconf 66' lang='lat' dir='ltr'>Marc„</span> <span class='ocrx_word' id='word_1_531' title='bbox 681 2596 725 2622; x_wconf 87' lang='lat' dir='ltr'>vu,</span> <span class='ocrx_word' id='word_1_532' title='bbox 742 2592 780 2615; x_wconf 79' lang='lat'>34.</span> <span class='ocrx_word' id='word_1_533' title='bbox 791 2603 820 2609; x_wconf 88' lang='lat'>—</span> <span class='ocrx_word' id='word_1_534' title='bbox 833 2590 842 2607; x_wconf 81' lang='lat'><strong>³</strong></span> <span class='ocrx_word' id='word_1_535' title='bbox 852 2589 954 2620; x_wconf 63' lang='lat' dir='ltr'>Mutila„</span> <span class='ocrx_word' id='word_1_536' title='bbox 970 2597 995 2621; x_wconf 86' lang='lat' dir='ltr'>v,</span> <span class='ocrx_word' id='word_1_537' title='bbox 1010 2591 1046 2614; x_wconf 74' lang='grc' dir='ltr'>ω.</span> 
     </span>
    </p>
   </div>
  </div>
 </body>
</html>
