2017 2948
248 106 306 134 678
807 107 1113 140 SENTENTIARUM
1138 110 1171 141 Li
1179 111 1211 142 B.
1237 111 1287 142 IV.

247 174 277 201 et
292 171 446 201 rationem
463 174 595 209 rectam,
613 173 680 212 pari
697 174 816 204 ratione
834 176 864 204 et
885 174 1013 205 reterre.

287 226 316 255 5.
340 223 418 255 Item
438 233 494 264 per
517 227 663 256 naturam
685 228 858 258 recordatio
882 228 1015 268 111101111-

247 285 319 307 rum
347 278 395 307 est
418 277 538 308 occasio
565 278 739 310 inimicitiae
764 281 1014 312 confirmandae:

248 330 301 361 sed
311 333 452 370 peccator
460 340 515 371 per
525 334 687 371 peccatum
695 336 740 363 est
751 334 920 373 injuriatus
932 334 994 365 Deo
1009 346 1015 365 :

248 392 327 423 ergo
342 384 535 416 recordando
549 388 724 425 peccatum,
740 388 770 417 ct
786 387 939 425 iterando,
956 387 1016 417 ini-

249 436 382 467 micitias
403 440 557 469 renovat:
581 439 634 469 scd
656 439 741 478 quod
762 439 831 470 tecit
853 440 1018 471 hominem

248 489 414 520 inimicum
444 490 521 528 Deo,
550 490 601 521 vel
630 491 730 529 magis
757 492 923 523 inimicum
936 518 944 531 ,
975 497 1020 525 cst

249 544 359 572 contra
373 545 520 573 naturam
531 544 561 573 et
576 543 732 575 rationem
747 547 866 576 rectam
879 557 885 576 z
900 555 978 586 crgo
991 549 1021 578 01

250 597 402 628 confessio
417 598 553 628 sceleris.

523 708 747 741 CONCLUSIO.

251 795 384 828 Confessio
398 795 499 822 vocalis
510 796 561 823 Deo
576 797 662 829 facta,
680 805 732 824 non
747 799 918 833 simpliciter,
935 801 980 827 sed
996 803 1024 827 in

285 846 357 870 casu,
378 843 415 866 est
436 840 466 866 cle
491 840 544 873 lege
566 843 688 874 naturoe;
711 843 758 869 sed
783 843 882 870 homini
905 845 1025 878 confiteri

287 891 339 910 ηοη
354 884 440 911 dictat
454 887 554 911 natura
564 905 571 917 ,
588 887 644 912 nisz'
658 887 688 912 in
700 888 827 920 ,qcncralzl

291 969 382 1009 Resp.
408 970 446 1000 ad
467 980 536 1009 arg.
560 971 732 1003 Dicendum
753 974 838 1013 quod
860 974 1025 1013 dupliciter

251 1024 324 1053 sunt
338 1023 444 1063 aliqua
458 1023 495 1053 de
507 1024 675 1055 dictamine
686 1025 771 1064 juris
787 1027 955 1064 naturalia
970 1030 1025 1057 aut

251 1076 283 1105 in
296 1075 449 1114 generali,
460 1078 516 1106 aut
528 1076 560 1106 in
570 1077 696 1116 speciali
711 1088 717 1108 ε
732 1078 764 1108 in
777 1079 915 1118 speciali,
930 1079 1026 1109 utho-

252 1137 364 1159 norare
372 1131 516 1168 parentes
529 1141 536 1167 ;
553 1130 586 1160 in
598 1131 750 1169 generali,
762 1133 797 1161 ut
808 1132 904 1162 dictat
914 1135 1028 1163 natura

252 1190 288 1213 ea
303 1191 375 1222 quae
387 1183 569 1222 superaddit
582 1183 634 1214 lex
647 1184 843 1223 evangelica,
856 1185 937 1216 sicut
953 1188 1028 1216 sunt

252 1235 360 1274 aliqua
389 1237 698 1275 supererogationis,
730 1240 765 1267 ut
795 1238 946 1277 consilia,
977 1239 1027 1270 vel

253 1287 347 1318 etiam
363 1287 469 1327 aliqua
484 1291 691 1319 sacramenta.
714 1289 961 1329 Intelligendum
981 1294 1028 1322 est

254 1341 367 1380 igitur,
387 1341 471 1381 quod
494 1344 540 1372 est
559 1342 711 1372 confessio
729 1344 846 1382 pcccati
868 1344 1026 1381 mentalis,

255 1397 285 1425 et
299 1395 426 1426 vocalis.
450 1395 595 1426 Mentalis
616 1396 770 1427 confessio
792 1399 837 1427 est
852 1398 1028 1436 recognitio

256 1448 372 1488 peccati
386 1450 416 1479 et
437 1449 584 1480 offensae:
606 1451 636 1479 et
655 1450 725 1480 haec
740 1452 785 1480 est
803 1450 841 1481 de
860 1451 1028 1482 dictamine

256 1503 379 1531 naturae
394 1501 427 1531 in
442 1502 582 1541 speciali,
596 1503 773 1533 secundum
789 1503 874 1543 quod
887 1505 1029 1543 cognitio

256 1554 385 1584 offensae
404 1556 450 1584 051
475 1554 514 1584 de
532 1555 701 1585 dictamine
721 1558 857 1586 naturae.
884 1556 1029 1595 Cognitio

256 1609 364 1637 autem
390 1607 519 1637 offensae
543 1607 694 1638 humanas
724 1611 770 1639 est
795 1609 832 1639 de
861 1609 1029 1641 dictamine

258 1661 382 1690 naturae
411 1669 468 1699 per
489 1668 538 1698 se,
558 1661 735 1691 secundum
759 1661 844 1701 quod
865 1665 911 1692 est
930 1664 1027 1694 ratio-

257 1712 356 1750 nalis;
386 1713 439 1743 5011
465 1713 606 1752 cognitio
630 1713 759 1745 offensae
781 1714 899 1745 divinae
919 1719 965 1746 est
992 1717 1030 1748 de

258 1764 425 1795 dictamine
449 1767 573 1796 natnrae
596 1766 715 1805 adetae
738 1767 845 1806 aliquo
866 1769 960 1799 modo
975 1778 1031 1809 per

257 1817 363 1848 fidem.
385 1816 549 1853 Quomodo
567 1818 654 1848 enim
676 1819 735 1850 scit
756 1820 854 1851 homo
878 1830 910 1852 se
934 1821 1030 1853 offen-

257 1869 330 1900 dere
346 1869 461 1908 Deum,
485 1880 581 1910 quem
604 1880 670 1902 non
691 1872 795 1908 videt,
817 1873 876 1903 nisi
898 1883 954 1913 per
972 1874 1028 1904 ali-

257 1932 353 1962 quem
381 1923 506 1954 radium
534 1923 609 1954 fidei
637 1924 696 1955 hoc
725 1929 923 1964 cognoscat?
953 1927 1031 1958 Cum

258 1977 365 2006 autem
395 1976 493 2007 homo
522 1977 704 2015 cognoscit,
734 1979 819 2018 qnod
848 1979 946 2011 Deum
975 1990 1031 2021 per

258 2029 553 2068 praevaricationem
578 2029 766 2068 inhonorat,
794 2034 908 2062 natura
938 2033 1032 2065 dictat

259 2082 343 2122 quod
356 2081 396 2112 ab
415 2082 483 2121 ipso
503 2084 550 2111 est
568 2082 783 2114 misericordia
798 2084 962 2117 humiliter
976 2096 1032 2126 pe-

260 2134 375 2164 tenda:
399 2136 429 2164 et
450 2134 510 2164 hoc
533 2143 699 2174 nunquam
725 2139 789 2175 est,
812 2138 874 2168 nisi
900 2148 1032 2179 cognos-

260 2188 349 2217 catur
367 2186 470 2226 culpa.
491 2185 614 2217 Vocalis
635 2196 710 2219 vero
733 2190 886 2221 confessio
910 2196 955 2223 est
976 2194 1032 2224 du-

260 2240 344 2280 plex,
359 2239 476 2270 scilicet
487 2248 560 2279 quae
572 2240 606 2270 fit
617 2239 695 2278 Deo,
709 2244 739 2272 et
751 2251 823 2281 quae
840 2244 874 2274 fit
891 2245 1029 2277 homini:

259 2291 410 2322 vocaliter
435 2291 577 2322 confiteri
606 2291 668 2322 Deo
687 2292 781 2324 dictat
810 2298 938 2336 natura,
968 2307 1031 2329 non

258 2344 453 2384 simpliciter,
465 2344 519 2374 sed
533 2344 565 2374 in
579 2353 665 2383 casu,
680 2347 794 2385 utputa
809 2350 935 2388 quando
950 2351 1032 2383 Deus

259 2397 373 2436 exigit,
397 2397 477 2428 sicut
490 2397 598 2436 exegit
611 2398 650 2428 ab
667 2398 769 2429 Adam
783 2402 814 2430 et
829 2400 903 2432 Cain
912 2414 919 2440 3
938 2413 1032 2435 voca-

260 2451 331 2482 liter
346 2452 453 2482 autem
477 2450 618 2481 confiteri
634 2450 756 2482 homini
778 2462 842 2484 non
860 2455 954 2486 dictat
974 2467 1030 2488 na-

260 2505 350 2540 tura,
372 2503 435 2534 nisi
459 2503 492 2534 in
521 2503 688 2543 generali:
717 2504 813 2537 dictat
837 2508 922 2539 enim
948 2511 1032 2549 quod

261 2556 410 2586 omnibus
439 2556 540 2587 modis
570 2556 766 2588 reconciliari
797 2563 920 2598 oportet
950 2562 1028 2600 neo,

1072 177 1190 216 quibus
1211 178 1278 218 ipse
1299 179 1418 210 statuit.
1444 179 1530 210 Unde
1551 182 1664 211 natura
1687 182 1730 211 sic
1745 183 1842 215 dicta-

1073 231 1125 261 bat
1138 256 1145 269 ,
1165 232 1251 271 quod
1265 233 1290 262 si
1309 233 1388 263 Deus
1402 233 1558 264 arbitrum
1573 234 1776 266 constitueret
1791 236 1842 268 in-

1073 286 1121 314 ter
1135 293 1167 314 se
1190 287 1220 314 et
1235 288 1440 324 peccatorem,
1466 286 1550 325 quod
1576 287 1635 326 ipsi
1657 290 1738 318 esset
1754 289 1846 329 culpa

1073 337 1260 368 revelanda:
1281 340 1312 368 et
1331 339 1373 368 ita
1393 338 1528 369 dictabat
1543 339 1576 368 111
1594 340 1748 378 generali.
1777 340 1844 372 Dic-

1075 389 1161 420 tabat
1183 390 1293 428 etiam,
1313 391 1397 430 110011
1421 391 1464 421 1111
1489 394 1593 422 essent
1611 392 1743 423 dicenda
1759 402 1845 425 vera.

1075 441 1114 472 Et
1137 442 1181 473 sic
1206 444 1290 482 patet
1305 443 1465 483 quomodo
1490 444 1644 474 confessio
1666 448 1784 485 spectat
1809 446 1848 477 ad

1076 494 1182 534 legem
1197 498 1331 527 naturae.
1357 496 1509 534 Quaedam
1531 498 1618 528 enim
1637 500 1683 529 est
1698 498 1736 529 de
1751 499 1847 530 dicta-

1077 548 1165 578 mine
1180 550 1303 580 naturae
1318 558 1374 589 per
1397 550 1526 580 modum
1542 551 1756 590 necessitatis,
1774 553 1850 592 quia

1077 603 1192 632 natura
1206 602 1302 632 dictat
1312 602 1398 633 illam
1415 602 1598 642 simpliciter
1612 606 1643 634 et
1656 605 1847 644 specialiter3

1078 654 1226 693 quaedam
1254 655 1348 685 etiam
1376 655 1414 686 de
1438 656 1608 687 dictamine
1637 659 1760 688 naturae
1794 667 1851 698 per

1079 706 1209 737 modum
1222 708 1435 747 expedientis,
1452 718 1515 739 non
1532 709 1716 749 simpliciter
1727 734 1735 748 ,
1751 711 1851 742 sedin

1079 769 1155 789 casu
1176 761 1368 791 necessitatis
1381 785 1388 798 ,
1409 764 1444 792 ut
1463 762 1616 792 consessio
1635 762 1753 793 vocalis
1773 763 1852 795 facta

1081 812 1161 849 De0;
1188 814 1335 852 quaedain
1361 823 1437 845 vero
1461 815 1597 846 dictabat
1620 816 1654 846 in
1679 816 1851 848 universali

1080 865 1195 903 solnm,
1209 869 1240 896 et
1254 866 1323 897 hoec
1336 869 1382 897 est
1397 868 1546 898 consessio
1561 868 1642 899 facta
1655 869 1787 899 homini.
1805 868 1853 900 Ex

1080 919 1129 949 his
1144 921 1252 959 patent
1266 920 1388 959 objecta
1406 920 1445 950 ad
1467 921 1602 960 primam
1618 924 1761 961 partem:
1777 930 1853 952 nam

1081 973 1283 1003 auctoritates
1308 973 1482 1013 procedunt
1503 974 1678 1005 secundum
1704 975 1852 1014 primam,

1080 1024 1130 1054 vel
1145 1025 1316 1055 secundam
1332 1026 1418 1056 viam
1431 1050 1438 1063 ,
1456 1028 1491 1056 ut
1505 1029 1601 1066 patet.
1618 1026 1772 1058 Similiter
1786 1027 1853 1067 pri-

1081 1087 1134 1108 ma
1157 1079 1235 1108 ratio
1260 1079 1389 1109 inducta
1410 1090 1449 1110 ex
1478 1080 1574 1110 simili
1598 1080 1631 1110 in
1659 1080 1854 1111 confessione

1082 1131 1181 1161 vocali
1212 1132 1330 1169 laudis,
1355 1133 1431 1171 quia
1460 1133 1540 1164 sicut
1569 1133 1601 1163 in
1628 1142 1704 1163 casu
1726 1133 1854 1164 laudare

1083 1183 1205 1223 op'ortet
1219 1194 1290 1223 ore,
1316 1188 1423 1216 tamen
1445 1196 1568 1226 semper
1584 1187 1691 1225 debet,
1709 1189 1783 1217 actu
1804 1186 1855 1218 vel

1083 1237 1210 1276 habitu,
1231 1238 1362 1269 laudare
1378 1239 1408 1269 in
1429 1240 1540 1277 corde;
1564 1240 1607 1270 sic
1626 1242 1657 1270 01
1672 1239 1854 1279 intelligen-

1083 1291 1159 1322 dum
1175 1291 1213 1322 dc
1230 1292 1423 1322 confessione
1439 1293 1566 1332 peccati.

1123 1344 1170 1375 Ad
1186 1344 1261 1375 illud
1284 1345 1368 1384 quod
1383 1345 1530 1384 objicitur
1551 1345 1589 1376 de
1610 1345 1754 1385 partibus
1773 1345 1855 1384 aliis,

1084 1397 1201 1428 scilicet
1217 1399 1403 1429 contritione
1414 1400 1445 1428 et
1455 1398 1675 1435 satisfactione,
1687 1398 1857 1430 dicendum

1084 1451 1168 1490 quod
1183 1451 1251 1482 istzc
1266 1454 1370 1491 partes
1385 1452 1557 1491 respiciunt
1576 1451 1797 1491 poenitentiam
1813 1460 1859 1482 se-

1085 1504 1227 1535 cundum
1240 1505 1324 1544 quod
1340 1506 1387 1535 est
1406 1505 1520 1542 virtus,
1537 1507 1568 1535 et
1585 1504 1760 1535 secundum
1774 1504 1859 1544 quod

1085 1559 1130 1587 est
1147 1559 1399 1595 sacramentum
1415 1558 1467 1588 sed
1481 1557 1657 1597 specialiter
1670 1557 1815 1588 contritio
1828 1559 1859 1588 et

1085 1608 1253 1638 satisfactio
1269 1609 1442 1648 respiciunt
1465 1610 1629 1640 virtutem.
1651 1608 1713 1640 Sed
1735 1609 1858 1640 conses-

1085 1662 1130 1692 sio
1148 1663 1255 1701 magis
1272 1664 1318 1692 est
1334 1663 1527 1701 poenitentiae
1550 1664 1585 1692 ut
1606 1664 1855 1700 sacramentum,

1085 1715 1167 1746 sicut
1188 1716 1300 1746 melius
1322 1716 1442 1755 patebit
1461 1716 1542 1746 infra
1554 1717 1576 1746 ¹.
1593 1715 1750 1746 Confessio
1771 1716 1856 1746 em'm

1086 1769 1220 1808 peccati,
1242 1778 1315 1808 quae
1337 1769 1372 1799 fit
1394 1768 1535 1806 homini,
1553 1770 1661 1799 ortum
1680 1768 1774 1799 habet
1794 1777 1858 1800 non

1086 1824 1210 1853 tantum
1225 1832 1244 1852 a
1263 1825 1392 1860 natura,
1417 1822 1471 1853 sed
1492 1822 1588 1853 etiam
1604 1822 1644 1852 ab
1663 1821 1859 1852 institutione

1086 1875 1213 1906 divina:
1230 1878 1260 1906 et
1285 1884 1325 1906 ex
1343 1875 1404 1906 1100
1426 1877 1509 1914 patet
1532 1874 1697 1914 responsio
1720 1874 1759 1904 ad
1783 1874 1857 1904 ulti—

1086 1937 1188 1966 mum,
1202 1929 1287 1968 quod
1302 1929 1376 1959 dicit
1390 1928 1474 1968 quod
1486 1929 1533 1958 est
1544 1936 1624 1967 opus
1634 1926 1772 1957 virtutis.
1784 1925 1858 1957 Dico

1088 1981 1191 2019 enim,
1216 1981 1301 2021 quod
1324 1990 1436 2012 revera
1459 1990 1540 2020 opus
1565 1979 1691 2011 virtutis
1713 1981 1778 2010 est:
1803 1978 1858 2009 sed

1087 2043 1150 2064 non
1165 2035 1295 2065 omnino
1307 2059 1315 2072 ,
1332 2034 1385 2065 sed
1409 2034 1538 2065 virtutis
1559 2042 1633 2064 cum
1654 2031 1858 2072 adjunctione

1086 2087 1295 2118 institutionis
1318 2087 1527 2118 sacramenti:
1553 2086 1657 2117 virtus
1682 2085 1768 2116 enim
1792 2093 1858 2115 non

1087 2140 1180 2170 dictat
1192 2140 1277 2179 quod
1292 2142 1417 2179 peccata
1428 2140 1549 2170 occulta
1564 2139 1709 2169 dicantur
1722 2137 1855 2168 homini.

1087 2192 1239 2223 Similiter
1259 2201 1316 2223 nec
1333 2193 1518 2232 poenitentia
1533 2192 1629 2223 dictat
1645 2191 1723 2221 illud
1740 2198 1797 2230 per
1812 2198 1856 2227 se,

1087 2248 1384 2285 quantumcumque
1419 2246 1516 2277 homo
1545 2245 1666 2282 doleat;
1695 2243 1749 2275 sed
1784 2251 1858 2274 cum

1087 2297 1168 2328 Deus
1183 2298 1329 2337 instituit,
1348 2301 1423 2330 tune
1439 2299 1542 2330 virtus
1556 2297 1743 2329 obedjentiae
1757 2296 1859 2336 impe-

1086 2351 1185 2388 ravit,
1202 2352 1386 2391 poenitentia
1401 2351 1606 2388 acceleravit,
1625 2352 1658 2380 et
1672 2349 1790 2381 veritas
1805 2357 1857 2379 ac-

1087 2405 1155 2434 tum
1170 2404 1295 2435 direxit.
1313 2405 1351 2435 Et
1372 2405 1415 2435 ita
1436 2406 1520 2444 patet
1539 2404 1577 2434 ad
1593 2411 1690 2443 quam
1704 2402 1858 2433 virtutem

1087 2458 1204 2497 spectet
1224 2458 1366 2488 confiteri
1378 2481 1387 2495 ,
1404 2459 1435 2488 et
1457 2457 1617 2497 quomodo
1636 2456 1677 2486 sit
1699 2463 1779 2495 opus
1791 2453 1856 2484 vir-

1087 2509 1180 2546 tutis,
1198 2512 1228 2540 et
1243 2511 1347 2550 cujus.
1364 2510 1452 2542 Unde
1467 2509 1652 2551 poenitentia
1665 2508 1698 2539 in
1714 2504 1856 2547 generali

1120 2573 1124 2585 ¹
1137 2573 1230 2600 Quaest.
1248 2577 1300 2602 seq.

2003 916 2017 1115 fl‹·=J«-⁶
2007 854 2010 885 ⁴-
