2017 2948
590 227 687 259 DIST.
709 227 842 259 XXXIII.
866 226 956 258 ART.
982 226 1005 257 I.
1029 226 1176 263 QUAEST.
1201 225 1253 256 III.
1683 227 1721 256 53

126 298 252 335 rationi,
270 297 443 327 secundum
464 295 549 335 quod
568 295 641 326 dicit
656 294 869 334 Philosophus
883 293 893 309 ¹⁸

126 350 161 380 in
184 351 246 380 fine
270 358 361 380 novae
386 348 503 379 Ethicae
529 358 537 378 ι
558 357 636 387 ergo
662 347 787 378 videtur
811 347 895 387 quod

128 402 300 433 cardinales
310 402 445 432 virtutes
457 410 520 431 non
532 401 668 431 habeant
680 409 748 431 esse
763 401 795 430 in
810 402 897 440 parte

127 455 283 492 rationali,
301 455 354 484 sed
371 454 471 493 potius
486 454 517 483 in
532 455 619 492 parte
635 453 786 483 sensibili.

167 509 196 538 2.
225 508 313 545 Item,
330 508 363 536 in
386 516 422 536 ea
443 508 530 545 parte
549 508 596 536 est
619 506 747 536 habitus
768 505 897 535 virtutis

128 560 297 600 expediens
322 561 353 589 et
371 559 556 595 rectificanS,
580 558 662 589 circa
683 567 780 597 quam
803 558 898 588 habet

128 622 196 644 esse
224 613 364 652 pronitas
389 614 420 642 et
443 611 612 651 obliquitas
636 622 642 641 :
667 611 720 641 sed
743 611 811 641 haec
835 611 898 642 duo

128 667 202 697 sunt
229 665 368 695 maxime
400 664 483 694 circa
512 664 667 695 motivam
696 664 876 694 sensibilem
888 687 897 701 ,

129 728 201 758 quae
222 718 348 758 quidem
370 720 444 748 sunt
467 717 632 747 irascibilis
653 719 683 747 et
703 717 896 756 concupisci-

128 772 201 801 bilis
218 782 224 801 :
242 780 321 810 ergo
343 771 468 801 videtur
487 770 571 810 quod
590 770 622 800 in
637 770 698 800 illis
720 770 834 800 habeat
851 769 899 800 lo-

129 824 192 854 cari
207 824 308 854 virtus
323 823 501 853 cardinalis.

169 879 196 907 3.
224 876 302 906 Item
323 876 356 905 in
380 885 417 905 ea
440 877 527 914 parte
551 877 598 905 est
619 875 747 905 habitus
772 875 899 905 virtutis

128 931 280 968 tanquam
306 928 339 958 in
364 928 504 967 subjecto
523 928 663 967 proprio,
688 937 761 967 quae
783 928 901 958 imme-

129 982 245 1012 diatius
261 984 291 1012 et
305 981 482 1021 proximius
499 980 582 1010 elicit
597 982 703 1010 actum
723 980 821 1020 ipsius
837 981 901 1011 vir-

130 1035 206 1066 tutis
222 1046 228 1064 :
247 1034 301 1065 sed
317 1033 533 1073 temperantia}
550 1035 580 1063 et
600 1033 792 1063 fortitudinis
812 1036 901 1064 actus

130 1088 300 1118 eliciuntur
317 1086 498 1117 immediate
513 1096 531 1116 a
545 1086 780 1125 concupiscibili
795 1088 824 1116 et
837 1087 898 1117 ira-

131 1141 242 1179 scibili,
266 1148 338 1180 quae
362 1141 436 1170 sunt
458 1139 638 1170 obedientes
662 1138 774 1169 rationi
796 1150 802 1169 :
822 1149 901 1178 ergo

131 1194 257 1225 videtur
279 1193 365 1232 quod
385 1192 417 1222 in
437 1193 482 1223 eis
497 1192 632 1223 virtutes
648 1192 821 1223 cardinales
843 1193 899 1223 ha-

131 1246 225 1277 beant
239 1246 326 1285 poni.

171 1302 201 1329 4.
224 1298 302 1329 Item
318 1298 452 1329 virtutes
470 1297 643 1328 cardinales
661 1298 903 1337 distinguuntur

132 1362 151 1383 a
169 1351 366 1391 theologicis,
389 1351 470 1381 sicut
492 1351 767 1381 consuetudinales
790 1352 828 1381 ab
851 1352 902 1381 in-

131 1404 361 1436 tellectualibus
379 1415 385 1434 :
403 1404 456 1434 sed
471 1403 708 1440 intellectuales,
725 1406 761 1434 ut
779 1404 903 1443 sapien-

132 1458 186 1496 tia,
203 1459 233 1488 et
248 1457 470 1496 intelligentia,
487 1459 517 1486 et
531 1456 690 1496 phronisis
704 1457 725 1494 ¹,
740 1459 903 1496 ponuntur

133 1511 166 1557 in
180 1510 325 1540 rationali
340 1512 427 1549 parte
441 1509 566 1549 proprie
582 1509 681 1547 dicta,
700 1510 901 1540 consuetudi-

132 1563 300 1594 nalesvero
311 1562 345 1592 in
360 1571 396 1592 ea
408 1564 495 1601 parte
510 1570 581 1601 quae
597 1562 793 1601 obtemperat
805 1562 843 1601 (a)
857 1571 904 1593 ra-

133 1616 210 1647 tioni
233 1625 241 1646 :
263 1624 341 1654 ergo
357 1615 484 1646 videtur
503 1614 646 1655 similiter
672 1615 757 1654 quod
782 1615 903 1645 theolo-

135 1668 216 1708 gicae
231 1668 344 1698 debent
357 1667 466 1707 reponi
481 1667 514 1697 in
530 1669 616 1707 parte
629 1667 785 1706 rationali,
798 1670 828 1698 et
838 1677 904 1698 car-

134 1721 253 1752 dinales
278 1721 311 1750 in
332 1722 420 1760 parte
439 1720 592 1758 sensibili,
618 1721 793 1751 secundum
818 1722 903 1761 quod

134 1773 248 1805 rationi
262 1773 377 1804 obedit.

175 1829 203 1857 5.
222 1826 310 1864 Item,
327 1827 360 1856 in
373 1836 410 1857 ea
424 1828 512 1866 parte
528 1827 665 1857 maxime
680 1826 775 1857 habet
793 1828 904 1866 reponi

135 1879 263 1910 habitus
278 1879 415 1917 virtutis,
436 1888 508 1919 quae
526 1880 631 1919 magis
650 1880 772 1918 indiget
786 1880 904 1910 rectifi—

138 1932 201 1962 cari
218 1932 295 1962 :sed
320 1941 393 1971 pars
415 1941 488 1971 quae
513 1933 618 1971 magis
642 1933 766 1972 indiget
791 1933 905 1963 rectifi-

138 1984 213 2021 cari,
230 1986 276 2014 est
290 1993 362 2024 pars
376 1985 536 2022 sensitiva,
551 1985 713 2024 quoniam,
731 1985 906 2015 secundum

138 2037 222 2077 quod
243 2037 315 2067 dicit
337 2037 557 2076 Philosophus,
583 2037 760 2068 intellectus
783 2047 907 2078 semper

138 2092 185 2121 est
209 2092 324 2128 rectus,
348 2090 513 2130 phantasia
542 2092 626 2120 recta
653 2093 683 2120 et
711 2100 775 2121 non
800 2093 904 2121 recta:

139 2152 211 2173 cuin
227 2152 304 2182 ergo
319 2143 483 2182 phantasia
495 2143 637 2173 nominet
647 2144 819 2183 potentiam
835 2153 905 2175 sen-

139 2196 275 2234 sitivam,
297 2196 424 2227 videtur
443 2195 528 2235 quod
545 2196 626 2226 circa
640 2196 743 2236 ipsam
765 2205 831 2227 esse
855 2197 908 2228 ha—

140 2249 234 2279 beant
246 2248 380 2279 virtutes
396 2248 582 2279 cardinales.

413 2343 638 2376 CONCLUSIO.

144 2410 292 2439 Secundum
314 2409 443 2443 theologos
467 2411 579 2437 virtutes
610 2410 761 2438 cardinales
791 2415 853 2439 sunt
881 2415 911 2440 in

177 2457 258 2490 parte
287 2455 383 2480 animae
414 2454 580 2481 intellectiva
611 2457 636 2481 et
670 2456 813 2488 rationali,
850 2458 911 2484 licet

182 2498 323 2526 secundum
344 2497 513 2532 philosophos
538 2500 623 2532 possit
643 2499 697 2526 dici
724 2501 794 2534 quod
813 2502 912 2536 aliquoe

180 2545 234 2570 sint
251 2543 280 2568 in
292 2544 372 2576 parte
385 2542 522 2568 sensitiva.

185 2622 279 2661 Resp.
295 2621 334 2652 ad
348 2629 419 2660 arg.
439 2621 486 2651 Ad
501 2621 723 2660 praedictorum
738 2624 913 2665 intelligen-

181 2685 210 2713 (τι)
226 2684 286 2708 Cwl.
300 2683 360 2707 edil.
376 2683 566 2713 Obleinpcrauit.

952 293 1029 323 tiam
1050 294 1096 323 est
1114 292 1301 330 notandum,
1318 293 1403 332 quod
1418 302 1493 322 cum
1506 292 1659 322 rationale
1672 291 1720 322 di-

952 348 1041 376 catur
1054 345 1230 385 dupliciter,
1245 344 1421 375 secuudum
1433 345 1518 384 quod
1528 345 1599 375 vult
1614 344 1719 375 Philo-

953 399 1083 438 sophus,
1100 397 1245 429 vidclicet
1266 398 1351 437 quod
1366 397 1522 427 rationem
1545 397 1720 436 participat,

953 454 983 481 et
1006 451 1091 491 quod
1114 450 1227 481 rationi
1250 450 1369 486 obedit;
1393 450 1418 480 si
1437 450 1528 488 large
1551 450 1723 489 accipiatur

954 512 1026 543 pars
1051 503 1223 540 rationalis,
1248 503 1291 533 sic
1314 512 1379 532 non
1404 505 1450 532 est
1473 502 1620 539 dubium,
1645 501 1723 542 quin

954 566 1063 587 omnes
1085 557 1219 588 virtutes
1240 556 1274 586 in
1289 557 1376 595 parte
1397 555 1542 585 rationali
1562 555 1636 592 sint,
1656 554 1723 585 sive

953 610 1153 648 theologicae,
1183 610 1251 639 sive
1277 608 1462 646 cardinaleS,
1490 608 1556 638 sive
1583 607 1722 637 intellec-

953 663 1063 700 tuales,
1082 663 1148 692 sive
1169 661 1454 692 consuetudinales.
1476 660 1510 691 Si
1531 669 1607 690 vero
1626 660 1723 690 rat-io-

955 716 1024 746 nale
1045 716 1166 746 dicatur
1184 715 1310 755 proprie
1325 714 1499 745 secundum
1519 713 1605 753 quod
1625 712 1721 752 parti-

954 769 1037 808 cipat
1056 769 1222 806 rationem,
1244 768 1287 798 sic
1302 768 1473 798 voluerunt
1487 766 1584 806 aliqui
1603 765 1720 803 dicere,

954 822 1038 861 quod
1063 822 1209 861 quaedam
1232 821 1366 852 virtutes
1389 819 1562 850 cardinales
1590 821 1664 849 sunt
1690 819 1723 849 in

955 877 1043 914 parte
1060 874 1217 910 rationali,
1234 876 1342 913 utpote
1356 873 1524 912 prudentia
1538 875 1568 902 et
1579 872 1723 911 justitia;

955 927 1103 967 quaedam
1117 935 1193 957 vero
1209 935 1285 962 non,
1302 926 1354 955 sed
1370 926 1403 955 in
1417 926 1557 965 potentia
1571 925 1723 963 inferiori,

955 989 1027 1020 quae
1052 982 1098 1010 est
1122 978 1282 1009 rationalis
1300 978 1391 1017 largo
1412 978 1506 1008 modo
1527 978 1620 1015 dicta,
1650 977 1726 1017 quia

956 1034 1151 1072 obtemperat
1173 1031 1300 1068 rationi,
1319 1032 1356 1061 ut
1379 1031 1529 1061 tortitudo
1556 1032 1586 1060 et
1605 1032 1725 1070 tempe-

956 1087 1068 1124 rantia,
1088 1094 1160 1125 quae
1175 1087 1249 1115 sunt
1262 1084 1295 1114 in
1309 1083 1458 1114 irascibili
1477 1085 1506 1113 et
1528 1083 1724 1122 concupisci-

956 1139 1022 1170 bili.
1046 1139 1129 1169 Licet
1151 1140 1258 1168 autem
1274 1136 1327 1166 hic
1343 1136 1457 1167 modus
1471 1136 1595 1166 dleendi
1619 1135 1726 1176 aliquo

957 1193 1051 1224 modo
1070 1191 1242 1232 probabilis
1261 1191 1406 1222 videatur
1428 1190 1603 1220 secundum
1624 1198 1728 1220 mora-

956 1246 1001 1276 les
1028 1245 1241 1285 philosophos,
1269 1247 1376 1275 tamen
1402 1243 1577 1273 secundum
1605 1241 1725 1273 theolo-

957 1308 1037 1337 gum
1063 1307 1128 1329 non
1151 1298 1277 1329 videtur
1297 1297 1526 1328 rationabiliter
1548 1296 1608 1326 dici
1636 1303 1727 1335 quas-

957 1352 1030 1382 dam
1049 1352 1182 1382 virtutes
1197 1350 1369 1381 cardinales
1383 1349 1493 1389 reponi
1513 1349 1546 1379 in
1564 1350 1652 1388 parte
1672 1357 1727 1379 su-

958 1404 1085 1444 periori,
1101 1406 1132 1434 et
1147 1404 1299 1443 quasdam
1316 1404 1348 1433 in
1362 1403 1515 1440 inferiori,
1528 1411 1601 1432 cum
1616 1409 1728 1432 omnes

958 1458 1091 1488 virtutes
1106 1457 1279 1487 cardinales
1291 1456 1428 1495 aequales
1440 1456 1502 1485 sint
1516 1456 1673 1494 quantum
1688 1454 1728 1485 ad

958 1510 1062 1541 meriti
1082 1510 1280 1549 dignitatem,
1300 1518 1411 1539 omnes
1426 1509 1521 1539 etiam
1538 1508 1602 1538 sint
1616 1507 1727 1547 princi-

958 1564 1048 1604 pium
1071 1563 1220 1593 merendi.
1238 1562 1274 1592 Et
1290 1564 1465 1602 propterea,
1482 1570 1556 1591 cum
1577 1561 1728 1591 meritum

959 1618 1106 1649 consistat
1120 1616 1297 1647 radicaliter
1308 1615 1390 1645 circa
1400 1614 1538 1644 liberum
1547 1614 1726 1651 arbitrium,

958 1672 990 1701 in
999 1671 1073 1702 solis
1082 1669 1142 1700 illis
1150 1668 1296 1709 potentiis
1306 1669 1423 1698 habent
1435 1676 1502 1698 esse
1511 1667 1654 1704 virtutes,
1662 1667 1729 1698 sive

959 1724 1142 1761 cardinales,
1161 1723 1227 1753 sive
1240 1721 1441 1762 theologicae,
1457 1721 1489 1750 in
1505 1720 1623 1759 quibus
1637 1728 1729 1759 repe-

959 1778 1040 1809 ritur
1055 1777 1182 1807 libertas
1197 1775 1335 1806 arbitrii:
1354 1776 1481 1814 propter
1496 1773 1591 1813 quod,
1607 1782 1681 1803 cum
1695 1772 1730 1802 li-

961 1832 1064 1861 bertas
1085 1829 1206 1860 arbitrii
1228 1837 1290 1858 non
1311 1828 1350 1858 sit
1364 1827 1425 1857 nisi
1444 1827 1477 1856 in
1500 1827 1589 1866 parte
1615 1825 1730 1856 animae

961 1883 1117 1920 rationali,
1138 1881 1312 1912 secundum
1333 1879 1417 1919 quod
1436 1878 1593 1910 rationale
1617 1878 1731 1908 dicitur

962 1936 1047 1977 quod
1066 1935 1234 1975 participat
1251 1933 1417 1969 rationem,
1436 1940 1561 1962 necesse
1576 1932 1623 1961 est
1643 1932 1732 1961 caete-

962 1999 1014 2020 ras
1035 1989 1168 2019 virtutes
1192 1986 1364 2017 cardinales
1378 1985 1411 2014 in
1431 1986 1517 2024 parte
1536 1984 1588 2014 illa
1608 1983 1729 2023 reponi.

964 2042 1001 2072 Et
1013 2042 1072 2072 hoc
1083 2040 1256 2071 necessario
1264 2038 1366 2077 exigit
1375 2047 1486 2068 earum
1498 2036 1648 2076 dignitas,
1658 2045 1732 2067 cum

964 2096 1040 2135 ipsae
1056 2095 1192 2125 habeant
1203 2095 1309 2123 ortum
1323 2102 1341 2122 a
1357 2091 1470 2130 gratia,
1482 2093 1512 2121 et
1526 2090 1733 2130 perfectiones

964 2149 1080 2179 animae
1089 2147 1189 2177 multo
1200 2147 1262 2176 sint
1271 2145 1441 2175 nobiliores
1451 2153 1547 2183 quam
1556 2143 1622 2183 ipsa
1632 2143 1734 2174 scien-

964 2202 1017 2240 tia,
1040 2209 1112 2240 quae
1136 2199 1277 2240 ponitur,
1294 2200 1446 2238 tanquam
1466 2197 1501 2227 in
1526 2197 1677 2236 subjecto,
1700 2196 1734 2227 in

964 2256 1052 2294 parte
1087 2253 1202 2284 animae
1236 2251 1380 2282 rationali
1409 2251 1439 2280 et
1466 2249 1667 2280 intellectiva.
1697 2249 1736 2280 Et

965 2309 1131 2347 propterea
1158 2304 1364 2335 concedendae
1390 2305 1464 2334 sunt
1489 2303 1635 2340 rationes,
1661 2309 1735 2342 quae

966 2362 1040 2391 sunt
1054 2360 1093 2390 ad
1107 2361 1228 2399 partem
1242 2358 1346 2388 istam.

1007 2413 1055 2443 Ad
1074 2412 1265 2443 evidentiam
1284 2419 1360 2442 vero
1381 2410 1589 2449 obiectorum,
1607 2416 1680 2448 quae
1702 2408 1736 2439 in

968 2466 1161 2497 contrarium
1183 2465 1398 2504 opponuntur,
1415 2462 1572 2493 notandus
1589 2463 1636 2492 est
1654 2461 1736 2492 alius

969 2519 1081 2550 modus
1119 2517 1334 2556 distinguendi
1368 2515 1519 2546 rationale
1561 2514 1737 2545 secundum

969 2572 1179 2610 theologum:
1198 2579 1263 2601 uno
1290 2569 1376 2600 enim
1408 2568 1500 2598 modo
1528 2567 1737 2607 distinguitur

969 2624 1121 2655 rationale
1136 2625 1244 2654 contra
1258 2624 1390 2662 partem,
1403 2621 1472 2651 sive
1481 2620 1652 2660 potentiam
1663 2629 1735 2652 sen-

1003 2687 1011 2703 ¹
1024 2686 1109 2716 Arist.,
1127 2685 1219 2714 Ellam,
1235 2685 1278 2708 lib.
1291 2684 1336 2714 ΙΙΙ,
1350 2690 1371 2706 c.
1388 2688 1423 2707 ΧΗ
1436 2685 1459 2706 ct
1470 2688 1582 2707 xv111.--
1593 2683 1602 2699 ¹
1617 2683 1738 2714 φρόνησις.
