2017 2948
207 139 265 168 136

206 206 283 233 rate.
299 214 313 231 n
333 203 394 233 Sed
407 212 487 243 opus
497 206 668 245 cujuslibet
684 207 812 238 virtutis
825 207 905 237 bene
920 207 955 237 fit
968 218 974 238 :

206 264 284 295 ergo
301 265 426 287 necesse
441 259 583 298 estquod
605 259 660 290 fiat
672 261 774 299 Justc,
791 262 821 290 et
835 260 972 298 fortiter,

206 311 236 339 et
258 310 429 349 temperate
447 321 453 340 :
470 310 569 350 igitur
583 312 621 342 ad
636 312 797 351 quodlibet
812 322 892 352 opus
907 313 975 343 vir-

205 361 281 392 tutis
295 366 491 394 concurrunt
510 366 647 403 quatuor
668 365 803 396 virtutes
822 375 828 396 ε
848 366 902 396 sed
917 366 977 396 hoc

205 423 269 446 non
283 418 388 455 posset
400 416 439 456 (a)
453 426 531 454 esse,
544 417 604 447 nisi
616 420 720 449 essent
734 427 886 449 connexae
903 429 910 449 ε
925 427 977 449 61-

207 476 260 507 go,
278 470 338 499 etc.

244 523 274 552 2.
291 521 369 552 Item
384 522 600 562 Hieronymus
616 524 623 539 ¹
646 523 691 554 ad
711 523 948 556 Pammachizcm
964 536 975 555 .-

207 586 222 603 «
237 574 378 612 Quatuor
393 575 528 606 virtutes
542 575 725 607 describunt
741 577 836 608 Stoici
851 578 895 608 ita
907 587 975 610 esse

203 628 262 658 sibi
277 637 452 664 connexas,
468 630 498 659 et
514 630 626 659 mutuo
641 630 836 661 cohaerentes
846 655 854 669 ,
869 633 904 662 ut
919 632 974 672 qui

205 690 303 712 unam
317 690 381 711 non
396 681 544 711 habuerit
555 706 563 718 ,
580 683 729 713 omnibus
743 686 858 722 careat,
874 686 905 715 et
919 686 974 725 qui

203 742 301 764 unam
312 734 470 771 habuerit,
480 743 591 764 omnes
601 735 726 767 habeat.
736 736 887 768 »Videtur
895 747 974 777 ergo

203 787 337 817 virtutes
351 786 492 826 politicas
502 796 568 818 6556
583 797 753 820 connexas.

244 842 272 870 3.
291 839 368 869 Item
380 839 440 870 hoc
454 840 559 880 ipsum
571 841 697 872 videtur
707 843 893 873 auctoritate
910 844 974 874 Au-

204 893 337 932 gustini,
353 892 387 922 in
402 892 483 923 libro
497 893 535 924 de
546 894 730 930 Ouancz'cate
747 896 873 928 Am'moe
884 906 897 935 ;
912 897 970 927 dif-

202 946 316 976 finiens
330 946 416 977 enim
430 946 583 977 virtutem
599 971 607 985 ,
624 947 697 978 dicit
711 949 796 988 quod
811 950 913 980 virtus
927 952 974 981 est

202 999 368 1039 aequalitas
378 999 452 1030 vitae
463 1000 605 1039 undique
620 1001 735 1031 rationi
751 1003 952 1034 consentiens
966 1015 972 1033 ε

202 1050 255 1080 sed
269 1050 336 1081 vita
356 1059 422 1081 non
437 1052 586 1081 consonat
601 1052 742 1092 undique
762 1053 896 1091 rationi,
915 1055 975 1084 nisi

202 1112 258 1142 per
279 1103 435 1134 virtutum
458 1104 698 1135 universitatem
716 1115 723 1136 :
748 1116 827 1145 ergo
849 1107 888 1137 ad
914 1108 973 1138 hoc

202 1157 287 1196 quod
299 1156 414 1187 habeat
428 1157 543 1197 aliquis
556 1167 654 1188 unam
669 1159 822 1191 virtutem
838 1170 970 1197 meram,

201 1218 326 1240 necesse
341 1211 389 1240 est
403 1211 487 1249 quod
502 1210 615 1242 habeat
629 1214 769 1243 caeteras.

242 1266 271 1294 4.
289 1263 366 1294 Item
383 1262 572 1302 Bernardus,
587 1265 620 1294 in
636 1266 801 1305 principio,
816 1266 858 1298 ad
875 1267 974 1306 Euae-

202 1316 295 1347 m'um
306 1320 315 1334 '²
331 1325 342 1347 .·
363 1328 376 1344 a
390 1317 562 1348 Advertere
573 1318 669 1348 etiam
685 1320 731 1349 est
747 1320 974 1350 suavissimum

203 1370 373 1408 quemdam
389 1372 576 1409 conceptum
587 1371 854 1412 complexumque
871 1373 974 1404 virtu-

202 1424 283 1459 tum,
296 1425 390 1462 atque
407 1422 537 1453 alteram
552 1424 689 1463 pendere
704 1434 744 1455 ex
759 1425 856 1456 altera
870 1435 877 1456 :
894 1427 976 1458 sicut

203 1475 290 1506 vides
305 1475 498 1506 fortitudinis
514 1479 649 1507 matrem
664 1486 730 1508 esse
743 1478 947 1518 prudentiam
964 1492 971 1518 ;

203 1530 233 1559 et
257 1537 321 1558 non
350 1528 586 1567 fortitudinem,
604 1530 658 1560 sed
681 1532 889 1563 temeritatem
907 1543 974 1564 esse

203 1581 376 1621 quemlihet
403 1591 518 1612 ausum
531 1606 540 1619 ,
571 1592 667 1622 quem
705 1593 769 1614 non
805 1587 976 1624 parturivit

202 1634 380 1675 prudentia.
402 1645 417 1662 1)
436 1634 474 1665 Ε1
490 1635 586 1674 paulo
599 1639 669 1675 post
687 1648 692 1667 :
716 1648 730 1665 (1
743 1637 870 1669 Justitia
886 1649 976 1679 quae-

202 1688 254 1725 rit,
273 1687 440 1727 prudentIa
455 1688 588 1726 invenit,
605 1689 751 1720 vendicat
766 1691 927 1731 fortitudo,
945 1696 975 1724 et

201 1742 410 1783 temperantia
433 1743 580 1782 possidet.
598 1756 612 1771 u
632 1744 719 1783 Ergo
733 1746 759 1775 si
784 1747 852 1777 haec
867 1749 974 1788 requi-

201 1799 317 1828 runtur
331 1797 371 1827 ad
385 1799 490 1828 actum
505 1798 674 1838 cujuslibet
688 1800 816 1831 virtutis
826 1826 833 1839 ,
851 1803 977 1834 videtur

202 1850 287 1890 quod
310 1859 420 1881 omnes
435 1850 570 1882 virtutes
588 1854 765 1884 necessario
784 1859 975 1888 concurrant

202 1904 242 1935 ad
256 1913 358 1935 unum
373 1906 493 1935 actum.

244 1960 273 1988 5.
290 1957 369 1988 Item
394 1958 454 1987 hoc
468 1957 574 1997 ipsum
594 1958 721 1990 videtur
737 1961 858 1992 ratione
876 1973 881 1992 :
900 1963 976 2002 quia

204 2011 285 2040 sicut
311 2019 343 2040 se
369 2010 463 2040 habet
478 2011 603 2041 castitas
627 2012 667 2042 ad
693 2022 761 2043 6556
784 2017 916 2054 castum,
935 2017 978 2046 sic

204 2072 237 2094 se
265 2063 359 2093 habet
386 2063 489 2094 virtus
518 2064 557 2094 ad
585 2074 652 2095 esse
679 2066 858 2098 virtuosum
886 2079 892 2098 ε
924 2069 978 2099 sed

205 2116 400 2156 quicumque
424 2116 519 2147 habet
547 2118 721 2149 castitatem
736 2144 744 2157 ,
773 2123 819 2150 est
847 2123 950 2152 castus
968 2132 975 2153 :

206 2178 285 2209 ergo
300 2169 494 2209 quicumque
505 2170 600 2201 habet
614 2171 777 2210 virtutem,
795 2176 841 2204 est
856 2174 978 2206 virtuo-

207 2231 261 2253 sus
278 2233 285 2252 :
303 2222 357 2252 sed
371 2222 479 2253 nullus
495 2225 541 2253 est
556 2223 725 2263 virtuosus,
743 2226 799 2265 qui
814 2227 909 2258 hahet
924 2230 976 2260 vi-

207 2274 288 2304 tium
306 2282 314 2303 :
333 2282 412 2312 ergo
434 2273 549 2313 aliquis
567 2274 688 2305 habens
705 2276 856 2308 virtutem
874 2303 880 2317 ‚
903 2281 975 2311 nul-

208 2327 276 2358 lum
297 2327 392 2357 habet
406 2326 520 2358 vitium
539 2338 544 2357 z
564 2328 618 2358 sed
637 2329 714 2359 vitia
734 2339 799 2360 non
815 2333 979 2371 expellun-

209 2382 261 2410 tur
275 2380 336 2410 nisi
346 2389 402 2420 per
415 2380 548 2412 virtutes
558 2381 617 2411 sibi
632 2383 790 2421 oppositas
807 2393 814 2414 ε
833 2394 910 2424 ergo
920 2387 977 2426 qui

209 2432 303 2464 habet
316 2442 416 2464 unam
429 2433 592 2471 virtutem,
608 2434 703 2466 habet
717 2438 856 2467 caeteras

244 2532 251 2548 1
266 2531 380 2560 Hieroni,
396 2532 475 2562 Epist.
490 2538 560 2560 xxw,
573 2540 661 2563 parum
677 2542 691 2557 a
702 2534 826 2566 principio
837 2554 845 2565 ,
862 2543 892 2559 ex
909 2537 977 2561 Cice—

210 2573 289 2597 1'0ne‚
303 2567 332 2589 de
347 2567 451 2590 Finibus
467 2567 550 2592 Ιιοιιον,
566 2570 590 2591 el
604 2569 705 2600 malon,
721 2577 743 2593 c.
760 2576 811 2594 xvi.
824 2584 854 2588 -—
866 2572 876 2587 ¹
892 2572 976 2602 Beru„

210 2604 243 2627 ud
254 2604 399 2638 Eugenium,
412 2604 440 2628 (le
454 2605 563 2636 Consul„
575 2606 617 2629 lib.
633 2607 650 2630 I.
663 2620 692 2624 —
702 2607 712 2624 ³
722 2608 796 2638 Aug,
812 2609 890 2639 Epist.
903 2615 976 2638 XXIX,

758 139 1067 172 SENTENTIARUM
1090 142 1163 173 LIB.
1188 143 1239 174 III.

1073 211 1102 239 6.
1126 209 1204 240 Item
1222 211 1390 251 cujuslibet
1412 211 1537 242 virtutis
1558 212 1605 242 est
1623 211 1800 243 discernere

1034 262 1109 301 quid
1124 262 1321 302 eligendum,
1338 267 1367 295 et
1381 267 1486 295 tenere
1502 264 1655 302 medium,
1671 267 1702 295 et
1718 267 1801 296 recte

1034 315 1160 346 tendere
1177 317 1209 346 in
1226 317 1333 355 finem,
1350 320 1381 348 et
1395 317 1552 356 negotiari
1568 317 1650 348 circa
1664 317 1801 348 arduum

1033 370 1063 398 et
1088 368 1212 400 difficile
1230 381 1236 400 :
1254 371 1306 400 sed
1322 371 1463 410 prImum
1479 373 1525 401 est
1540 371 1716 410 prudentiae
1727 394 1736 408 ,
1753 379 1802 401 se-

1034 422 1175 452 cundum
1212 424 1430 463 temperantiae
1446 448 1455 462 ,
1485 424 1614 454 tertium
1639 423 1774 462 justitiae
1792 447 1800 462 ,

1034 478 1185 514 quartum
1197 477 1391 508 fortitudinis
1409 488 1415 508 ς
1433 486 1512 517 ergo
1526 477 1651 508 videtur
1663 476 1749 516 quod
1762 476 1802 507 ad

1034 527 1205 566 quemlibet
1227 531 1333 559 actum
1350 529 1529 559 virtuosum
1544 530 1734 559 concurrant
1749 536 1803 558 ue-

1012 614 1013 617 *
1034 580 1170 611 cessario
1194 581 1260 612 istae
1283 584 1420 621 quatuor
1438 582 1591 612 virtutes:
1613 581 1674 611 hoc
1694 582 1802 611 autem

1033 642 1098 663 11011
1129 636 1227 671 65561,
1259 635 1318 664 11151
1346 635 1500 665 haherent
1517 634 1747 665 connexionem
1763 633 1803 664 ad

1034 685 1191 717 inviccm:
1216 696 1295 726 ergo
1318 688 1444 718 videtur
1464 687 1547 727 quod
1571 687 1704 718 virtutes
1722 686 1803 727 poli-

1032 740 1102 769 ticae
1116 740 1179 770 sint
1194 749 1358 771 connexae.

1073 793 1133 823 Sed
1156 796 1265 823 contra
1284 794 1343 823 1106
1365 796 1412 824 651
1435 793 1605 824 auctoritas
1628 793 1803 832 Augustini

1033 846 1076 877 acl
1091 847 1338 886 Hieronymum
1356 847 1430 877 dicit
1450 846 1536 876 enim
1553 846 1562 862 ³
1577 846 1661 885 quod
1679 854 1742 876 non
1758 848 1803 876 est

1033 899 1141 929 divina
1152 900 1316 936 sententia,
1329 909 1393 939 qua
1407 899 1536 937 dicitur,
1553 911 1564 925 «
1577 899 1661 938 quod
1675 899 1729 938 qui
1745 898 1803 928 ha-

1034 952 1084 982 bet
1099 962 1207 990 unam,
1231 952 1327 982 habet
1349 962 1461 983 omnes
1479 963 1485 982 :
1510 952 1562 982 sed
1579 951 1729 982 omnibus
1743 951 1804 982 hoc

1032 1006 1137 1036 visum
1162 1008 1208 1036 651
1230 1006 1377 1036 studiosis
1397 1008 1427 1036 et
1451 1006 1636 1045 ingemosis.
1653 1016 1668 1033 n
1691 1005 1751 1036 Sed
1775 1006 1803 1036 si

1033 1059 1091 1089 hoc
1118 1062 1197 1089 esset
1224 1068 1361 1095 verum,
1392 1061 1471 1089 65561
1499 1059 1607 1089 diviua
1635 1059 1801 1097 sententia,

1035 1113 1110 1152 quia
1134 1121 1228 1142 omne
1247 1120 1360 1142 verum
1379 1121 1398 1142 a
1418 1112 1521 1151 prima
1540 1112 1672 1142 veritate
1693 1120 1803 1151 proce—

1035 1167 1079 1197 dit
1096 1177 1102 1196 :
1125 1175 1204 1205 crgo
1222 1175 1296 1196 cum
1319 1166 1378 1196 hoc
1399 1166 1595 1205 intelligatur
1613 1166 1652 1196 de
1674 1165 1802 1196 virtuti-

1032 1220 1091 1250 bus
1106 1219 1249 1260 politicis,
1269 1220 1402 1250 virtutes
1416 1219 1551 1258 politicae
1561 1228 1626 1249 non
1640 1220 1716 1249 sunt
1730 1227 1802 1249 con-

1032 1282 1137 1304 nexae.

1075 1329 1151 1360 Item
1163 1354 1171 1367 ,
1197 1330 1371 1360 secundum
1387 1329 1616 1369 Philosophum
1629 1333 1650 1366 ⁶,
1675 1329 1804 1360 habitus

1032 1383 1189 1413 virtutum
1205 1383 1420 1423 politicarum,
1437 1385 1467 1413 et
1482 1383 1711 1420 consimilium,
1729 1385 1804 1414 sunt

1033 1446 1072 1467 ex
1094 1437 1215 1467 actibus
1239 1447 1245 1467 :
1270 1437 1323 1466 sed
1346 1439 1434 1466 actus
1458 1445 1520 1467 non
1545 1438 1619 1466 sunt
1649 1436 1801 1474 connexi;

1033 1490 1188 1528 contingit
1204 1490 1290 1520 enim
1306 1490 1469 1519 hominem
1492 1489 1659 1519 exercitari
1683 1489 1715 1519 in
1731 1491 1805 1520 actu

1032 1543 1128 1573 unius
1146 1543 1289 1577 virtutis,
1307 1543 1349 1572 ita
1368 1543 1452 1582 quod
1478 1551 1543 1572 non
1569 1545 1755 1573 exerceatur
1770 1543 1804 1573 in

1032 1599 1104 1627 actu
1119 1596 1248 1626 alterius
1263 1606 1269 1626 :
1284 1596 1410 1626 videtur
1420 1604 1500 1634 ergo
1516 1595 1599 1635 quod
1614 1605 1678 1626 non
1693 1605 1804 1626 omnes

1033 1650 1166 1680 virtutes
1180 1649 1356 1680 necessario
1374 1651 1610 1679 connectantur.

1076 1703 1164 1740 Item,
1181 1703 1260 1732 sicut
1273 1702 1411 1732 scientiae
1428 1702 1587 1732 habentur
1599 1711 1655 1741 per
1670 1702 1802 1741 acquisi-

1034 1756 1169 1793 tionem,
1190 1755 1233 1785 ita
1256 1755 1390 1785 virtutes
1411 1754 1562 1794 politicae3
1588 1757 1619 1785 et
1639 1755 1719 1785 sieut
1742 1764 1804 1785 una

1033 1809 1135 1839 virtus
1150 1808 1238 1838 alteri
1253 1808 1510 1845 adminiculatur,
1524 1807 1567 1837 sic
1582 1809 1628 1838 est
1642 1808 1675 1838 111
1691 1807 1804 1838 habitu

1033 1862 1169 1892 5616111116
1185 1863 1327 1901 respectu
1342 1861 1471 1891 alterius
1487 1871 1492 1891 :
1508 1860 1561 1891 sed
1576 1860 1714 1891 scientiae
1729 1869 1803 1900 quae

1034 1925 1070 1945 su
1076 1918 1109 1945 nt
1118 1924 1174 1954 per
1182 1915 1433 1954 acquisitionem,
1446 1923 1511 1944 non
1523 1914 1680 1944 habentur
1691 1913 1802 1951 simu13

1035 1969 1168 1998 seduna
1195 1968 1300 2007 prius,
1323 1970 1353 1998 et
1373 1967 1470 1998 altera
1491 1967 1664 2007 posterius;
1683 1970 1714 1997 et
1738 1976 1804 1998 una

1034 2024 1134 2061 potest
1158 2021 1265 2051 haberi
1289 2021 1356 2050 sine
1378 2021 1475 2050 altera
1493 2031 1499 2050 z
1523 2029 1601 2058 ergo
1622 2029 1687 2050 una
1701 2020 1803 2051 virtus

1034 2074 1158 2114 politica
1181 2082 1245 2103 non
1271 2073 1398 2104 videtur
1421 2081 1486 2103 esse
1510 2073 1686 2103 necessario
1710 2073 1803 2104 alteri

1034 2136 1169 2157 annexa.

1075 2180 1152 2210 Item
1169 2180 1228 2210 hoc
1248 2179 1354 2218 ipsum
1375 2178 1502 2208 videtur
1525 2187 1581 2218 per
1602 2179 1802 2218 experimen-

1034 2236 1103 2263 tum
1118 2232 1274 2269 sensibile,
1292 2231 1367 2271 quia
1385 2231 1476 2262 multi
1495 2231 1613 2271 pollent
1634 2232 1671 2269 (b)
1688 2232 1804 2264 virtute

1033 2286 1219 2326 prudentiae‚
1236 2284 1296 2324 'qui
1319 2286 1424 2314 tamen
1445 2293 1510 2314 11011
1530 2284 1648 2315 habent
1673 2285 1802 2324 largita-

1034 2342 1109 2377 tem,
1139 2340 1194 2368 aut
1215 2338 1367 2368 virtutem
1388 2337 1564 2376 patientiae,
1591 2338 1683 2368 multi
1707 2338 1802 2368 etiam

1034 2393 1187 2432 justitiam
1202 2391 1240 2421 ad
1262 2391 1447 2430 proximum
1462 2393 1607 2429 servant,
1625 2391 1679 2430 qui
1695 2393 1801 2421 tamen

1033 2447 1064 2477 111
1076 2446 1184 2486 seipsis
1197 2454 1260 2476 non
1270 2445 1387 2475 hahent
1397 2445 1640 2475 continentiam:
1651 2446 1683 2475 et
1694 2447 1801 2476 tamen

1033 2538 1054 2554 c.
1070 2537 1098 2561 11,
1114 2530 1145 2553 al.
1168 2535 1262 2559 chvu,
1278 2536 1302 2553 11.
1316 2530 1337 2552 4.
1350 2541 1379 2546 —
1393 2529 1402 2545 Α
1413 2528 1498 2557 Arist,
1510 2528 1605 2558 Etiam,
1620 2528 1661 2552 lib.
1679 2528 1708 2556 V,
1726 2535 1748 2552 c.
1772 2534 1800 2558 ις

1033 2565 1127 2590 Probi..
1144 2567 1205 2588 sect.
1224 2570 1277 2588 xxi.
1294 2563 1375 2594 probi.
1394 2569 1446 2587 xiv.

1066 2609 1099 2640 (a)
1110 2609 1179 2633 Edit.
1201 2609 1255 2632 Vm.
1270 2610 1362 2638 potest.
1376 2620 1403 2625 -
1420 2606 1453 2638 (b)
1469 2608 1529 2631 Caet.
1544 2606 1604 2631 edit.
1618 2606 1676 2631 add.
1690 2607 1726 2631 iu.

1819 802 1923 824 fundam.
