2017 2948
98 763 132 783 Ad
149 768 199 788 opp,

130 2572 211 2592 Primus

212 102 269 131 520

212 167 442 197 contrarietatis
458 177 464 196 :
485 166 539 196 sed
553 166 637 206 quod
652 166 696 196 sic
710 168 767 203 est,
783 167 829 196 est
844 172 978 202 corrup-

212 219 300 250 tibile
316 219 521 250 naturaliter:
539 228 630 258 ergo,
648 221 706 249 etc.

253 272 329 302 Item
354 272 541 310 Anselmus,
567 272 605 302 cle
621 271 775 310 conceptu
790 268 948 309 virginali
958 272 979 306 ¹,

212 325 379 363 distinguit
408 325 562 364 triplicem
597 334 745 361 cursum,
781 322 978 358 naturalem,

212 378 449 415 voluntarium,
474 380 504 408 et
527 377 724 408 mirabilem:
749 378 780 406 et
801 375 876 406 dicit
897 374 982 414 qnod

212 431 367 462 mirabilis
393 440 412 461 a
441 430 504 461 Deo
525 430 763 460 administratur
788 427 979 458 immediate.

213 484 292 515 Cum
311 484 411 523 igitur
434 483 513 513 Deus
533 482 613 513 nihil
635 482 816 512 immediate
836 489 980 511 corrum-

213 540 284 577 pat,
297 537 351 567 illa
364 536 524 575 corruptio
534 559 543 573 ,
561 535 627 566 sive
641 535 842 575 putrefactio,
858 543 922 564 non
937 535 984 563 est

213 600 231 620 a
247 590 308 620 Deo
330 589 528 620 immediate:
551 597 629 627 ergo
652 597 717 618 non
739 590 784 618 est
807 586 980 617 mirabilis:

214 651 293 681 ergo
312 645 358 672 est
377 641 548 679 naturalis,
567 640 617 671 vel
632 640 832 671 voluntaria:
849 640 903 670 sed
919 647 983 669 non

214 696 394 726 voluntaria
408 706 415 726 t
432 703 512 734 ergo
527 694 692 724 naturalis.

255 750 368 780 Contra
379 751 390 766 ²
407 759 414 779 :
427 749 543 780 Forma
557 749 595 779 de
610 748 658 778 sui
673 750 787 778 natura
801 749 848 778 est
862 748 895 777 in
912 747 986 776 sim-

215 803 308 842 plici,
324 804 355 833 et
374 802 407 832 in
429 801 606 833 invariabili
629 802 762 831 essentia
783 801 958 831 consistens
975 810 983 830 ε

215 856 240 886 si
254 864 332 894 ergo
347 855 464 885 accidat
478 855 505 885 ei
520 855 665 891 variatio,
682 855 741 885 hoc
757 856 803 885 est
818 863 873 893 per
890 856 986 884 mate-

215 909 296 939 riam
314 919 321 939 :
345 917 424 947 ergo
442 911 585 948 separata
599 918 616 938 a
632 908 764 938 materia
786 909 832 937 est
847 907 986 937 invaria-

216 962 286 993 bilis
301 972 357 1002 per
371 963 542 999 naturam'p
560 962 585 991 si
602 970 679 1000 ergo
695 961 847 997 varietur,
866 960 926 991 hoc
941 962 988 991 est

217 1025 312 1056 supra
327 1018 494 1046 naturam:
513 1024 603 1053 ergo,
622 1017 679 1044 etc.

259 1069 335 1099 item
352 1068 391 1098 ad
413 1067 711 1097 transmutationem
733 1066 896 1106 physicam
913 1075 987 1096 con-

219 1123 352 1151 currunt
365 1120 426 1150 tria
441 1119 606 1159 principia,
624 1119 739 1148 scilicet
753 1119 941 1158 subjectum,
959 1120 990 1149 et

219 1175 282 1205 duo
296 1173 453 1204 contraria
466 1183 472 1203 :
489 1181 567 1211 ergo
577 1172 632 1202 ubi
647 1171 751 1202 deficit
766 1171 909 1207 materia,
926 1180 990 1201 non

221 1230 267 1258 est
280 1227 414 1266 intelligi
430 1226 639 1256 mutationem
656 1225 819 1264 physffcam
838 1235 844 1254 :
863 1224 916 1255 sed
931 1225 992 1255 1100

221 1283 267 1311 est
288 1281 319 1310 in
342 1280 392 1310 his
416 1279 579 1320 speciebus
600 1288 607 1309 :
629 1288 708 1318 ergo
730 1278 916 1318 putrefactio
940 1278 992 1309 illa

221 1344 286 1366 non
301 1336 347 1365 est
361 1333 501 1374 physica.

263 1387 342 1418 Item
356 1388 366 1404 ³
381 1388 461 1418 sicut
483 1396 501 1417 a
520 1386 621 1417 forma
639 1388 686 1416 est
706 1395 820 1425 agere,
845 1386 887 1416 ita
908 1388 954 1416 est
976 1395 994 1416 a

224 1441 355 1472 materia
370 1440 455 1480 pati:
477 1439 531 1470 sed
546 1448 610 1469 non
629 1439 776 1469 convenit
798 1447 896 1477 agere
910 1439 993 1478 phy—

225 1495 287 1524 sice
296 1494 358 1524 nisi
372 1502 428 1533 per
443 1493 578 1523 formam
595 1502 602 1522 :
620 1501 697 1531 ergo
712 1501 769 1522 nec
785 1492 849 1531 pati
862 1492 923 1522 nisi
939 1501 995 1531 per

225 1547 411 1584 materiam3
442 1555 519 1584 ergo
546 1545 601 1575 nbi
630 1545 733 1575 deficit
760 1545 892 1575 materia
903 1569 912 1582 ,
940 1554 996 1584 per

227 1608 424 1639 consequens
439 1599 482 1629 ibi
495 1607 558 1629 non
576 1600 621 1628 est
634 1598 738 1637 passio
753 1597 902 1637 physica:
918 1606 996 1636 ergo

228 1663 285 1684 nec
300 1652 534 1683 transmutatio.

269 1707 347 1737 Item
362 1715 426 1736 non
441 1707 487 1735 est
508 1713 582 1736 vere
604 1705 808 1735 contrarietas
829 1705 897 1734 sine
921 1706 997 1735 suh-

229 1762 311 1800 jecto
324 1771 331 1790 ι
347 1759 400 1789 sed
413 1758 545 1789 materia
558 1758 661 1798 prima
673 1760 719 1788 est
734 1758 911 1797 subjectum
923 1767 997 1788 con-

231 1813 402 1844 trarietatis
417 1812 588 1852 corporalis
601 1821 608 1841 :
623 1820 701 1851 ergo
714 1811 768 1842 ubi
779 1812 883 1842 deficit
896 1812 1001 1851 prima

232 1867 380 1904 materia,
399 1875 464 1896 non
479 1867 525 1896 est
548 1874 622 1895 vere
641 1853 864 1896 contrarietas:
883 1865 937 1895 sed
953 1874 1001 1896 ac-

233 1921 276 1951 tio
293 1919 445 1950 naturalis
463 1920 509 1949 est
523 1927 579 1958 per
597 1927 706 1949 veram
724 1918 999 1949 contrarietatem:

234 1982 332 2013 ergo,
357 1975 415 2004 etc.
443 1972 593 2003 Similiter
618 1974 723 2012 posset
745 1972 839 2011 argui
865 1971 903 2002 de
926 1981 1002 2002 con-

234 2028 335 2064 tactu,
361 2026 446 2066 quod
461 2028 507 2056 est
521 2025 632 2056 sormae
647 2025 680 2056 in
699 2026 831 2056 materia
842 2049 850 2063 ,
865 2028 895 2055 et
909 2025 1000 2062 actio,

235 2082 265 2110 et
279 2079 381 2119 passio
396 2081 524 2118 propter
538 2081 730 2109 contactum.

276 2132 380 2163 TertIO
415 2132 569 2170 quaeritur
599 2132 637 2162 de
671 2140 765 2171 opere
798 2131 981 2162 nutritionis
993 2154 1001 2168 ,

236 2188 346 2217 utrum
361 2184 477 2215 scilicet
490 2185 622 2215 nutritio
639 2184 679 2214 sit
692 2184 860 2221 naturalis,
882 2184 933 2215 vel
949 2193 1003 2214 su-

236 2239 458 2280 pernaturalis.

509 2321 732 2354 CONCLUSIO.

241 2400 412 2434 Operationes
425 2400 567 2433 specierum
584 2398 777 2431 Eucharistioe,
793 2399 818 2424 ει·
834 2399 880 2431 fiat
898 2405 1004 2433 compa-

273 2447 343 2472 ratio
366 2445 401 2472 ad
417 2445 601 2479 principium,
621 2445 681 2469 sunt
702 2450 785 2476 supra
808 2444 931 2468 παίω-(1111
954 2450 961 2467 :
982 2443 1007 2468 si

275 2492 362 2516 aute-m
377 2489 413 2516 ad
427 2489 568 2523 objectum,
585 2489 646 2514 sunt
659 2487 806 2514 naturales.

280 2562 368 2602 Resp.
390 2562 428 2593 ad
451 2570 523 2601 arg.
546 2561 736 2598 Dicendum,
761 2560 799 2591 ad
823 2560 1006 2600 intelligen-

767 95 1076 129 SENTENTIARUM
1098 96 1171 127 LlB.
1194 95 1245 128 lv.
1759 96 1766 100 ·
1776 95 1798 102 ...

1037 163 1112 194 tiam
1136 163 1376 204 praedictorum,
1406 164 1581 195 secundum
1603 173 1705 196 unum
1732 174 1800 197 mo-

1037 217 1114 248 dum
1138 218 1261 249 dicendi
1284 220 1349 255 est,
1377 217 1461 257 quod
1487 226 1528 249 ex
1548 218 1624 249 satis
1649 219 1802 258 probabili

1038 272 1271 311 comparatione
1307 271 1436 301 virtutis
1471 271 1508 302 ad
1541 271 1738 311 operationes
1763 281 1804 303 ex

1038 324 1154 355 virtute
1169 324 1386 364 egredientes,
1407 324 1604 364 operationes
1623 325 1741 355 habent
1754 333 1806 356 re-

1038 378 1142 417 gulari
1170 377 1345 408 secundum
1369 377 1525 417 potentias
1553 380 1584 408 et
1609 378 1756 416 virtutes,
1787 387 1807 408 a

1039 432 1154 472 quihus
1178 432 1398 471 egrediuntur.
1427 431 1558 471 Propter
1583 431 1668 471 quod
1692 433 1805 462 notan-

1039 485 1134 523 dum,
1154 485 1239 525 quod
1259 485 1428 525 aliqnando
1450 486 1543 516 datur
1557 486 1651 519 3110111
1672 487 1808 526 potestas

1040 539 1208 569 conformis
1237 548 1303 569 suae
1326 541 1467 576 naturae,
1491 540 1522 569 et
1547 541 1635 569 actus
1659 546 1808 577 egressus

1041 592 1080 622 ab
1093 591 1147 621 illa
1159 591 1297 630 potentia
1309 593 1356 621 est
1370 590 1532 629 naturalis,
1549 591 1631 622 sicut
1643 600 1717 622 cum
1727 599 1810 622 caeco

1041 645 1183 675 redditur
1197 645 1337 684 potentia
1356 644 1496 675 videndi.
1524 644 1702 684 Aliquando
1717 644 1811 675 datur

1041 699 1178 737 potestas
1195 697 1287 727 3110111
1307 697 1425 736 partim
1440 696 1610 728 conformis
1623 699 1764 735 naturae,
1780 699 1812 728 et

1042 751 1157 791 partim
1175 759 1271 790 supra
1286 753 1432 781 naturam
1445 761 1452 781 ε
1478 753 1508 781 et
1527 753 1602 782 tunc
1616 753 1704 782 actus
1717 759 1810 791 egre-

1043 804 1130 834 diens
1147 804 1284 844 quodam
1304 804 1397 835 modo
1419 806 1466 834 est
1485 803 1655 841 naturalis,
1673 804 1811 844 quodam

1043 857 1137 888 modo
1166 867 1262 897 supra
1291 859 1460 895 naturam,
1486 857 1568 888 510111
1595 866 1678 888 caeco
1704 857 1812 888 videre

1044 913 1145 941 nocte.
1176 910 1370 950 Quandoque
1401 911 1494 941 datur
1520 912 1656 950 potestas
1682 910 1812 940 omnino

1044 973 1140 1003 supra
1154 966 1302 993 naturam
1320 974 1327 993 ε
1345 965 1375 994 et
1389 966 1464 994 tunc
1478 965 1567 993 actus
1587 962 1755 1001 egrediens
1771 961 1810 992 ab

1044 1017 1097 1046 1113
1116 1017 1254 1056 potentia
1275 1018 1321 1046 est
1340 1016 1548 1046 miraculosus
1562 1015 1764 1056 simpliciter,
1780 1016 1811 1046 et

1045 1079 1141 1110 supra
1159 1072 1323 1107 naturam,
1344 1069 1425 1099 sicut
1449 1067 1567 1107 Virgini
1590 1068 1661 1099 data
1681 1070 1729 1099 est
1753 1077 1810 1108 po·

1045 1125 1139 1153 testas
1162 1122 1313 1162 pariendi.
1339 1121 1605 1152 Considerandum
1629 1123 1675 1152 est
1693 1121 1808 1160 igitur,

1046 1175 1130 1214 quod
1148 1175 1181 1205 in
1202 1176 1263 1205 1100
1278 1176 1474 1205 sacramento
1494 1176 1541 1205 est
1558 1174 1627 1205 haec
1641 1174 1748 1205 omnia
1761 1183 1811 1205 re-

1047 1229 1159 1268 perire.
1194 1227 1274 1258 Nam
1302 1228 1406 1268 prima
1443 1228 1602 1267 quantitas
1629 1227 1815 1258 naturaliter

1047 1282 1143 1312 habet
1173 1282 1315 1312 substare
1344 1281 1414 1311 aliis
1438 1281 1667 1319 accidentibus,
1699 1283 1730 1311 et
1756 1280 1817 1311 alia

1049 1335 1220 1366 accidentia
1242 1335 1427 1366 naturaliter
1450 1335 1618 1365 sustentari
1639 1334 1678 1364 ab
1694 1334 1759 1365 illa.
1783 1333 1817 1364 Si

1049 1398 1127 1428 ergo
1149 1389 1242 1420 detur
1269 1388 1436 1428 quantitati
1459 1388 1600 1428 potentia
1622 1386 1817 1418 sustentandi

1050 1443 1111 1474 alia
1129 1443 1319 1480 accidentia,
1336 1443 1463 1473 illorum
1479 1442 1643 1472 existentia
1663 1442 1698 1472 in
1716 1449 1818 1481 quan-

1050 1496 1138 1527 titate
1153 1499 1200 1527 est
1214 1496 1386 1534 naturalis,
1402 1498 1433 1527 et
1453 1496 1594 1535 operatio
1613 1503 1747 1535 sequens
1761 1494 1820 1534 ha-

1052 1548 1103 1579 bet
1124 1549 1297 1588 potentiam
1316 1549 1503 1579 naturalem.
1533 1548 1621 1579 Unde
1643 1548 1712 1579 dico
1735 1547 1820 1588 quod

1052 1602 1250 1642 operationes
1278 1602 1406 1633 illarum
1436 1602 1612 1642 specierum
1641 1602 1676 1632 in
1708 1609 1820 1632 sensus

1053 1657 1127 1686 sunt
1147 1655 1327 1693 naturales,
1351 1655 1427 1694 quia
1452 1655 1486 1685 in
1510 1654 1685 1694 quantitate
1703 1654 1822 1685 habent

1053 1719 1120 1741 esse
1134 1710 1325 1741 conveniens
1339 1709 1555 1740 immutationi
1569 1717 1732 1740 sensuum.
1752 1707 1823 1740 Om-

1054 1772 1110 1793 nes
1121 1763 1221 1802 igitur
1234 1763 1371 1793 rationes
1380 1762 1440 1792 hoc
1452 1762 1651 1793 ostendentes
1662 1763 1737 1792 511111
1751 1769 1823 1792 0011-

1055 1815 1213 1846 cedendae.

1095 1868 1143 1899 Ad
1157 1868 1370 1908 oppositiones
1389 1868 1554 1898 manifesta
1575 1870 1622 1898 est
1643 1866 1820 1907 responsio,

1056 1922 1133 1962 quia
1148 1922 1308 1962 quantitas
1330 1924 1377 1952 est
1394 1922 1437 1952 ibi
1458 1921 1526 1952 1000
1546 1921 1706 1960 materiae,
1722 1922 1754 1952 et
1768 1929 1824 1960 per

1057 1975 1143 2005 illam
1159 1977 1233 2006 sunt
1247 1975 1299 2005 hic
1311 1977 1341 2005 et
1355 1983 1455 2012 nunc,
1474 1977 1504 2005 et
1515 1974 1633 2005 habent
1646 1983 1715 2005 esse
1728 1976 1825 2004 mate-

1057 2028 1150 2065 riale,
1171 2030 1201 2058 et
1216 2028 1408 2058 conveniens
1423 2027 1637 2058 immutationi
1652 2036 1806 2058 sensuum
1815 2050 1823 2064 ,

1058 2083 1088 2112 et
1110 2081 1281 2112 accidentia
1303 2081 1406 2120 primo
1428 2082 1502 2111 sunt
1526 2080 1559 2110 in
1581 2081 1754 2120 quantitate
1772 2092 1778 2112 :
1796 2082 1828 2112 et

1059 2134 1119 2164 hoc
1132 2134 1234 2172 potest
1248 2133 1323 2163 satis
1342 2133 1443 2163 videri
1460 2141 1516 2172 per
1535 2132 1718 2172 exemplum
1731 2141 1827 2172 supra

1059 2187 1097 2217 de
1118 2186 1193 2216 navi
1215 2186 1364 2226 positum.
1387 2185 1465 2222 Quia
1484 2194 1561 2216 vero
1579 2186 1672 2216 datur
1693 2186 1827 2217 ulterius

1060 2239 1227 2279 quantitati
1248 2239 1291 2269 illi
1306 2239 1444 2278 potentia
1462 2239 1652 2269 subsistendi
1664 2242 1826 2270 transmu-

1059 2292 1232 2322 tationibus
1247 2291 1373 2322 illarum
1391 2292 1582 2330 formarum,
1603 2292 1674 2323 talis
1686 2291 1827 2332 potentia

1060 2346 1175 2386 partim
1189 2348 1236 2376 est
1259 2346 1427 2376 conformis
1441 2348 1582 2383 naturae,
1599 2346 1714 2386 partim
1733 2353 1828 2385 supra

1061 2401 1228 2430 naturam:
1249 2399 1418 2430 conformis
1441 2402 1488 2429 est
1510 2401 1667 2439 quantum
1690 2398 1729 2429 ad
1752 2397 1828 2428 sub-

1095 2500 1099 2512 ¹
1118 2498 1240 2528 Anseliu„
1260 2498 1289 2521 <le
1311 2498 1383 2522 Cone.
1403 2499 1476 2528 vir-q„
1495 2505 1517 2521 0.
1533 2503 1569 2521 xi.
1582 2509 1612 2514 —-
1628 2498 1635 2510 “-“
1652 2498 1702 2520 Sex
1720 2494 1826 2526 princip.

1063 2534 1126 2557 oilb.
1142 2535 1224 2564 Pom,
1244 2535 1316 2557 tract.
1339 2540 1360 2564 1,
1384 2540 1405 2557 c.
1429 2539 1457 2556 11.
1477 2546 1506 2550 —
1525 2533 1535 2550 Β
1551 2532 1638 2562 Arist„
1655 2531 1684 2554 de
1703 2530 1826 2558 Generat„

1062 2569 1104 2592 lib.
1122 2569 1153 2599 ll,
1169 2571 1237 2594 cont.
1253 2570 1299 2599 435
1311 2568 1341 2592 cle
1355 2568 1453 2598 Am'ma,
1466 2568 1508 2593 lib.
1525 2569 1555 2598 11,
1570 2573 1592 2591 c.
1608 2571 1679 2591 xxiv.

1830 168 1904 189 modun

1817 197 1909 221 dicendi.

1853 1870 1918 1896 Rcsp.

1837 1901 1864 1921 ud
1880 1907 1936 1926 quae·

1838 1931 1900 1952 situm
1912 1933 1930 1952 t.
