2017 2948
98 582 176 609 Opinio

85 619 187 639 quorum-

84 645 140 665 dam.

103 1725 191 1746 Divisio.

207 102 267 132 370
763 97 1073 131 SENTENTIARUM
1095 98 1170 130 ΗΒ.
1192 99 1242 131 lv.

208 169 348 207 zantur,
375 175 442 198 non
469 169 606 198 sumunt
632 165 674 199 ad
701 166 839 199 salutem
867 165 1090 210 baptismum,
1107 165 1163 199 sed
1190 166 1231 199 ad
1256 166 1452 210 perniciem;
1480 167 1636 201 habentes
1661 169 1800 203 formam

206 223 420 266 sacramenti,
436 222 594 256 virtutem
618 227 727 256 autem
743 223 813 267 ejus
828 223 1028 265 abnegantes
1045 236 1052 255 :
1070 227 1101 256 et
1116 222 1189 256 idco
1204 223 1345 257 Ecclesia
1360 235 1427 257 non
1442 235 1496 258 eos
1510 225 1704 270 rebaptizat,
1722 227 1801 271 quia

207 280 241 313 in
256 280 390 314 nominc
404 280 573 314 Trinitatis
587 281 741 326 baptizati
763 284 840 313 sunt
853 306 861 321 ,
877 285 908 313 ct
933 281 1001 325 ipsa
1015 285 1061 313 cst
1084 280 1189 313 forma
1208 282 1413 315 sacramenti.
1433 294 1449 313 »
1465 282 1545 315 Item
1562 288 1568 303 ¹
1589 295 1596 314 z
1614 295 1631 314 «
1648 282 1801 328 Rebapti·

207 349 279 372 zare
303 338 490 372 haereticum
510 365 518 381 ,
544 339 601 384 qni
634 339 700 372 liaec
729 339 993 371 sanctificationis
1022 338 1115 381 signa
1143 339 1342 383 perceperit,
1369 339 1504 373 omnino
1532 345 1700 383 peccatum
1726 344 1797 383 est5

206 395 402 429 catholicum
417 408 494 429 vero
507 423 515 438 ,
532 396 806 429 immanissimum
824 396 928 429 scelus
943 400 1001 429 est.
1018 409 1034 427 »
1054 396 1103 428 Ex
1125 396 1174 428 liis
1191 401 1300 440 aperte
1322 397 1508 440 colligitur,
1526 397 1613 441 quod
1628 397 1686 440 qui
1701 398 1799 431 etiam

206 453 247 488 ab
261 454 419 488 haereticis
433 454 588 499 baptizati
604 458 680 486 sunt
696 458 822 487 servato
837 454 1020 487 charactere
1029 454 1163 496 Christi,
1175 454 1399 498 rebaptizandi
1414 466 1479 487 non
1495 459 1586 497 sunt,
1601 454 1657 488 sed
1673 459 1800 488 tantum

204 512 412 557 impositione
427 523 544 544 manus
559 511 790 544 reconciliandi
804 537 813 554 ,
829 515 866 544 ut
880 511 1041 556 Spiritum
1057 516 1205 544 sanctum
1227 512 1403 555 accipiant,
1421 517 1452 545 ct
1466 513 1500 545 in
1516 512 1648 555 signum
1664 513 1800 546 detesta-

205 570 303 603 tionis
317 570 558 602 haereticornm.
577 568 663 602 Sunt
678 573 787 602 tamen
802 569 956 602 nonnulli
971 568 1142 602 doctorum
1156 594 1164 610 ,
1181 572 1219 601 nt
1234 570 1418 613 Cyprianus
1431 595 1439 611 ,
1455 574 1486 603 et
1501 570 1557 602 alii
1575 570 1725 614 quidam,
1740 571 1799 614 qui

203 627 309 661 dicere
324 627 479 660 videntur
492 627 532 660 ab
550 626 710 660 haereticis
729 638 796 660 non
811 638 901 671 posse
917 626 999 659 tradi
1017 626 1214 670 baptismum
1229 639 1236 668 ;
1254 630 1286 659 et
1300 638 1353 659 eos
1376 638 1442 659 esse
1463 626 1710 671 rebaptizandos
1723 638 1797 662 cum

204 685 342 719 veniunt
364 685 405 718 ad
427 684 603 718 Ecclesiam
619 710 627 727 ,
643 684 701 729 qui
723 684 764 718 ab
785 685 851 718 illis
865 685 1020 718 dicuntur
1035 684 1201 728 baptizati.
1220 683 1283 717 Sed
1306 683 1367 717 hoe
1381 684 1420 717 dc
1442 684 1507 717 illis
1526 696 1642 718 verum
1657 689 1725 727 est,
1740 685 1799 730 qui

203 747 295 776 extra
315 742 455 776 formam
480 742 631 775 Ecclesiae
654 742 820 787 baptizare
841 745 1057 787 praesumunt.
1074 742 1259 786 Cyprianus
1278 745 1386 774 tamen
1401 742 1447 774 ibi
1461 753 1481 774 a
1495 742 1631 775 veritate
1655 742 1799 776 deviasse

202 800 350 842 videtur,
367 799 426 845 qui
455 799 500 833 ait
527 799 567 833 de
594 799 748 833 haeretico
763 806 774 823 ²
792 812 799 832 :
820 799 1025 840 «Quomodo
1051 798 1252 832 sanctificare
1277 810 1396 843 aquam
1421 803 1545 844 potest,
1565 811 1640 833 eum
1655 800 1723 845 ipse
1737 800 1799 833 im-

203 858 348 892 mundus
362 862 430 899 est,
447 861 479 891 et
502 857 589 902 apud
611 868 710 902 quem
737 857 880 902 Spiritus
904 861 1035 890 sanctus
1058 868 1125 890 non
1150 860 1217 899 est5
1237 868 1312 889 cum
1337 857 1498 890 Dominus
1519 857 1604 890 dicat
1618 857 1653 890 in
1675 858 1746 901 lege
1760 859 1771 876 ³
1789 870 1796 890 :

205 917 425 960 Quoecumque
448 915 592 960 tetiqerit
612 914 821 957 immundas,
847 914 1022 947 immunda
1045 917 1167 949 erunt?
1188 914 1268 954 Quis·
1297 918 1399 959 potest
1426 915 1502 947 dare
1529 915 1616 959 quod
1641 915 1709 960 ipse
1732 926 1798 948 non

202 973 322 1007 habet?
343 986 360 1006 >³
380 973 449 1006 Hoc
472 984 549 1015 ergo
571 983 612 1005 ex
632 972 818 1016 ignorantia
833 984 909 1005 eum
926 973 1045 1012 dixisse
1062 972 1270 1014 Augustinus
1291 972 1400 1005 innuit
1414 971 1524 1005 dicens
1537 972 1567 1005 ’.-
1589 986 1605 1004 «
1621 972 1799 1017 Martyrem

203 1032 405 1077 Cyprianum
421 1031 602 1074 gloriosum
616 1057 624 1073 ,
642 1031 699 1075 qui
715 1030 801 1074 apud
817 1030 984 1063 haereticos
1002 1030 1055 1063 vel
1075 1030 1294 1062 schismaticos
1315 1030 1428 1063 datum
1448 1030 1648 1074 baptismum
1669 1029 1801 1063 nolebat

204 1100 397 1134 cognoscere
412 1115 420 1131 ‚
437 1089 517 1122 dum
533 1100 587 1121 cos
607 1088 707 1121 nimis
720 1088 936 1121 detestaretur
948 1114 956 1129 ,
973 1092 1062 1120 tanta
1077 1087 1148 1131 ejus
1162 1087 1277 1120 merita
1292 1099 1396 1132 nsque
1420 1087 1460 1120 ad
1482 1087 1686 1132 triumphum
1709 1099 1801 1120 mar-

204 1147 282 1192 tyrii
296 1150 406 1180 secuta
420 1150 514 1187 sunt,
531 1150 568 1179 ut
591 1150 623 1179 et
646 1145 813 1178 charitatis
828 1157 895 1189 qna
917 1145 1095 1178 excellebat
1119 1145 1191 1178 luce
1209 1145 1418 1178 obumbratio
1442 1145 1500 1178 illa
1521 1146 1710 1189 fugaretur;
1728 1149 1759 1178 et
1773 1146 1800 1178 si

204 1204 284 1249 quid
299 1203 510 1249 purgandum
526 1207 616 1245 erat,
634 1203 793 1248 passionis
807 1202 888 1235 falce
912 1203 1092 1235 tolleretur.
1109 1202 1175 1235 Nec
1194 1214 1254 1234 nos
1268 1203 1325 1246 qni
1341 1202 1493 1246 baptismi
1506 1203 1676 1235 veritatem
1692 1207 1722 1236 et
1737 1202 1801 1236 hae-

203 1263 379 1296 reticorum
394 1261 600 1306 iniquitatem
617 1261 837 1304 agnoscimus,
852 1260 924 1293 ideo
939 1260 1103 1304 Cypriano
1118 1260 1269 1293 meliores
1281 1271 1408 1301 sumus,
1420 1260 1504 1292 sicut
1519 1271 1577 1293 nec
1591 1260 1700 1301 Petro,
1717 1260 1800 1304 quia
1851 1253 1855 1256 .

203 1324 316 1363 gentes
326 1319 495 1364 judaizare
507 1318 517 1335 ⁶
531 1330 598 1352 non
611 1319 770 1362 cogimus.
790 1330 807 1349 »

391 1447 598 1480 EXPOSITIO
620 1446 784 1478 TEXTUS.

284 1529 357 1553 Nunc
372 1527 464 1559 quibus
477 1527 553 1551 liceat
565 1526 693 1558 baptizare
707 1526 840 1556 addamus,
855 1527 904 1549 ete.

247 1609 350 1650 Supra
367 1607 502 1639 ostendit
522 1606 673 1645 Mag1ster
687 1614 761 1645 quae
781 1605 820 1635 sit
842 1606 978 1644 potestas

207 1664 318 1696 collata
346 1662 519 1700 ministris3
550 1661 602 1692 hic
623 1660 761 1691 secundo
790 1659 979 1691 determinat

207 1717 323 1758 quibus
338 1717 385 1747 est
403 1715 536 1752 collata3
555 1716 584 1744 et
605 1713 701 1744 habet
718 1713 788 1743 haec
808 1722 880 1751 pars
899 1712 978 1743 duas

207 1772 332 1811 partes:
355 1769 387 1799 in
402 1767 505 1808 prima
518 1766 726 1803 determinat,
747 1765 865 1805 quibus
885 1765 978 1795 liceat

206 1823 366 1864 baptizare
377 1845 387 1860 ,
409 1820 578 1851 ostendens
593 1818 678 1859 quod
691 1818 843 1848 omnibns
858 1817 891 1847 in
905 1826 980 1847 casu

206 1876 419 1913 necessitati53
436 1875 470 1905 in
486 1874 624 1904 secunda
639 1881 714 1904 vero
728 1872 862 1912 qnaerit,
879 1873 910 1901 et
923 1871 977 1901 de-

206 1930 356 1961 terminat
367 1953 375 1967 ,
396 1930 507 1959 utrum
525 1926 698 1966 baptizatos
714 1925 754 1955 ab
770 1924 926 1955 haereticis
939 1923 978 1954 li-

207 1985 274 2014 ceat
297 1981 509 2022 rebaptizare,
533 1979 575 2009 ibi
592 1990 599 2009 z
623 1979 666 2009 De
688 1977 755 2009 illis
775 1985 847 2008 vero
866 1977 924 2017 qui
941 1976 980 2007 ab

208 2035 366 2068 haereticis
389 2034 610 2073 baptizantur.
639 2030 677 2061 Et
705 2031 766 2060 ista
786 2038 860 2069 pars
885 2029 980 2060 hahet

208 2089 309 2120 duas:
333 2088 366 2118 in
392 2087 496 2126 prima
520 2084 710 2115 determinat
732 2083 919 2119 veritatem;
945 2082 979 2112 in

208 2140 346 2172 secunda
365 2140 509 2170 removet
530 2137 718 2173 salsitatem,
738 2135 805 2165 ibi:
835 2136 914 2167 Sunt
929 2139 977 2167 la-

208 2203 280 2227 men
310 2193 462 2226 nonnulli
493 2191 674 2227 doctorum,
705 2191 777 2227 etc.⁷
812 2189 979 2219 ostendens

208 2248 292 2289 quod
308 2247 494 2288 Cyprianus,
512 2245 566 2284 qui
582 2243 662 2274 dixit
678 2243 850 2282 baptizatos
866 2242 905 2272 ab
916 2242 980 2273 hae-

207 2303 312 2334 reticis
330 2309 398 2332 esse
412 2298 652 2339 rebaptizandos
663 2321 673 2335 ‚
691 2306 756 2327 non
772 2298 855 2327 recte
869 2296 976 2327 sensit.

533 2399 602 2420 DUB.
625 2398 648 2420 1.

257 2467 294 2491 Ne
312 2464 448 2495 confessio,
465 2465 490 2488 et
505 2461 634 2488 Trinitatis
649 2461 788 2491 invocatio,
806 2460 922 2484 videatur

522 2496 655 2523 annullari.

241 2569 371 2602 Videtur
389 2568 470 2599 ratio
485 2567 545 2598 ista
560 2565 653 2597 Bedae
667 2573 732 2596 non
748 2564 855 2596 valere
866 2588 874 2602 ‚
896 2563 972 2603 quia

1034 1445 1160 1485 quando
1173 1445 1287 1485 aliquis
1302 1444 1374 1484 plus
1385 1447 1417 1475 et
1432 1445 1550 1485 pluries
1562 1445 1689 1477 invocat
1700 1446 1807 1478 Trini-

1033 1500 1130 1529 tatem
1143 1523 1150 1537 ,
1169 1501 1200 1529 et
1216 1499 1394 1536 confitetur,
1416 1507 1482 1529 non
1497 1498 1660 1538 annullat,
1677 1500 1731 1531 sed
1746 1509 1806 1540 po-

1032 1552 1097 1582 tius
1111 1552 1257 1582 honorat.
1275 1551 1353 1582 Item
1366 1576 1373 1589 ‚
1401 1552 1428 1582 si
1449 1552 1519 1582 haee
1541 1552 1621 1582 ratio
1640 1552 1724 1583 hona
1737 1555 1803 1592 est,

1032 1606 1110 1634 tunc
1128 1603 1254 1634 nullum
1274 1613 1355 1642 opus
1374 1604 1466 1635 debet
1489 1605 1616 1642 iterari,
1636 1605 1670 1635 iu
1691 1615 1755 1645 quo
1769 1607 1806 1637 fit

1033 1657 1192 1688 invocatio
1207 1656 1388 1696 Trinitatis,
1410 1657 1494 1697 quod
1512 1658 1677 1689 manifeste
1691 1659 1806 1691 falsum

1033 1714 1090 1742 est.

1074 1765 1166 1805 Resp.
1192 1764 1365 1796 Dicendum
1387 1765 1473 1805 quod
1493 1765 1554 1795 ista
1571 1774 1637 1797 non
1657 1768 1705 1796 est
1723 1767 1805 1799 ratio

1034 1818 1141 1856 Redin,
1159 1818 1235 1857 quia
1249 1818 1414 1848 invocetur
1427 1818 1583 1857 Trinitas,
1602 1819 1657 1849 sed
1671 1819 1748 1859 quia
1761 1819 1807 1851 in-

1034 1874 1166 1902 vocetur
1187 1871 1223 1901 az]
1242 1870 1338 1901 talem
1353 1870 1521 1908 effectum,
1547 1871 1602 1911 qui
1617 1871 1724 1902 iterari
1739 1881 1804 1904 non

1033 1926 1155 1964 potest,
1177 1924 1257 1954 sicut
1275 1923 1315 1954 ad
1331 1923 1573 1963 impressionem
1588 1924 1780 1956 characteris
1794 1935 1802 1956 :

1034 1980 1064 2008 et
1078 1978 1158 2015 ideo,
1175 1978 1201 2007 si
1219 1976 1356 2007 secundo
1374 1977 1502 2008 invocat
1515 1977 1640 2017 aliquis,
1656 1986 1728 2008 cum
1741 1987 1806 2009 non

1034 2031 1131 2070 possit
1151 2030 1267 2061 habere
1283 2030 1431 2061 effectum
1443 2054 1452 2068 ,
1470 2030 1614 2060 annullat
1633 2030 1805 2062 invocatio-

1034 2093 1108 2114 nem
1125 2084 1374 2123 praecedentem,
1391 2083 1442 2114 vel
1455 2085 1663 2123 sequentem:
1682 2083 1741 2114 hoc
1755 2092 1810 2115 au-

1034 2138 1099 2168 tem
1115 2146 1177 2167 non
1194 2145 1319 2177 semper
1334 2139 1381 2167 est
1403 2138 1434 2166 in
1454 2136 1523 2167 aliis
1543 2136 1715 2175 generibus
1729 2146 1810 2177 ope-

1034 2199 1106 2220 rum
1120 2213 1128 2226 ‚
1146 2189 1197 2220 vel
1212 2192 1485 2220 sacramentorum
1497 2213 1505 2227 ‚
1526 2190 1587 2220 nisi
1607 2198 1719 2220 eorum
1733 2198 1808 2230 quae

1033 2242 1247 2273 characterem
1255 2242 1454 2282 imprimunt.
1465 2242 1537 2273 Ideo
1546 2245 1641 2282 patet,
1651 2243 1808 2282 quodnon

1037 2298 1084 2326 est
1099 2295 1212 2326 simile.

1067 2394 1075 2410 ¹
1086 2394 1160 2424 Aug„
1175 2393 1209 2417 (nl
1225 2394 1369 2421 Maxima..
1389 2396 1461 2426 epist.
1478 2401 1550 2426 ceni,
1564 2395 1597 2419 al.
1613 2400 1688 2420 xxm,
1701 2401 1727 2418 n.
1742 2395 1765 2421 Β,
1781 2396 1807 2418 et

1033 2428 1150 2456 habetur,
1163 2429 1192 2452 de
1203 2430 1326 2459 Commu,
1337 2431 1394 2454 dist.
1409 2437 1443 2461 iv,
1455 2438 1478 2455 c.
1490 2431 1689 2462 Rebuptizm-e.-
1700 2430 1709 2444 ²
1720 2430 1806 2460 cypr„

1032 2465 1104 2495 epist.
1120 2471 1171 2494 ΧΗ,
1188 2465 1230 2488 lii).
1250 2467 1268 2496 1,
1282 2474 1355 2497 super
1370 2466 1437 2490 illud
1450 2467 1519 2491 Eccli
1532 2485 1538 2496 ‚
1550 2472 1639 2494 XXXIV,
1655 2467 1668 2490 4
1685 2472 1691 2488 :
1709 2465 1746 2488 Ab
1761 2464 1807 2488 im.

1032 2500 1128 2523 mundo
1153 2500 1211 2530 qnid
1228 2501 1409 2525 mundabitur?
1420 2515 1451 2519 —
1466 2502 1476 2517 ³
1490 2502 1576 2531 Num„
1590 2507 1646 2532 xxx,
1659 2502 1704 2531 ‘225
1716 2500 1805 2526 Levit„

1032 2540 1056 2563 V,
1069 2537 1097 2564 23
1114 2540 1160 2563 VH,
1174 2535 1215 2565 l⁰;
1231 2542 1268 2566 XI,
1284 2538 1306 2560 4.
1319 2549 1350 2554 —
1365 2538 1375 2553 '¹
1387 2538 1462 2568 Aug„
1476 2538 1506 2561 de
1522 2537 1592 2560 unico
1605 2537 1688 2566 Bam,
1704 2541 1727 2559 c.
1745 2540 1804 2565 xin,

1030 2577 1056 2595 n.
1073 2572 1110 2594 22.
1122 2583 1152 2588 —
1167 2570 1256 2601 ¹³Gal.,
1272 2577 1301 2603 11,
1316 2573 1354 2597 ¹4.
