2017 2948
121 2088 152 2100 11111

240 139 297 167 140

238 206 268 234 et
281 204 462 242 conversim
480 204 647 244 dupliciter
660 204 807 234 convenit
823 213 1007 244 comparare

239 259 314 288 vitia
325 261 355 289 et
366 261 491 298 peccata
505 260 543 289 ad
558 260 695 289 invicem
714 270 720 289 :
739 260 787 289 vel
802 259 833 288 in
849 261 1007 298 quantum

237 313 385 342 avertunt
398 313 437 342 ab
449 322 512 342 11110
523 313 607 343 bono
624 312 892 348 incommutabili,
911 311 961 342 vel
976 311 1008 341 in

237 367 393 405 quantum
409 366 644 396 convertnntad
661 367 743 396 bona
757 365 1006 395 commutabilia.

237 418 269 448 Si
285 427 364 457 ergo
379 419 550 458 loquamur
562 420 599 449 (10
622 419 709 449 vitiis
730 418 908 448 secundum
923 418 1009 457 quod

235 473 383 501 avertunt
405 472 444 501 ab
468 481 533 501 uno
556 472 650 501 modo
669 471 939 508 incommutabili,
965 471 1009 501 sic

236 525 365 563 privant
376 525 536 554 hominem
552 525 655 563 gratia
666 527 696 554 ct
706 524 827 554 caetcris
840 524 1009 554 virtutibus

235 577 393 615 gratuitis,
413 579 443 607 et
467 577 585 607 faciunt
604 577 767 607 hominem
788 577 924 615 dignum
939 577 1008 616 pri-

237 630 304 659 vari
325 629 436 666 gloria,
460 632 490 659 et
505 630 638 668 praemio
654 629 916 669 correspondente
936 639 1009 660 om-

237 682 331 712 nibus
345 682 435 712 bonis
460 682 594 712 meritis.
618 682 656 712 Et
682 683 742 712 hoc
762 682 891 721 quidem
908 683 951 712 ita
974 683 1010 713 fit

236 744 291 774 per
306 743 407 765 unum
421 735 546 772 vitium,
565 735 644 765 sicut
655 744 710 774 per
719 737 843 765 caetera.
860 735 896 765 Et
909 744 1009 774 quan-

236 790 303 817 tum
318 788 357 817 ad
372 788 443 825 hoc,
465 788 544 817 vitia
565 790 595 817 et
610 790 735 827 peccata
756 788 874 818 habent
892 797 1007 818 conue-

236 841 364 871 xionem
390 840 581 880 quamdam,
607 849 664 880 pro
692 849 729 870 eo
759 841 845 879 quod
874 841 913 870 ab
944 850 1009 871 uno

236 896 395 931 avertunt,
413 896 443 924 et
459 894 498 923 ab
515 893 664 923 omnibns
681 894 763 923 vitiis
776 902 861 923 unus
878 896 908 924 et
926 894 1009 924 idem

238 947 318 977 Dens
332 947 516 977 offenditur.
534 946 566 976 Si
588 955 664 977 vero
680 946 851 986 loquamur
871 947 910 977 de
924 947 1010 977 vitiis

235 1002 392 1039 quantum
408 1000 444 1029 ad
461 999 701 1030 conversionem
715 1024 722 1037 ‚
739 999 782 1029 sic
807 1009 862 1038 per
876 1009 1008 1030 eonver-

236 1053 340 1083 siones
361 1053 398 1083 ad
425 1053 553 1083 diversa
576 1053 659 1082 bona
684 1053 934 1090 commutabilia,
960 1053 1008 1083 di-

236 1116 334 1136 versze
351 1107 501 1137 oriuntur
516 1106 550 1135 in
567 1106 657 1136 nobis
679 1106 851 1145 pronitates
866 1106 898 1136 in
922 1107 1008 1144 vitia,

236 1171 292 1201 per
318 1171 390 1201 quae
419 1162 602 1200 obligamur
630 1162 667 1191 ad
692 1162 817 1192 diversa
843 1171 1010 1201 poenarum

236 1215 401 1254 supplicia.
417 1215 453 1245 Et
469 1215 529 1245 hoc
546 1215 640 1244 modo
657 1215 687 1244 in
700 1216 786 1245 vitiis
800 1225 864 1246 non
880 1218 926 1246 est
941 1225 1011 1246 con-

237 1269 343 1305 nexio,
356 1269 430 1308 quia
440 1278 497 1308 pro
511 1269 651 1308 quolibet
665 1269 820 1308 punietur
835 1270 931 1299 homo
946 1278 1011 1309 spe—

237 1322 305 1351 ciali
329 1332 421 1361 poena
443 1322 504 1352 sibi
525 1322 640 1352 debita.
668 1321 730 1352 Nec
754 1322 848 1352 etiam
879 1325 1013 1362 possunt

237 1383 303 1404 esse
319 1384 461 1405 connexa
478 1377 607 1414 propter
628 1376 877 1414 repugnantiam
900 1376 1012 1415 proni-

239 1430 359 1465 tatum;
389 1438 447 1458 nec
470 1429 586 1459 bahent
610 1438 739 1458 causam
763 1431 890 1468 proptor
914 1438 1010 1468 quam

238 1483 482 1518 connectantur,
517 1481 593 1520 quia
625 1491 665 1511 ex
697 1482 829 1511 (liversis
863 1482 1012 1521 operibus

239 1535 397 1571 oriuntur,
415 1537 445 1565 et
460 1535 497 1564 ad
512 1535 653 1565 diversos
666 1536 745 1566 fines
764 1536 908 1566 tendunt.
927 1536 1010 1572 Quo-

239 1588 325 1618 niam
339 1598 419 1627 ergo
447 1589 523 1618 vitia
542 1597 581 1618 ex
604 1591 691 1627 parte
715 1589 929 1618 conversionis
954 1598 1012 1618 su-

240 1643 333 1671 munt
348 1641 504 1679 originem
526 1644 556 1671 et
579 1642 812 1671 distinctionem
823 1666 830 1678 ‚
847 1644 877 1671 et
897 1651 937 1671 ex
953 1642 1012 1671 hac

241 1696 328 1733 parte
341 1695 571 1724 connexionem
583 1704 648 1724 uon
664 1695 782 1724 habent
793 1718 800 1731 ,
818 1695 890 1724 licet
905 1695 1011 1734 aliquo

240 1748 332 1777 modo
347 1748 379 1777 in
389 1748 553 1778 aversione
561 1748 753 1778 conveniant
763 1747 814 1787 (ab
830 1747 1012 1787 simpliciter

239 1800 475 1830 concedendum
491 1802 553 1838 est,
570 1801 653 1840 quod
670 1801 746 1831 vitia
766 1804 796 1830 et
808 1803 934 1840 peccata
946 1810 1011 1831 non

239 1856 315 1883 sunt
336 1863 497 1890 connexa,
524 1854 605 1884 sicut
627 1854 797 1884 ostendunt
820 1854 958 1884 rationes
973 1855 1011 1884 ad

242 1909 364 1946 partem
380 1907 484 1937 istam.

282 1962 293 1988 1
314 1961 343 1988 et
357 1961 386 1989 2.
403 1959 450 1989 Ad
467 1959 544 1989 illud
558 1968 635 1998 ergo
650 1959 734 1998 quod
751 1959 855 1998 primo
865 1959 1012 1998 objicitur

198 2001 224 2039 „11
241 2011 278 2041 (10
293 2012 478 2041 auctoritate
493 2011 696 2043 Ecclesiascce
714 2012 764 2049 (b),
779 2014 810 2041 et
825 2013 1011 2042 auctoritate

203 2090 222 2101 „‚
241 2065 358 2101 Jacobz',
377 2065 462 2103 quod
477 2065 532 2103 qui
549 2067 654 2103 peccat
670 2065 701 2094 in
717 2074 781 2094 uuo
794 2065 896 2104 perdit
912 2066 1011 2095 multa

204 2149 216 2157 ,-
240 2118 334 2154 bona,
354 2120 384 2147 et
399 2118 492 2147 etiam
510 2118 542 2147 sit
561 2127 635 2147 reus
653 2119 810 2156 quantum
832 2117 870 2147 ad
890 2117 1009 2155 omnia,

175 2178 185 2190 ¹¹
197 2180 225 2191 ς·
241 2171 409 2201 dicendum
423 2171 507 2209 quod
520 2170 580 2200 hoc
594 2179 657 2200 non
675 2170 802 2207 dicitur,
818 2171 903 2210 quod
919 2180 1011 2210 prop-

241 2226 288 2253 ter
309 2232 412 2253 unum
434 2223 546 2254 vitium
571 2224 711 2253 incurrat
734 2224 849 2263 aliquis
875 2223 1010 2254 aliorum

240 2276 390 2306 vitiorum
407 2276 579 2315 pronitates
593 2278 624 2306 et
635 2276 882 2306 defectibilitates
900 2286 1010 2307 neces-

240 2329 322 2359 sario
345 2330 375 2359 et
399 2328 598 2366 immediate3
625 2329 678 2358 sed
704 2330 763 2359 hoc
785 2329 910 2367 dicitur,
937 2330 1011 2369 quia

239 2383 295 2422 qui
310 2384 415 2422 peccat
440 2391 506 2412 11110
530 2384 674 2421 peccato,
693 2382 877 2412 charitatem
897 2383 1008 2423 perdit,

240 2435 272 2465 in
288 2444 351 2474 qua
365 2437 411 2465 est
427 2435 593 2474 plenitudo
609 2435 809 2473 meritorum,
823 2438 852 2465 et
868 2435 1009 2475 impletio

241 2490 462 2520 mandatorum
473 2489 599 2520 Christi.
611 2489 676 2519 Aut
689 2492 771 2520 certe
785 2490 912 2526 dicitur,
925 2491 1010 2530 quod

240 2543 341 2581 perdit
362 2543 462 2574 multa
481 2543 574 2581 bona,
594 2544 625 2573 et
645 2542 679 2572 fit
701 2551 774 2573 reus
799 2545 955 2582 quantum
970 2543 1009 2574 ad

274 2605 303 2633 td)
317 2605 384 2628 filil.
394 2605 628 2629 I'cse.conveniat.w
644 2604 677 2635 (b)
691 2605 751 2629 Coec.
764 2605 824 2628 mli(-
838 2605 1008 2630 ἕξοι-1051115105,

799 137 1111 169 SENTENTIARUM
1132 137 1205 170 LlB.
1231 138 1281 169 111.

1065 205 1183 242 omnia,
1199 214 1256 245 pro
1266 215 1303 236 eo
1313 206 1396 245 quod
1407 205 1552 245 privatur
1566 205 1716 236 omnibus
1725 205 1830 236 virtu-

1064 258 1147 288 tibus
1161 258 1319 297 gratuitis.
1338 258 1393 290 Vel
1408 258 1499 289 tertio
1515 258 1619 295 modo,
1640 258 1715 297 quia
1730 257 1832 297 perdit

1063 311 1171 341 omnia
1186 312 1307 350 merita,
1324 320 1396 351 quae
1412 311 1500 351 prius
1510 311 1646 342 habebat
1663 322 1670 341 :
1688 310 1830 341 efficiun-

1064 365 1115 393 tur
1130 364 1216 394 enim
1230 373 1269 394 ex
1284 373 1347 395 uno
1359 366 1486 404 peccato
1501 364 1625 395 mortali
1639 364 1747 394 omnia
1763 363 1832 394 inu-

1064 416 1130 447 tilia
1153 417 1191 447 ad
1221 418 1357 456 gloriam
1377 417 1618 457 assequendam.
1640 417 1696 447 Vel
1720 419 1832 457 quarto

1064 469 1158 500 modo
1178 470 1292 500 dicitur
1316 470 1415 500 multa
1439 471 1521 501 bona
1544 470 1692 510 perdere,
1708 472 1738 501 et
1761 479 1834 500 om·-

1063 522 1153 552 nium
1176 532 1248 553 rcus
1269 533 1347 561 esse,
1364 524 1438 563 quia
1463 524 1575 554 merito
1598 523 1694 554 unius
1717 523 1834 563 peccati

1064 576 1166 615 perdit
1182 580 1300 607 aeterna
1317 577 1459 616 praemia,
1477 586 1549 616 qua:
1565 577 1716 607 omnibus
1731 577 1833 607 virtu-

1065 629 1147 659 tibus
1162 631 1191 659 et
1202 629 1322 659 meritis
1339 632 1429 660 erant
1448 629 1606 660 reddenda
1623 640 1629 659 :
1646 630 1707 660 hoc
1727 631 1834 660 autem

1063 690 1128 711 non
1151 684 1197 711 est
1226 684 1355 722 propter
1378 683 1520 722 ipsorum
1543 682 1696 712 vitiorum
1718 691 1836 713 conne—

1065 733 1215 772 xionem,
1241 735 1294 765 sed
1324 736 1427 774 magis
1455 737 1583 775 propter
1604 735 1835 766 connexionem

1064 787 1221 818 virtutum
1245 791 1275 819 et
1301 789 1431 826 dotum,
1459 789 1526 818 sive
1556 788 1766 828 praemiorum
1790 788 1836 819 eis

1065 841 1376 880 correspondentium
1393 851 1400 871 :
1416 841 1456 872 ob
1471 850 1567 881 quam
1583 841 1813 872 connexionem
1827 865 1834 879 ,

1065 894 1090 923 si
1105 894 1175 933 quis
1196 904 1260 924 uno
1275 895 1416 934 ipsorum
1432 895 1590 925 bonorum
1605 895 1762 934 privatur,
1777 903 1835 925 ne-

1065 955 1149 977 cesse
1160 950 1206 978 est
1221 948 1306 986 quod
1328 948 1472 987 privetur
1487 950 1517 978 et
1533 947 1665 978 caeteris.
1689 947 1754 978 Hoc
1774 956 1836 978 au-

1065 1002 1128 1030 tem
1142 1009 1205 1030 non
1220 1001 1334 1031 sufficit
1359 1000 1394 1030 ad
1412 1000 1587 1031 faciendam
1608 1000 1838 1030 connexionem

1065 1052 1098 1082 in
1115 1053 1209 1090 vitiis,
1236 1053 1329 1092 quia,
1346 1054 1428 1084 sicut
1451 1054 1570 1084 dictum
1593 1056 1650 1090 est,
1676 1053 1753 1084 vitia
1773 1062 1838 1084 non

1065 1108 1189 1135 tantum
1211 1106 1386 1136 consistunt
1407 1106 1439 1136 in
1460 1106 1624 1137 aversione
1647 1116 1666 1136 a
1687 1105 1767 1143 Deo,
1784 1106 1838 1137 sed

1066 1159 1161 1189 etiam
1188 1159 1221 1189 in
1250 1159 1455 1190 conversione
1480 1160 1519 1190 ad
1546 1160 1664 1190 bonum
1691 1168 1838 1191 commu-

1066 1213 1171 1243 tabile.

1106 1269 1135 1297 3.
1162 1266 1210 1296 Ad
1233 1266 1308 1297 illud
1330 1267 1416 1306 quod
1445 1266 1602 1306 objicitur,
1624 1266 1709 1306 quod
1736 1266 1838 1297 virtus

1066 1328 1129 1349 non
1146 1319 1313 1358 expellitur
1332 1320 1394 1349 nisi
1416 1328 1473 1359 per
1493 1319 1837 1350 introductionemvitii

1067 1374 1126 1404 sibi
1142 1375 1286 1414 oppositi,
1308 1375 1351 1405 sic
1374 1384 1432 1405 nec
1454 1375 1567 1405 vitium
1582 1374 1642 1404 nisi
1664 1384 1719 1414 per
1738 1374 1838 1406 intro-

1067 1427 1249 1458 ductionem
1262 1428 1404 1465 virtutis3
1422 1427 1590 1458 dicendum
1606 1428 1692 1467 quod
1707 1437 1772 1458 non
1793 1430 1839 1458 est

1067 1480 1181 1519 simile,
1199 1481 1275 1520 quia
1294 1481 1386 1520 plura
1401 1481 1576 1519 exiguntur
1591 1481 1629 1511 ad
1650 1483 1839 1512 construen-

1067 1533 1154 1571 dum³
1172 1543 1268 1573 quam
1283 1534 1321 1564 ad
1337 1534 1564 1564 destruendum
1582 1544 1588 1563 ε
1607 1535 1637 1564 et
1657 1533 1750 1573 plura
1764 1536 1840 1565 sunt

1066 1587 1241 1616 necessaria
1259 1587 1298 1617 ad
1315 1587 1374 1616 1100
1395 1586 1478 1626 quod
1504 1586 1600 1616 homo
1628 1585 1748 1626 placeat
1763 1586 1837 1625 Deo,

1067 1648 1164 1678 quam
1188 1639 1227 1669 ad
1247 1639 1306 1669 hoc
1329 1639 1413 1679 quod
1437 1639 1607 1678 displiceat.
1634 1638 1671 1669 Et
1699 1648 1756 1678 per
1780 1640 1840 1670 hoc

1067 1692 1162 1722 etiam
1190 1693 1281 1732 plura
1307 1695 1382 1723 sunt
1405 1692 1580 1723 necessaria
1597 1693 1636 1722 ad
1661 1693 1839 1723 rectifican-

1067 1745 1155 1783 (111111,
1183 1755 1279 1785 quan]
1302 1746 1341 1776 ad
1361 1745 1589 1785 obliquandum
1608 1756 1614 1775 :
1636 1745 1706 1776 ideo
1725 1755 1838 1785 quam-

1068 1799 1115 1829 vis
1139 1799 1311 1838 obliquatio
1332 1799 1402 1829 vitii
1422 1808 1487 1830 non
1507 1799 1621 1829 habeat
1638 1799 1762 1829 excludi
1777 1799 1840 1830 nisi

1068 1863 1123 1894 per
1138 1854 1284 1884 habitum
1299 1854 1415 1884 directe
1438 1854 1497 1884 sibi
1518 1854 1710 1893 oppositum,
1735 1857 1840 1885 tamen

1067 1907 1221 1938 rectitudo
1238 1907 1366 1937 virtutis
1388 1909 1490 1947 potest
1511 1907 1628 1937 auferri
1651 1916 1716 1937 non
1737 1907 1840 1938 solum

1068 1969 1123 2000 per
1139 1960 1254 1991 vitium
1269 1960 1327 1990 sibi
1342 1961 1533 2000 oppositum,
1550 1960 1605 1990 sed
1615 1960 1710 1991 etiam
1721 1969 1777 2000 per
1791 1961 1840 1991 vi-

1067 2014 1148 2044 tium
1161 2014 1342 2053 oppositum
1354 2013 1406 2043 alii
1418 2014 1539 2043 virtuti.
1558 2012 1646 2043 Unde
1660 2013 1839 2052 infidelitas,

1068 2075 1140 2105 quae
1163 2066 1333 2105 opponitur
1358 2066 1447 2102 fidei,
1473 2066 1611 2096 excludit
1629 2065 1838 2096 charitatem:

1068 2122 1098 2149 et
1112 2119 1181 2149 ideo
1193 2128 1256 2148 non
1270 2121 1316 2148 est
1331 2118 1433 2148 simile
1446 2118 1522 2148 hinc
1535 2120 1564 2148 et
1576 2118 1659 2148 iude.
1672 2118 1840 2157 Praeterea,

1068 2172 1142 2211 quia
1166 2172 1299 2202 virtutes
1328 2180 1479 2202 conncxae
1512 2173 1603 2208 sunt,
1630 2171 1700 2202 ideo
1725 2172 1840 2203 vitium

1067 2225 1151 2265 quod
1165 2225 1244 2255 tollit
1260 2234 1369 2262 unam,
1386 2234 1440 2264 per
1455 2233 1649 2264 consequens
1669 2225 1748 2255 tollit
1762 2225 1840 2256 reli-

1067 2288 1142 2318 qua.
1170 2278 1252 2309 Vitia
1279 2287 1366 2314 vero,
1392 2278 1468 2317 quia
1490 2287 1633 2308 connexa
1654 2287 1719 2308 non
1745 2280 1837 2316 sunt,

1067 2332 1136 2362 ideo
1157 2332 1274 2362 auferri
1300 2341 1364 2362 non
1390 2334 1530 2371 possunt,
1555 2332 1616 2362 nisi
1636 2331 1839 2372 unumquod-

1067 2394 1128 2424 que
1143 2385 1320 2424 expellatur
1336 2394 1391 2424 per
1407 2385 1558 2415 virtutem
1573 2385 1688 2415 directe
1702 2384 1762 2414 sibi
1778 2393 1838 2424 op-

1067 2437 1212 2477 positam.

1106 2494 1135 2521 !i.
1153 2490 1200 2521 Ad
1216 2490 1293 2521 illud
1305 2490 1389 2530 quod
1403 2490 1561 2530 objicitur,
1576 2489 1660 2529 quod
1674 2491 1836 2529 peccatum

1065 2543 1217 2574 deformat
1231 2545 1330 2574 totam
1350 2544 1544 2583 imaginem,
1566 2542 1647 2573 sicut
1665 2542 1769 2582 gratia
1781 2551 1836 2573 re-

1065 2597 1196 2636 format,
1229 2597 1397 2629 dicendum
1422 2596 1507 2644 quod
1534 2595 1642 2636 imago
1668 2595 1836 2639 dupliciter
