2017 2948
581 165 677 196 DIST.
701 165 750 196 xi.
775 164 890 195 PART.
916 163 950 193 11.
976 163 1064 193 ART.
1090 163 1112 193 1.
1138 163 1287 199 QUAEST.
1310 164 1358 195 IV.
1698 167 1754 196 499

162 240 219 262 nec
235 233 280 261 est
295 231 425 269 vinum,
442 239 500 261 nec
513 233 614 270 potest
629 240 696 262 esse
709 243 715 267 ;
733 231 877 261 similiter
892 230 930 260 de

162 293 242 323 pane
259 293 267 314 ι
283 292 379 322 ergo,
397 286 455 314 etc.

204 336 296 372 item,
314 336 397 376 quod
418 345 476 366 nec
495 337 532 366 de
554 336 673 373 mixto,
694 336 839 373 videtur,
856 336 931 375 quia

166 389 276 419 mixtio
290 393 298 408 ¹
319 393 363 419 est
380 389 581 419 miscibilium
606 389 811 419 alteratorum
830 389 906 419 unio
921 397 929 418 :

165 442 247 472 unde
263 442 415 472 mixtione
431 443 687 472 transmutantur
697 441 808 472 formae
820 442 932 472 mixto-

164 504 253 529 rum,
270 497 298 525 et
314 495 442 524 resultat
459 495 587 525 tertium
605 505 611 524 :
629 503 707 533 ergo
722 494 836 524 vinum
853 495 932 524 mix-

164 550 231 577 tum
245 556 308 578 non
322 550 368 578 est
388 548 499 577 vinum
516 554 523 575 :
544 549 574 577 et
588 547 733 577 similiter
750 547 840 586 panis
855 558 865 576 .·
878 556 930 577 01-

165 610 223 639 go,
240 603 298 631 etc.

205 652 282 683 Item
292 677 300 690 ,
320 653 405 692 quod
421 662 484 684 non
497 654 532 683 in
548 663 630 692 aqua
644 662 709 684 non
721 653 869 690 naturali,
882 653 932 683 vel

165 706 330 743 artificiali,
349 706 490 739 videtur,
508 707 584 746 quia
606 707 796 746 baptismus,
816 706 869 745 qui
888 708 933 736 est

165 761 398 789 sacramentum
416 759 618 796 necessitatis,
636 769 700 789 non
716 762 817 799 potest
833 768 840 789 ε
854 768 933 798 ergo

165 820 221 841 nec
236 811 328 848 illud,
346 812 430 850 quod
446 812 536 842 debet
552 812 621 842 fieri
635 812 821 842 solemnius.

436 926 660 957 CONCLUSIO.

167 1011 342 1037 Eucharistz'oe
356 1014 549 1037 sacramentum
566 1018 616 1037 non
629 1012 716 1044 potest
729 1010 822 1042 confici
836 1011 865 1035 z'n
881 1009 935 1034 alio

199 1062 271 1088 pane
286 1062 365 1088 quam
389 1054 419 1080 de
439 1056 542 1085 tritico,
564 1057 586 1079 et
606 1056 634 1079 in
655 1054 708 1080 alio
727 1055 789 1079 vino
805 1061 883 1087 quam
905 1053 936 1079 de

201 1099 262 1127 vite,
278 1101 306 1124 ut
321 1098 432 1124 habetur
446 1100 474 1123 in
489 1098 600 1124 concilio
617 1097 832 1130 Carthaginensi.

207 1181 297 1219 Resp.
327 1181 366 1211 ad
394 1190 466 1220 arg.
496 1181 670 1211 Dicendum
697 1180 781 1220 quod
805 1179 937 1210 materia

164 1243 309 1272 congrua
325 1233 400 1264 huic
423 1235 620 1264 sacramento
642 1233 679 1263 de
694 1235 807 1262 natura
822 1241 879 1261 sua
893 1234 939 1262 est

164 1287 254 1326 panis
268 1287 305 1315 de
316 1286 485 1323 frumento,
506 1288 536 1316 et
554 1286 666 1316 vinum
683 1285 720 1315 de
743 1286 807 1314 vite
823 1296 830 1314 :
848 1293 939 1323 prop—

164 1342 211 1369 ter
223 1339 281 1370 hoc
297 1339 379 1378 quod
397 1339 453 1368 iste
470 1339 558 1368 cibus
574 1339 660 1368 inter
677 1347 787 1368 omnes
802 1337 896 1374 cibos,
910 1339 939 1367 et

166 1395 258 1432 potus
272 1392 324 1422 ille
341 1392 420 1421 inter
435 1400 544 1422 omnes
559 1394 651 1431 potus
680 1394 725 1421 est
747 1391 938 1421 convenien-

166 1445 241 1481 tior,
259 1441 430 1480 efficacior,
455 1445 579 1481 sanior,
607 1447 636 1473 et
657 1444 859 1474 communior
882 1453 889 1473 :
911 1445 941 1473 et

167 1497 236 1527 ideo
252 1497 403 1527 Dominus
418 1506 451 1526 se
467 1506 568 1535 grano
581 1497 733 1526 frumenti
749 1498 758 1512 ²
777 1505 940 1535 compara—

167 1550 222 1587 vit,
241 1552 271 1579 et
290 1550 379 1588 ligno
403 1550 477 1579 vitis
490 1554 511 1587 ὃ,
529 1551 559 1579 et
573 1558 613 1579 ex
637 1550 695 1579 hac
717 1558 811 1579 causa
836 1549 868 1578 in
892 1548 942 1578 his

168 1600 290 1631 duabus
317 1600 482 1639 speciebus
510 1600 661 1637 confecit,
686 1602 717 1629 et
745 1599 942 1629 conficiendo

168 1653 315 1684 instituit.
334 1653 406 1683 Ideo
422 1653 454 1682 in
472 1653 534 1682 alio
547 1661 627 1691 pane
641 1661 738 1691 quam
752 1651 790 1681 de
805 1652 943 1682 frumeu-

170 1709 215 1740 to,
234 1706 285 1736 vel
307 1706 338 1735 in
354 1706 415 1736 alio
427 1706 502 1735 vino
523 1714 620 1744 quam
636 1705 674 1735 de
690 1705 754 1735 vite
767 1714 830 1735 non
844 1706 944 1743 potest

171 1759 293 1790 confici.
312 1758 348 1789 Et
363 1759 423 1789 11οο
442 1758 664 1788 determinavit
683 1757 851 1788 concilium
870 1757 942 1787 Car-

172 1812 360 1851 thaginense
380 1815 401 1841 5.
427 1811 462 1841 10
483 1811 571 1841 omni
588 1813 695 1841 autem
717 1819 797 1849 pane
821 1809 859 1840 de
880 1810 945 1839 fru-

173 1867 280 1895 mento
299 1864 379 1893 sicut
401 1863 433 1893 in
457 1863 545 1893 omni
559 1863 634 1893 vino
661 1863 698 1893 de
712 1863 777 1893 vite
790 1886 797 1897 ‚
817 1862 883 1892 sive
901 1862 945 1892 ibi

174 1918 213 1947 sit
227 1916 406 1947 differentia
420 1915 617 1946 accidentalis
630 1940 639 1953 ,
657 1916 723 1946 sive
739 1915 895 1955 specifica,
911 1916 947 1945 ut

175 1970 282 2001 dicunt
307 1970 435 2010 quidam
449 1994 456 2006 ⁷
480 1971 581 2008 potest
604 1969 714 2000 confici
736 1969 823 1999 salva
845 1968 947 2008 specie

177 2022 259 2054 illius
275 2023 364 2062 panis
378 2025 409 2053 et
425 2022 509 2052 1111115
524 2022 602 2052 vini.

218 2079 246 2106 1.
266 2075 314 2106 Ad
329 2075 407 2105 illud
427 2084 506 2113 ergo
528 2075 615 2114 quod
636 2075 784 2114 objicitur
803 2075 840 2105 de
862 2074 949 2105 omni

179 2139 258 2169 pane
291 2131 419 2168 propter
454 2128 714 2158 communitatem
735 2152 745 2165 ‚
781 2127 949 2158 dicendum

180 2182 263 2221 quod
286 2190 350 2211 non
371 2183 495 2211 tantuin
516 2181 728 2211 communitas
741 2206 748 2219 ‚
772 2181 826 2211 sed
854 2181 949 2211 etiam

181 2234 364 2273 congruitas
381 2236 427 2264 est
442 2234 494 2264 hic
517 2234 753 2265 consideranda.
772 2233 929 2264 Praeterea
940 2257 949 2271 ‚

183 2287 357 2326 baptismus
385 2289 431 2316 est
460 2288 694 2317 sacramentum
724 2287 917 2317 necessitatis
942 2297 948 2316 ε

182 2340 236 2371 sed
247 2339 321 2369 illud
338 2348 417 2369 non:
432 2339 502 2369 ideo
513 2348 578 2370 non
593 2341 639 2370 est
651 2339 766 2369 simile.
784 2339 950 2376 Praeterea,

183 2393 286 2423 omnis
300 2400 382 2431 aqua
396 2391 552 2421 naturalis
565 2391 652 2421 omni
667 2401 759 2430 aquae
782 2394 828 2422 est
842 2392 951 2422 eadem

184 2447 301 2486 speeie·,
320 2454 382 2476 non
395 2445 440 2475 sic
455 2453 549 2475 omne
564 2444 705 2475 bladum.

217 2546 223 2560 ¹
240 2544 323 2573 Arist„
338 2543 366 2565 ‹le
382 2544 497 2566 Gener-nt.
513 2544 535 2565 et
551 2542 679 2571 corrupt„
694 2541 736 2564 lib.
754 2542 783 2571 11,
799 2549 853 2572 cap.
870 2544 914 2567 ult.
927 2558 952 2561 -

185 2579 194 2596 ²
204 2579 342 2607 Joan.,.·<11,
358 2580 396 2602 24.
409 2591 437 2595 —
450 2578 458 2591 ³
471 2578 552 2606 Jowz.,
568 2582 610 2605 xv,
628 2579 648 2599 1.
666 2589 691 2592 —
704 2576 714 2591 ⁴
725 2576 798 2600 Cone.
813 2577 897 2601 Carth.
912 2579 954 2607 111,

187 2622 226 2638 fin.
245 2616 298 2643 5397,
315 2621 371 2637 can.
389 2614 494 2637 21110,
513 2612 591 2635 Labb.
611 2612 693 2639 famu,
710 2613 870 2642 rom.1i,coi.
887 2615 955 2638 4170,

1028 231 1057 260 2.
1072 229 1120 260 Ad
1134 229 1212 260 illud
1224 230 1307 269 quod
1324 231 1478 270 quaeritur
1489 231 1527 262 de
1540 233 1752 272 corruptione,

987 282 1156 313 dicendum
1183 283 1267 322 quod
1296 285 1343 314 est
1372 284 1519 323 quaedam
1548 285 1710 325 corruptio
1737 295 1756 315 a

986 335 1069 365 statu
1084 335 1218 375 optimo,
1231 344 1295 366 non
1310 338 1416 366 tamen
1426 337 1465 367 ab
1481 346 1546 367 esse
1560 337 1754 376 simpliciter,

988 388 1099 425 utputa
1114 386 1241 426 quando
1256 388 1368 419 vinum
1386 389 1547 427 turbatur,
1564 390 1614 420 vel
1625 391 1752 427 acescit;

987 439 1134 478 quaedam
1149 442 1195 470 est
1210 442 1369 480 corruptio
1380 442 1419 472 ab
1434 451 1500 472 esse
1513 442 1706 481 simpliciter,
1721 446 1757 474 ut

988 493 1113 531 quando
1139 493 1322 532 simpliciter
1346 494 1459 524 desinit
1482 494 1598 525 habere
1621 495 1755 525 formam

988 545 1077 584 panis
1088 548 1117 575 et
1132 546 1214 583 viui,
1228 549 1262 577 ut
1276 547 1403 586 quando
1418 548 1553 586 perfecte
1568 557 1756 578 conversum

988 600 1035 628 est
1053 598 1084 628 in
1106 600 1241 629 acetum.
1269 599 1374 630 Prima
1400 600 1559 640 corruptio
1592 610 1654 631 non
1679 601 1758 631 tollit

989 650 1160 688 potentiam
1185 650 1367 681 conficiendi
1390 661 1397 688 ;
1427 652 1479 682 sed
1504 652 1641 682 secunda
1666 652 1757 683 tollit.

989 701 1063 733 Haec
1086 704 1192 732 autem
1217 704 1379 742 corruptio
1405 704 1518 743 poterit
1548 704 1681 735 discerni
1703 714 1759 745 per

990 757 1122 793 gustum
1138 755 1177 785 ab
1194 755 1253 785 illis
1268 756 1320 795 qui
1336 760 1469 787 noscunt
1489 759 1617 787 naturas
1636 766 1757 788 rerum.

1030 810 1058 837 3.
1078 808 1124 838 Ad
1146 808 1224 839 illud
1246 809 1331 848 quod
1356 809 1503 849 objicitur
1524 810 1562 840 de
1584 810 1738 841 mixtione
1751 835 1758 848 ‚

990 859 1157 890 dicendum
1186 861 1269 900 quod
1299 862 1410 892 mixtio
1435 862 1550 893 dicitur
1572 863 1759 903 dupliciter,

991 915 1107 945 scilicet
1121 916 1348 952 communiter,
1371 918 1401 946 et
1415 917 1541 956 proprie
1557 926 1565 946 z
1582 918 1763 948 communi-

991 970 1048 1004 ter,
1065 968 1191 1006 quando
1206 968 1356 998 miscetur
1375 969 1496 1008 aliquid
1517 969 1612 999 alicui
1632 970 1764 1001 alterius

993 1023 1128 1053 uaturae.
1139 1020 1223 1059 quod
1233 1023 1338 1051 tamen
1350 1030 1414 1051 000
1423 1021 1518 1052 habet
1528 1023 1763 1061 proportionem

992 1073 1025 1102 in
1043 1075 1178 1111 quanto,
1196 1073 1249 1102 sed
1266 1073 1342 1104 illud
1362 1076 1513 1113 tanquam
1530 1075 1765 1114 praedominans

992 1125 1085 1156 solvit
1109 1126 1245 1164 speciem
1257 1150 1265 1163 ,
1290 1128 1321 1156 et
1336 1128 1491 1157 convertit
1512 1128 1545 1158 in
1566 1138 1599 1158 se
1616 1139 1622 1158 2
1640 1130 1670 1158 et
1689 1131 1766 1159 tunc

993 1188 1056 1208 non
1077 1180 1123 1208 est
1144 1179 1257 1209 mixtio
1278 1180 1422 1218 proprie,
1438 1183 1469 1210 et
1491 1180 1561 1210 talis
1575 1183 1677 1220 potest
1700 1190 1766 1211 esse

993 1232 1024 1262 in
1043 1232 1103 1262 hoc
1120 1234 1326 1263 sacramento.
1344 1232 1381 1263 Et
1402 1233 1439 1263 de
1455 1233 1514 1263 hac
1529 1234 1643 1264 dicitur
1655 1234 1688 1264 in
1702 1235 1766 1264 fine

994 1284 1087 1323 primi
1104 1284 1142 1315 cle
1158 1285 1364 1317 Generatione
1377 1286 1398 1323 ⁶,
1418 1286 1501 1325 quod
1521 1286 1547 1315 si
1563 1288 1656 1325 gutta
1675 1295 1766 1326 aquae

995 1337 1163 1367 misceatur
1179 1337 1342 1376 amphorae
1362 1338 1428 1368 vini
1445 1362 1452 1376 ,
1473 1347 1537 1368 non
1561 1341 1607 1368 est
1631 1339 1740 1370 mixtio
1757 1362 1765 1375 ‚

995 1390 1070 1429 quia
1085 1390 1221 1420 solvitur
1245 1391 1373 1429 species.
1400 1391 1452 1421 Est
1474 1391 1535 1421 alia
1559 1392 1670 1422 mixtio
1692 1401 1765 1432 pro-

996 1443 1064 1481 prie
1078 1442 1159 1472 dicta
1180 1442 1382 1473 iniscibilium
1399 1443 1603 1474 alteratorum
1620 1444 1698 1474 unio
1712 1467 1719 1481 ‚
1736 1446 1767 1474 et

996 1495 1064 1526 haec
1093 1497 1253 1534 repugnat
1280 1507 1285 1525 :
1315 1496 1398 1525 unde
1429 1498 1473 1525 tot
1504 1505 1607 1535 grana
1636 1499 1769 1536 possunt

997 1548 1195 1579 commisceri
1211 1549 1321 1587 granis
1345 1549 1516 1587 frumeuti,
1542 1552 1574 1580 et
1594 1552 1716 1581 tantum
1731 1551 1768 1581 de

997 1609 1080 1640 aqua
1103 1601 1194 1638 vino,
1208 1601 1292 1640 quod
1312 1601 1445 1632 alterant
1459 1612 1476 1632 a
1491 1602 1556 1632 suis
1572 1603 1769 1634 naturalibus

999 1653 1165 1692 saporibus
1186 1663 1193 1682 :
1212 1655 1242 1683 et
1265 1653 1335 1683 haec
1354 1654 1465 1684 mixtio
1491 1655 1571 1686 tollit
1595 1656 1769 1695 potentiam

999 1705 1183 1736 conficiendi
1203 1716 1209 1735 :
1226 1707 1256 1735 et
1269 1705 1338 1736 ideo
1353 1706 1504 1737 frumenti
1519 1716 1622 1746 grana
1635 1708 1770 1747 diiigen-

999 1760 1045 1788 ter
1056 1760 1130 1787 sunt
1146 1758 1350 1796 secernenda,
1366 1761 1396 1789 et
1410 1759 1501 1790 valde
1510 1769 1620 1799 parum
1635 1761 1674 1792 de
1688 1770 1771 1801 aqua

1000 1812 1046 1840 est
1068 1811 1315 1850 apponendum,
1340 1812 1480 1843 maxime
1508 1813 1635 1853 quando
1657 1814 1771 1845 vinum

1001 1865 1047 1893 est
1061 1863 1175 1894 debile.

1041 1918 1071 1946 4.
1083 1916 1130 1947 Ad
1142 1916 1220 1947 iilud
1236 1917 1320 1956 quod
1334 1917 1447 1948 ultimo
1455 1919 1612 1957 quaeritur
1624 1920 1662 1950 de
1676 1929 1770 1959 aqua,

1002 1969 1168 2000 dicendum
1184 1970 1269 2009 quod
1284 1969 1372 2000 nulla
1388 1979 1471 2010 aqua
1484 1980 1611 2002 rosacea
1622 1996 1630 2010 ‚
1648 1982 1704 2004 nec
1725 1982 1774 2003 ar-

1002 2021 1136 2052 tificialis
1148 2045 1156 2059 ‚
1174 2022 1227 2052 sed
1249 2022 1352 2053 solum
1373 2024 1527 2054 naturalis
1538 2047 1548 2062 ‚
1565 2033 1637 2064 quae
1652 2025 1775 2064 {dicitur

1002 2083 1085 2114 aqua
1098 2075 1189 2111 viva,
1204 2076 1251 2104 est
1267 2076 1452 2114 apponenda
1469 2087 1475 2107 :
1496 2079 1526 2107 et
1550 2077 1576 2107 si
1598 2079 1775 2117 apponatur

1004 2129 1065 2159 alia
1079 2137 1177 2168 aqua,
1200 2131 1235 2159 ut
1256 2131 1393 2160 transeat
1416 2129 1448 2160 in
1463 2130 1576 2162 vinum
1588 2155 1596 2169 ‚
1613 2131 1649 2161 fit
1669 2140 1775 2161 sacra-

1006 2183 1168 2219 mentum,
1186 2181 1240 2211 sed
1254 2181 1306 2212 ille
1321 2181 1375 2221 qui
1391 2182 1536 2221 apponit,
1555 2185 1661 2222 peccat
1671 2207 1680 2221 ,
1695 2184 1775 2214 sicut

1005 2233 1057 2264 ille
1072 2233 1128 2273 qui
1143 2234 1302 2264 omitteret
1314 2243 1431 2274 ponere
1442 2244 1557 2275 aquam
1571 2246 1578 2266 :
1591 2236 1674 2275 quod
1689 2236 1774 2267 euim

1005 2295 1090 2326 aqua
1106 2286 1212 2325 signat
1233 2286 1405 2326 populum,
1422 2287 1482 2318 hoc
1495 2289 1543 2318 est
1556 2288 1677 2319 ratione
1691 2287 1776 2318 111111-

1008 2338 1150 2369 titudinis
1167 2350 1174 2369 ε
1192 2341 1223 2369 01
1237 2339 1308 2370 talis
1328 2342 1374 2370 est
1396 2349 1479 2379 aqua
1498 2349 1561 2371 non
1585 2340 1757 2372 artificialis
1769 2365 1777 2378 ‚

1009 2393 1062 2423 sed
1078 2393 1240 2424 naturalis.

1010 2473 1051 2495 ubi
1068 2471 1158 2497 lenitur
1173 2480 1177 2496 :
1196 2481 1208 2494 «
1221 2474 1251 2497 L't
1267 2473 1291 2496 in
1310 2474 1474 2496 sacramentis
1489 2474 1603 2504 corporis
1616 2476 1640 2497 et
1655 2474 1786 2505 sanguinis

1012 2507 1112 2531 Domini
1134 2507 1195 2531 1111111
1215 2508 1323 2538 amplius
1341 2508 1469 2538 offeratur,
1490 2516 1565 2539 quam
1584 2508 1636 2539 ipse
1660 2510 1786 2533 Dominus

1011 2543 1121 2572 tradidit,
1134 2542 1182 2565 1100
1199 2545 1246 2574 est,
1260 2550 1353 2573 panem
1368 2545 1393 2566 et
1409 2544 1496 2567 vinum
1515 2550 1586 2574 nquae
1601 2545 1717 2569 mixtum.
1734 2546 1785 2568 Nec

1011 2577 1118 2608 amplius
1135 2578 1161 2601 111
1180 2579 1311 2602 sacrificiis
1326 2578 1455 2608 offeratur,
1475 2585 1548 2608 quani
1570 2580 1600 2603 de
1621 2580 1677 2604 uvis
1695 2582 1719 2604 et
1737 2580 1787 2604 sru-

1013 2613 1111 2635 numm.
1129 2622 1140 2633 1»
1153 2626 1180 2629 —
1201 2618 1207 2627 ²
1223 2614 1306 2638 Arist..
1319 2614 1347 2634 dr>
1363 2615 1488 2644 uenerat„
1506 2615 1546 2638 111).
1564 2616 1582 2644 i,
1595 2620 1664 2639 (cont.
1680 2616 1723 2640 1111.
