<?xml version="1.0" encoding="UTF-8"?>
<!DOCTYPE html PUBLIC "-//W3C//DTD XHTML 1.0 Transitional//EN"
    "http://www.w3.org/TR/xhtml1/DTD/xhtml1-transitional.dtd">
<html xmlns="http://www.w3.org/1999/xhtml" xml:lang="en" lang="en">
 <head>
  <title>
</title>
<meta http-equiv="Content-Type" content="text/html;charset=utf-8" />
  <meta name='ocr-system' content='tesseract 3.04.00' />
  <meta name='ocr-capabilities' content='ocr_page ocr_carea ocr_par ocr_line ocrx_word'/>
</head>
<body>
  <div class='ocr_page' id='page_1' title='image "./operaomniasixtiv05bonauoft/operaomniasixtiv05bonauoft_0058.png"; bbox 0 0 2017 2948; ppageno 0'>
   <div class='ocr_carea' id='block_1_1' title="bbox 206 188 245 218">
    <p class='ocr_par' dir='ltr' id='par_1_1' title="bbox 206 188 245 218">
     <span class='ocr_line' id='line_1_1' title="bbox 206 188 245 218; baseline 0.026 -1"><span class='ocrx_word' id='word_1_1' title='bbox 206 188 245 218; x_wconf 73' lang='lat'>46</span> 
     </span>
    </p>
   </div>
   <div class='ocr_carea' id='block_1_2' title="bbox 203 239 987 2623">
    <p class='ocr_par' dir='ltr' id='par_1_2' title="bbox 203 239 974 555">
     <span class='ocr_line' id='line_1_2' title="bbox 247 239 972 288; baseline -0.019 -5"><span class='ocrx_word' id='word_1_2' title='bbox 247 252 337 288; x_wconf 86' lang='lat' dir='ltr'>Item,</span> <span class='ocrx_word' id='word_1_3' title='bbox 358 257 432 280; x_wconf 90' lang='lat' dir='ltr'>cum</span> <span class='ocrx_word' id='word_1_4' title='bbox 451 245 620 287; x_wconf 82' lang='lat' dir='ltr'>prudentia</span> <span class='ocrx_word' id='word_1_5' title='bbox 633 245 674 275; x_wconf 87' lang='lat' dir='ltr'>sit</span> <span class='ocrx_word' id='word_1_6' title='bbox 692 252 756 274; x_wconf 90' lang='lat' dir='ltr'>non</span> <span class='ocrx_word' id='word_1_7' title='bbox 770 244 895 273; x_wconf 84' lang='lat' dir='ltr'>tantum</span> <span class='ocrx_word' id='word_1_8' title='bbox 911 239 972 270; x_wconf 88' lang='lat' dir='ltr'>vir-</span> 
     </span>
     <span class='ocr_line' id='line_1_3' title="bbox 207 294 973 342; baseline -0.018 -6"><span class='ocrx_word' id='word_1_9' title='bbox 207 308 269 342; x_wconf 82' lang='lat' dir='ltr'>tus,</span> <span class='ocrx_word' id='word_1_10' title='bbox 293 303 346 334; x_wconf 90' lang='lat' dir='ltr'>sed</span> <span class='ocrx_word' id='word_1_11' title='bbox 367 302 461 333; x_wconf 86' lang='lat' dir='ltr'>etiam</span> <span class='ocrx_word' id='word_1_12' title='bbox 476 299 590 338; x_wconf 79' lang='lat' dir='ltr'>auriga</span> <span class='ocrx_word' id='word_1_13' title='bbox 608 298 775 333; x_wconf 86' lang='lat' dir='ltr'>virtutum,</span> <span class='ocrx_word' id='word_1_14' title='bbox 792 297 822 326; x_wconf 89' lang='lat' dir='ltr'>et</span> <span class='ocrx_word' id='word_1_15' title='bbox 838 294 973 325; x_wconf 83' lang='lat' dir='ltr'>aliarum</span> 
     </span>
     <span class='ocr_line' id='line_1_4' title="bbox 206 345 974 393; baseline -0.018 -5"><span class='ocrx_word' id='word_1_16' title='bbox 206 356 368 393; x_wconf 79' lang='lat' dir='ltr'>directiva,</span> <span class='ocrx_word' id='word_1_17' title='bbox 380 355 505 386; x_wconf 79' lang='lat' dir='ltr'>videtur</span> <span class='ocrx_word' id='word_1_18' title='bbox 518 352 600 392; x_wconf 88' lang='lat' dir='ltr'>quod</span> <span class='ocrx_word' id='word_1_19' title='bbox 614 352 680 390; x_wconf 85' lang='lat' dir='ltr'>ipsa</span> <span class='ocrx_word' id='word_1_20' title='bbox 692 349 785 390; x_wconf 69' lang='lat' dir='ltr'>possit</span> <span class='ocrx_word' id='word_1_21' title='bbox 800 348 859 379; x_wconf 88' lang='lat' dir='ltr'>dici</span> <span class='ocrx_word' id='word_1_22' title='bbox 876 345 974 377; x_wconf 84' lang='lat' dir='ltr'>cardi-</span> 
     </span>
     <span class='ocr_line' id='line_1_5' title="bbox 206 401 973 445; baseline -0.017 -3"><span class='ocrx_word' id='word_1_23' title='bbox 206 411 309 442; x_wconf 84' lang='lat' dir='ltr'>nalior</span> <span class='ocrx_word' id='word_1_24' title='bbox 329 410 409 440; x_wconf 78' lang='lat' dir='ltr'>aliis.</span> <span class='ocrx_word' id='word_1_25' title='bbox 423 409 518 439; x_wconf 78' lang='lat' dir='ltr'>Juxta</span> <span class='ocrx_word' id='word_1_26' title='bbox 533 407 591 437; x_wconf 86' lang='lat' dir='ltr'>hoc</span> <span class='ocrx_word' id='word_1_27' title='bbox 608 404 773 445; x_wconf 62' lang='lat' dir='ltr'>quaeritur,</span> <span class='ocrx_word' id='word_1_28' title='bbox 791 410 888 441; x_wconf 84' lang='lat' dir='ltr'>quare</span> <span class='ocrx_word' id='word_1_29' title='bbox 911 401 973 430; x_wconf 90' lang='lat' dir='ltr'>hu-</span> 
     </span>
     <span class='ocr_line' id='line_1_6' title="bbox 203 453 974 504; baseline -0.017 -9"><span class='ocrx_word' id='word_1_30' title='bbox 203 464 342 504; x_wconf 64' lang='lat' dir='ltr'>jusmodi</span> <span class='ocrx_word' id='word_1_31' title='bbox 368 464 500 493; x_wconf 83' lang='lat' dir='ltr'>virtutes</span> <span class='ocrx_word' id='word_1_32' title='bbox 527 458 700 490; x_wconf 78' lang='lat' dir='ltr'>cardinales</span> <span class='ocrx_word' id='word_1_33' title='bbox 723 457 870 487; x_wconf 88' lang='lat' dir='ltr'>dicuntur</span> <span class='ocrx_word' id='word_1_34' title='bbox 900 453 974 493; x_wconf 85' lang='lat' dir='ltr'>poli-</span> 
     </span>
     <span class='ocr_line' id='line_1_7' title="bbox 207 512 728 555; baseline -0.013 -7"><span class='ocrx_word' id='word_1_35' title='bbox 207 518 276 548; x_wconf 82' lang='lat' dir='ltr'>ticae</span> <span class='ocrx_word' id='word_1_36' title='bbox 289 517 404 555; x_wconf 80' lang='lat' dir='ltr'>magis,</span> <span class='ocrx_word' id='word_1_37' title='bbox 417 524 514 555; x_wconf 86' lang='lat' dir='ltr'>quam</span> <span class='ocrx_word' id='word_1_38' title='bbox 529 512 728 551; x_wconf 75' lang='lat' dir='ltr'>theologicae.</span> 
     </span>
    </p>

    <p class='ocr_par' dir='ltr' id='par_1_3' title="bbox 207 561 987 2623">
     <span class='ocr_line' id='line_1_8' title="bbox 247 561 975 610; baseline -0.019 -8"><span class='ocrx_word' id='word_1_39' title='bbox 247 571 336 610; x_wconf 78' lang='lat' dir='ltr'>Resp.</span> <span class='ocrx_word' id='word_1_40' title='bbox 361 569 530 600; x_wconf 82' lang='lat' dir='ltr'>Dicendum</span> <span class='ocrx_word' id='word_1_41' title='bbox 546 566 630 606; x_wconf 88' lang='lat' dir='ltr'>quod</span> <span class='ocrx_word' id='word_1_42' title='bbox 646 562 827 604; x_wconf 76' lang='lat' dir='ltr'>huJusmodi</span> <span class='ocrx_word' id='word_1_43' title='bbox 844 561 975 590; x_wconf 76' lang='lat' dir='ltr'>virtutes</span> 
     </span>
     <span class='ocr_line' id='line_1_9' title="bbox 207 612 973 657; baseline -0.018 -2"><span class='ocrx_word' id='word_1_44' title='bbox 207 625 355 655; x_wconf 86' lang='lat' dir='ltr'>dicuntur</span> <span class='ocrx_word' id='word_1_45' title='bbox 369 619 656 655; x_wconf 75' lang='lat' dir='ltr'>consuetudinales,</span> <span class='ocrx_word' id='word_1_46' title='bbox 674 616 808 657; x_wconf 84' lang='lat' dir='ltr'>politicae</span> <span class='ocrx_word' id='word_1_47' title='bbox 825 616 855 644; x_wconf 84' lang='lat' dir='ltr'>et</span> <span class='ocrx_word' id='word_1_48' title='bbox 871 612 973 643; x_wconf 89' lang='lat' dir='ltr'>cardi-</span> 
     </span>
     <span class='ocr_line' id='line_1_10' title="bbox 207 665 975 709; baseline -0.018 0"><span class='ocrx_word' id='word_1_49' title='bbox 207 679 304 709; x_wconf 87' lang='lat' dir='ltr'>nales.</span> <span class='ocrx_word' id='word_1_50' title='bbox 326 674 604 707; x_wconf 84' lang='lat' dir='ltr'>Consuetudinales</span> <span class='ocrx_word' id='word_1_51' title='bbox 619 672 768 702; x_wconf 86' lang='lat' dir='ltr'>dicuntur</span> <span class='ocrx_word' id='word_1_52' title='bbox 783 668 904 699; x_wconf 85' lang='lat' dir='ltr'>ratione</span> <span class='ocrx_word' id='word_1_53' title='bbox 924 665 975 696; x_wconf 88' lang='lat' dir='ltr'>sui</span> 
     </span>
     <span class='ocr_line' id='line_1_11' title="bbox 208 718 975 771; baseline -0.017 -10"><span class='ocrx_word' id='word_1_54' title='bbox 208 730 353 771; x_wconf 82' lang='lat' dir='ltr'>principii</span> <span class='ocrx_word' id='word_1_55' title='bbox 372 727 546 767; x_wconf 74' lang='lat' dir='ltr'>originalis,</span> <span class='ocrx_word' id='word_1_56' title='bbox 565 724 741 755; x_wconf 87' lang='lat' dir='ltr'>secundum</span> <span class='ocrx_word' id='word_1_57' title='bbox 758 721 842 761; x_wconf 87' lang='lat' dir='ltr'>quod</span> <span class='ocrx_word' id='word_1_58' title='bbox 863 718 975 758; x_wconf 79' lang='lat' dir='ltr'>acqui-</span> 
     </span>
     <span class='ocr_line' id='line_1_12' title="bbox 208 772 974 821; baseline -0.018 -5"><span class='ocrx_word' id='word_1_59' title='bbox 208 788 323 816; x_wconf 85' lang='lat' dir='ltr'>runtur</span> <span class='ocrx_word' id='word_1_60' title='bbox 346 793 385 814; x_wconf 82' lang='lat' dir='ltr'>ex</span> <span class='ocrx_word' id='word_1_61' title='bbox 413 780 567 821; x_wconf 76' lang='lat' dir='ltr'>frequenti</span> <span class='ocrx_word' id='word_1_62' title='bbox 591 780 670 809; x_wconf 84' lang='lat' dir='ltr'>bene</span> <span class='ocrx_word' id='word_1_63' title='bbox 697 785 806 816; x_wconf 81' lang='lat' dir='ltr'>agere.</span> <span class='ocrx_word' id='word_1_64' title='bbox 836 772 974 804; x_wconf 86' lang='lat' dir='ltr'>Politicae</span> 
     </span>
     <span class='ocr_line' id='line_1_13' title="bbox 207 829 974 871; baseline -0.018 -3"><span class='ocrx_word' id='word_1_65' title='bbox 207 846 283 868; x_wconf 88' lang='lat' dir='ltr'>vero</span> <span class='ocrx_word' id='word_1_66' title='bbox 303 837 453 867; x_wconf 86' lang='lat' dir='ltr'>dicuntur</span> <span class='ocrx_word' id='word_1_67' title='bbox 475 833 594 864; x_wconf 87' lang='lat' dir='ltr'>ratione</span> <span class='ocrx_word' id='word_1_68' title='bbox 611 829 811 871; x_wconf 71' lang='lat' dir='ltr'>operationis,</span> <span class='ocrx_word' id='word_1_69' title='bbox 835 829 866 857; x_wconf 85' lang='lat' dir='ltr'>et</span> <span class='ocrx_word' id='word_1_70' title='bbox 883 834 974 856; x_wconf 71' lang='lat' dir='ltr'>exer-</span> 
     </span>
     <span class='ocr_line' id='line_1_14' title="bbox 208 879 974 926; baseline -0.018 -5"><span class='ocrx_word' id='word_1_71' title='bbox 208 891 270 921; x_wconf 78' lang='lat' dir='ltr'>citii</span> <span class='ocrx_word' id='word_1_72' title='bbox 284 890 342 920; x_wconf 86' lang='lat' dir='ltr'>sibi</span> <span class='ocrx_word' id='word_1_73' title='bbox 357 888 464 924; x_wconf 83' lang='lat' dir='ltr'>debiti,</span> <span class='ocrx_word' id='word_1_74' title='bbox 479 886 553 926; x_wconf 85' lang='lat' dir='ltr'>quia</span> <span class='ocrx_word' id='word_1_75' title='bbox 567 885 648 915; x_wconf 77' lang='lat' dir='ltr'>sieut</span> <span class='ocrx_word' id='word_1_76' title='bbox 665 881 850 920; x_wconf 84' lang='lat' dir='ltr'>theologicae</span> <span class='ocrx_word' id='word_1_77' title='bbox 865 879 974 909; x_wconf 85' lang='lat' dir='ltr'>dicun-</span> 
     </span>
     <span class='ocr_line' id='line_1_15' title="bbox 208 933 978 982; baseline -0.017 -8"><span class='ocrx_word' id='word_1_78' title='bbox 208 947 271 981; x_wconf 86' lang='lat' dir='ltr'>tur,</span> <span class='ocrx_word' id='word_1_79' title='bbox 299 943 373 982; x_wconf 88' lang='lat' dir='ltr'>quia</span> <span class='ocrx_word' id='word_1_80' title='bbox 398 941 545 972; x_wconf 86' lang='lat' dir='ltr'>ordinant</span> <span class='ocrx_word' id='word_1_81' title='bbox 563 938 725 969; x_wconf 87' lang='lat' dir='ltr'>hominem</span> <span class='ocrx_word' id='word_1_82' title='bbox 743 936 783 966; x_wconf 84' lang='lat' dir='ltr'>ad</span> <span class='ocrx_word' id='word_1_83' title='bbox 804 933 921 970; x_wconf 81' lang='lat' dir='ltr'>divina,</span> <span class='ocrx_word' id='word_1_84' title='bbox 947 934 978 962; x_wconf 85' lang='lat' dir='ltr'>et</span> 
     </span>
     <span class='ocr_line' id='line_1_16' title="bbox 209 987 976 1036; baseline -0.016 -9"><span class='ocrx_word' id='word_1_85' title='bbox 209 997 300 1036; x_wconf 86' lang='lat' dir='ltr'>quasi</span> <span class='ocrx_word' id='word_1_86' title='bbox 328 996 446 1026; x_wconf 85' lang='lat' dir='ltr'>faciunt</span> <span class='ocrx_word' id='word_1_87' title='bbox 470 993 631 1024; x_wconf 87' lang='lat' dir='ltr'>hominem</span> <span class='ocrx_word' id='word_1_88' title='bbox 657 991 813 1027; x_wconf 79' lang='lat' dir='ltr'>divinum,</span> <span class='ocrx_word' id='word_1_89' title='bbox 839 988 881 1017; x_wconf 90' lang='lat' dir='ltr'>sic</span> <span class='ocrx_word' id='word_1_90' title='bbox 908 987 976 1016; x_wconf 78' lang='lat' dir='ltr'>istae</span> 
     </span>
     <span class='ocr_line' id='line_1_17' title="bbox 210 1040 977 1085; baseline -0.016 -4"><span class='ocrx_word' id='word_1_91' title='bbox 210 1050 341 1081; x_wconf 81' lang='lat' dir='ltr'>virtutes</span> <span class='ocrx_word' id='word_1_92' title='bbox 353 1049 501 1079; x_wconf 79' lang='lat' dir='ltr'>dicuntur</span> <span class='ocrx_word' id='word_1_93' title='bbox 517 1045 662 1085; x_wconf 63' lang='lat' dir='ltr'>politicae,</span> <span class='ocrx_word' id='word_1_94' title='bbox 677 1043 752 1083; x_wconf 82' lang='lat' dir='ltr'>quia</span> <span class='ocrx_word' id='word_1_95' title='bbox 767 1041 902 1072; x_wconf 85' lang='lat' dir='ltr'>reddunt</span> <span class='ocrx_word' id='word_1_96' title='bbox 917 1040 977 1069; x_wconf 91' lang='lat' dir='ltr'>ho-</span> 
     </span>
     <span class='ocr_line' id='line_1_18' title="bbox 211 1093 978 1133; baseline -0.014 0"><span class='ocrx_word' id='word_1_97' title='bbox 211 1103 329 1133; x_wconf 72' lang='lat' dir='ltr'>minem</span> <span class='ocrx_word' id='word_1_98' title='bbox 351 1102 429 1132; x_wconf 89' lang='lat' dir='ltr'>bene</span> <span class='ocrx_word' id='word_1_99' title='bbox 448 1100 629 1130; x_wconf 86' lang='lat' dir='ltr'>ordinatum</span> <span class='ocrx_word' id='word_1_100' title='bbox 644 1097 683 1127; x_wconf 85' lang='lat' dir='ltr'>ad</span> <span class='ocrx_word' id='word_1_101' title='bbox 697 1095 872 1126; x_wconf 85' lang='lat' dir='ltr'>vivendum</span> <span class='ocrx_word' id='word_1_102' title='bbox 895 1093 978 1123; x_wconf 86' lang='lat' dir='ltr'>inter</span> 
     </span>
     <span class='ocr_line' id='line_1_19' title="bbox 210 1147 976 1192; baseline -0.012 -5"><span class='ocrx_word' id='word_1_103' title='bbox 210 1157 355 1186; x_wconf 87' lang='lat' dir='ltr'>homines</span> <span class='ocrx_word' id='word_1_104' title='bbox 371 1166 377 1185; x_wconf 90' lang='lat'>:</span> <span class='ocrx_word' id='word_1_105' title='bbox 394 1154 477 1185; x_wconf 90' lang='lat' dir='ltr'>unde</span> <span class='ocrx_word' id='word_1_106' title='bbox 498 1152 623 1192; x_wconf 83' lang='lat' dir='ltr'>politica</span> <span class='ocrx_word' id='word_1_107' title='bbox 635 1150 737 1180; x_wconf 90' lang='lat' dir='ltr'>virtus</span> <span class='ocrx_word' id='word_1_108' title='bbox 751 1149 866 1179; x_wconf 87' lang='lat' dir='ltr'>dicitur</span> <span class='ocrx_word' id='word_1_109' title='bbox 885 1156 902 1177; x_wconf 83' lang='lat' dir='ltr'>a</span> <span class='ocrx_word' id='word_1_110' title='bbox 913 1147 976 1178; x_wconf 82' lang='grc' dir='ltr'>Ρο-</span> 
     </span>
     <span class='ocr_line' id='line_1_20' title="bbox 210 1201 977 1249; baseline -0.016 -7"><span class='ocrx_word' id='word_1_111' title='bbox 210 1211 291 1247; x_wconf 80' lang='lat' dir='ltr'>lz&#39;s&#39;,</span> <span class='ocrx_word' id='word_1_112' title='bbox 315 1209 399 1249; x_wconf 83' lang='lat' dir='ltr'>quod</span> <span class='ocrx_word' id='word_1_113' title='bbox 414 1211 459 1239; x_wconf 88' lang='lat' dir='ltr'>est</span> <span class='ocrx_word' id='word_1_114' title='bbox 479 1207 603 1237; x_wconf 82' lang='lat' dir='ltr'>Civitas.</span> <span class='ocrx_word' id='word_1_115' title='bbox 627 1203 805 1235; x_wconf 84' lang='lat' dir='ltr'>Cardinales</span> <span class='ocrx_word' id='word_1_116' title='bbox 828 1211 904 1233; x_wconf 89' lang='lat' dir='ltr'>vero</span> <span class='ocrx_word' id='word_1_117' title='bbox 929 1201 977 1231; x_wconf 90' lang='lat' dir='ltr'>di-</span> 
     </span>
     <span class='ocr_line' id='line_1_21' title="bbox 210 1255 978 1297; baseline -0.014 -3"><span class='ocrx_word' id='word_1_118' title='bbox 210 1266 327 1294; x_wconf 89' lang='lat' dir='ltr'>cuntur</span> <span class='ocrx_word' id='word_1_119' title='bbox 341 1262 462 1292; x_wconf 85' lang='lat' dir='ltr'>ratione</span> <span class='ocrx_word' id='word_1_120' title='bbox 476 1261 547 1290; x_wconf 82' lang='lat' dir='ltr'>finis</span> <span class='ocrx_word' id='word_1_121' title='bbox 562 1259 674 1295; x_wconf 90' lang='lat' dir='ltr'>ultimi,</span> <span class='ocrx_word' id='word_1_122' title='bbox 689 1257 764 1297; x_wconf 86' lang='lat' dir='ltr'>quia</span> <span class='ocrx_word' id='word_1_123' title='bbox 780 1265 834 1296; x_wconf 89' lang='lat' dir='ltr'>per</span> <span class='ocrx_word' id='word_1_124' title='bbox 848 1255 922 1285; x_wconf 87' lang='lat' dir='ltr'>istas</span> <span class='ocrx_word' id='word_1_125' title='bbox 932 1255 978 1284; x_wconf 91' lang='lat' dir='ltr'>est</span> 
     </span>
     <span class='ocr_line' id='line_1_22' title="bbox 211 1308 979 1355; baseline -0.014 -8"><span class='ocrx_word' id='word_1_126' title='bbox 211 1317 374 1355; x_wconf 83' lang='lat' dir='ltr'>ingressus</span> <span class='ocrx_word' id='word_1_127' title='bbox 405 1314 444 1344; x_wconf 86' lang='lat' dir='ltr'>ad</span> <span class='ocrx_word' id='word_1_128' title='bbox 474 1312 611 1343; x_wconf 83' lang='lat' dir='ltr'>coelestia</span> <span class='ocrx_word' id='word_1_129' title='bbox 638 1319 748 1349; x_wconf 75' lang='lat' dir='ltr'>regna.</span> <span class='ocrx_word' id='word_1_130' title='bbox 780 1308 900 1347; x_wconf 76' lang='lat' dir='ltr'>Duplex</span> <span class='ocrx_word' id='word_1_131' title='bbox 933 1308 979 1336; x_wconf 89' lang='lat' dir='ltr'>est</span> 
     </span>
     <span class='ocr_line' id='line_1_23' title="bbox 211 1359 979 1408; baseline -0.016 -8"><span class='ocrx_word' id='word_1_132' title='bbox 211 1370 296 1400; x_wconf 87' lang='lat' dir='ltr'>enim</span> <span class='ocrx_word' id='word_1_133' title='bbox 317 1370 405 1408; x_wconf 78' lang='lat' dir='ltr'>porta</span> <span class='ocrx_word' id='word_1_134' title='bbox 425 1364 619 1405; x_wconf 77' lang='lat' dir='ltr'>ingrediendi</span> <span class='ocrx_word' id='word_1_135' title='bbox 644 1365 675 1393; x_wconf 89' lang='lat' dir='ltr'>in</span> <span class='ocrx_word' id='word_1_136' title='bbox 691 1362 817 1398; x_wconf 82' lang='lat' dir='ltr'>coelum,</span> <span class='ocrx_word' id='word_1_137' title='bbox 835 1359 979 1391; x_wconf 86' lang='lat' dir='ltr'>videlicet</span> 
     </span>
     <span class='ocr_line' id='line_1_24' title="bbox 211 1413 978 1462; baseline -0.014 -9"><span class='ocrx_word' id='word_1_138' title='bbox 211 1432 266 1462; x_wconf 85' lang='lat' dir='ltr'>per</span> <span class='ocrx_word' id='word_1_139' title='bbox 290 1421 521 1452; x_wconf 67' lang='lat' dir='ltr'>observantiam</span> <span class='ocrx_word' id='word_1_140' title='bbox 543 1417 776 1453; x_wconf 82' lang='lat' dir='ltr'>mandatorum,</span> <span class='ocrx_word' id='word_1_141' title='bbox 802 1413 978 1444; x_wconf 83' lang='lat' dir='ltr'>secundum</span> 
     </span>
     <span class='ocr_line' id='line_1_25' title="bbox 211 1469 978 1509; baseline -0.012 -3"><span class='ocrx_word' id='word_1_142' title='bbox 211 1476 285 1506; x_wconf 85' lang='lat' dir='ltr'>illud</span> <span class='ocrx_word' id='word_1_143' title='bbox 300 1476 311 1491; x_wconf 79' lang='lat'><strong>²</strong></span> <span class='ocrx_word' id='word_1_144' title='bbox 328 1486 334 1505; x_wconf 79' lang='lat' dir='ltr'>z</span> <span class='ocrx_word' id='word_1_145' title='bbox 352 1475 393 1505; x_wconf 82' lang='lat' dir='ltr'>Sz&#39;</span> <span class='ocrx_word' id='word_1_146' title='bbox 403 1474 452 1504; x_wconf 78' lang='lat' dir='ltr'>vis</span> <span class='ocrx_word' id='word_1_147' title='bbox 465 1473 620 1504; x_wconf 70' lang='lat' dir='ltr'>advitam</span> <span class='ocrx_word' id='word_1_148' title='bbox 632 1469 872 1509; x_wconf 71' lang='lat' dir='ltr'>inqr·ectr&#39;,se⁷·va</span> <span class='ocrx_word' id='word_1_149' title='bbox 887 1475 978 1498; x_wconf 80' lang='lat' dir='ltr'>man-</span> 
     </span>
     <span class='ocr_line' id='line_1_26' title="bbox 211 1521 977 1567; baseline -0.016 -7"><span class='ocrx_word' id='word_1_150' title='bbox 211 1528 310 1567; x_wconf 75' lang='lat' dir='ltr'>data,-</span> <span class='ocrx_word' id='word_1_151' title='bbox 324 1530 354 1557; x_wconf 80' lang='lat' dir='ltr'>et</span> <span class='ocrx_word' id='word_1_152' title='bbox 374 1536 429 1566; x_wconf 83' lang='lat' dir='ltr'>per</span> <span class='ocrx_word' id='word_1_153' title='bbox 445 1524 640 1555; x_wconf 75' lang='lat' dir='ltr'>tolerantiam</span> <span class='ocrx_word' id='word_1_154' title='bbox 658 1521 910 1557; x_wconf 78' lang='lat' dir='ltr'>tribulationum,</span> <span class='ocrx_word' id='word_1_155' title='bbox 930 1528 977 1549; x_wconf 85' lang='lat' dir='ltr'>se.-</span> 
     </span>
     <span class='ocr_line' id='line_1_27' title="bbox 211 1574 980 1612; baseline -0.012 -1"><span class='ocrx_word' id='word_1_156' title='bbox 211 1582 350 1612; x_wconf 80' lang='lat' dir='ltr'>enndnm</span> <span class='ocrx_word' id='word_1_157' title='bbox 380 1579 456 1609; x_wconf 88' lang='lat' dir='ltr'>illud</span> <span class='ocrx_word' id='word_1_158' title='bbox 473 1582 482 1597; x_wconf 85' lang='lat'>³</span> <span class='ocrx_word' id='word_1_159' title='bbox 499 1588 507 1608; x_wconf 72' lang='grc' dir='ltr'>ε</span> <span class='ocrx_word' id='word_1_160' title='bbox 526 1579 585 1609; x_wconf 76' lang='lat' dir='ltr'>Per</span> <span class='ocrx_word' id='word_1_161' title='bbox 612 1576 729 1607; x_wconf 80' lang='lat' dir='ltr'>multas</span> <span class='ocrx_word' id='word_1_162' title='bbox 758 1574 980 1606; x_wconf 74' lang='lat' dir='ltr'>tribulationes</span> 
     </span>
     <span class='ocr_line' id='line_1_28' title="bbox 211 1625 980 1672; baseline -0.016 -7"><span class='ocrx_word' id='word_1_163' title='bbox 211 1637 329 1672; x_wconf 76' lang='lat' dir='ltr'>oportet</span> <span class='ocrx_word' id='word_1_164' title='bbox 352 1640 420 1669; x_wconf 77' lang='lat' dir='ltr'>nos,</span> <span class='ocrx_word' id='word_1_165' title='bbox 446 1634 503 1661; x_wconf 76' lang='lat' dir='ltr'>etc.</span> <span class='ocrx_word' id='word_1_166' title='bbox 528 1631 574 1661; x_wconf 74' lang='lat' dir='ltr'>Ad</span> <span class='ocrx_word' id='word_1_167' title='bbox 598 1630 657 1659; x_wconf 80' lang='lat' dir='ltr'>isla</span> <span class='ocrx_word' id='word_1_168' title='bbox 678 1629 740 1658; x_wconf 86' lang='lat' dir='ltr'>duo</span> <span class='ocrx_word' id='word_1_169' title='bbox 764 1625 980 1666; x_wconf 72' lang='lat' dir='ltr'>principaliter</span> 
     </span>
     <span class='ocr_line' id='line_1_29' title="bbox 212 1678 980 1723; baseline -0.013 -6"><span class='ocrx_word' id='word_1_170' title='bbox 212 1687 358 1717; x_wconf 86' lang='lat' dir='ltr'>ordinant</span> <span class='ocrx_word' id='word_1_171' title='bbox 382 1686 448 1715; x_wconf 81' lang='lat' dir='ltr'>istae</span> <span class='ocrx_word' id='word_1_172' title='bbox 470 1688 606 1723; x_wconf 79' lang='lat' dir='ltr'>quatuor</span> <span class='ocrx_word' id='word_1_173' title='bbox 627 1682 821 1711; x_wconf 76' lang='lat' dir='ltr'>virtuteszet</span> <span class='ocrx_word' id='word_1_174' title='bbox 843 1679 911 1709; x_wconf 85' lang='lat' dir='ltr'>ideo</span> <span class='ocrx_word' id='word_1_175' title='bbox 932 1678 980 1708; x_wconf 91' lang='lat' dir='ltr'>di—</span> 
     </span>
     <span class='ocr_line' id='line_1_30' title="bbox 212 1733 979 1779; baseline -0.012 -9"><span class='ocrx_word' id='word_1_176' title='bbox 212 1744 328 1770; x_wconf 80' lang='lat' dir='ltr'>cuntur</span> <span class='ocrx_word' id='word_1_177' title='bbox 341 1738 529 1779; x_wconf 76' lang='lat' dir='ltr'>principales</span> <span class='ocrx_word' id='word_1_178' title='bbox 544 1739 573 1767; x_wconf 81' lang='lat' dir='ltr'>et</span> <span class='ocrx_word' id='word_1_179' title='bbox 587 1734 769 1766; x_wconf 76' lang='lat' dir='ltr'>cardinales.</span> <span class='ocrx_word' id='word_1_180' title='bbox 788 1733 859 1764; x_wconf 81' lang='lat' dir='ltr'>ldeo</span> <span class='ocrx_word' id='word_1_181' title='bbox 874 1735 979 1762; x_wconf 85' lang='lat' dir='ltr'>autem</span> 
     </span>
     <span class='ocr_line' id='line_1_31' title="bbox 212 1785 981 1830; baseline -0.012 -7"><span class='ocrx_word' id='word_1_182' title='bbox 212 1794 279 1823; x_wconf 70' lang='lat' dir='ltr'>istae</span> <span class='ocrx_word' id='word_1_183' title='bbox 294 1793 427 1823; x_wconf 79' lang='lat' dir='ltr'>virtutes</span> <span class='ocrx_word' id='word_1_184' title='bbox 443 1789 658 1830; x_wconf 78' lang='lat' dir='ltr'>principaliter</span> <span class='ocrx_word' id='word_1_185' title='bbox 670 1787 827 1822; x_wconf 84' lang='lat' dir='ltr'>ordinant,</span> <span class='ocrx_word' id='word_1_186' title='bbox 842 1785 916 1825; x_wconf 84' lang='lat' dir='ltr'>quia</span> <span class='ocrx_word' id='word_1_187' title='bbox 931 1795 981 1815; x_wconf 86' lang='lat' dir='ltr'>su-</span> 
     </span>
     <span class='ocr_line' id='line_1_32' title="bbox 214 1839 977 1880; baseline -0.013 -3"><span class='ocrx_word' id='word_1_188' title='bbox 214 1849 347 1877; x_wconf 88' lang='lat' dir='ltr'>muntur</span> <span class='ocrx_word' id='word_1_189' title='bbox 358 1855 376 1875; x_wconf 86' lang='lat' dir='ltr'>a</span> <span class='ocrx_word' id='word_1_190' title='bbox 386 1843 618 1875; x_wconf 87' lang='lat' dir='ltr'>conditionibus</span> <span class='ocrx_word' id='word_1_191' title='bbox 629 1842 665 1880; x_wconf 62' lang='lat' dir='ltr'>(a)</span> <span class='ocrx_word' id='word_1_192' title='bbox 678 1839 857 1880; x_wconf 84' lang='lat' dir='ltr'>praecipuis‚</span> <span class='ocrx_word' id='word_1_193' title='bbox 866 1848 977 1869; x_wconf 88' lang='lat' dir='ltr'>seeun-</span> 
     </span>
     <span class='ocr_line' id='line_1_33' title="bbox 213 1892 982 1938; baseline -0.01 -9"><span class='ocrx_word' id='word_1_194' title='bbox 213 1900 290 1930; x_wconf 85' lang='lat' dir='ltr'>dum</span> <span class='ocrx_word' id='word_1_195' title='bbox 313 1908 391 1938; x_wconf 84' lang='lat' dir='ltr'>quas</span> <span class='ocrx_word' id='word_1_196' title='bbox 406 1898 502 1928; x_wconf 88' lang='lat' dir='ltr'>homo</span> <span class='ocrx_word' id='word_1_197' title='bbox 519 1896 610 1926; x_wconf 89' lang='lat' dir='ltr'>debet</span> <span class='ocrx_word' id='word_1_198' title='bbox 622 1894 741 1926; x_wconf 84' lang='lat' dir='ltr'>versari</span> <span class='ocrx_word' id='word_1_199' title='bbox 754 1894 788 1923; x_wconf 87' lang='lat' dir='ltr'>in</span> <span class='ocrx_word' id='word_1_200' title='bbox 805 1892 935 1931; x_wconf 80' lang='lat' dir='ltr'>agendis</span> <span class='ocrx_word' id='word_1_201' title='bbox 952 1894 982 1921; x_wconf 85' lang='lat' dir='ltr'>et</span> 
     </span>
     <span class='ocr_line' id='line_1_34' title="bbox 214 1944 981 1991; baseline -0.01 -9"><span class='ocrx_word' id='word_1_202' title='bbox 214 1951 376 1991; x_wconf 86' lang='lat' dir='ltr'>patiendis.</span> <span class='ocrx_word' id='word_1_203' title='bbox 395 1950 429 1980; x_wconf 93' lang='lat' dir='ltr'>ln</span> <span class='ocrx_word' id='word_1_204' title='bbox 448 1949 596 1979; x_wconf 87' lang='lat' dir='ltr'>omnibus</span> <span class='ocrx_word' id='word_1_205' title='bbox 612 1947 744 1986; x_wconf 78' lang='lat' dir='ltr'>agendis</span> <span class='ocrx_word' id='word_1_206' title='bbox 758 1945 809 1976; x_wconf 88' lang='lat' dir='ltr'>vel</span> <span class='ocrx_word' id='word_1_207' title='bbox 827 1944 981 1985; x_wconf 81' lang='lat' dir='ltr'>patiendis</span> 
     </span>
     <span class='ocr_line' id='line_1_35' title="bbox 213 1998 981 2034; baseline -0.012 -1"><span class='ocrx_word' id='word_1_208' title='bbox 213 2002 304 2033; x_wconf 85' lang='lat' dir='ltr'>debet</span> <span class='ocrx_word' id='word_1_209' title='bbox 331 2002 427 2032; x_wconf 89' lang='lat' dir='ltr'>homo</span> <span class='ocrx_word' id='word_1_210' title='bbox 453 2000 611 2030; x_wconf 86' lang='lat' dir='ltr'>attendere</span> <span class='ocrx_word' id='word_1_211' title='bbox 639 1998 838 2034; x_wconf 79' lang='lat' dir='ltr'>arduitatem,</span> <span class='ocrx_word' id='word_1_212' title='bbox 867 2004 981 2026; x_wconf 88' lang='lat' dir='ltr'>secun-</span> 
     </span>
     <span class='ocr_line' id='line_1_36' title="bbox 214 2048 979 2094; baseline -0.01 -9"><span class='ocrx_word' id='word_1_213' title='bbox 214 2055 290 2086; x_wconf 84' lang='lat' dir='ltr'>dum</span> <span class='ocrx_word' id='word_1_214' title='bbox 306 2063 403 2094; x_wconf 87' lang='lat' dir='ltr'>quam</span> <span class='ocrx_word' id='word_1_215' title='bbox 414 2052 623 2083; x_wconf 78' lang='lat' dir='ltr'>conditionem</span> <span class='ocrx_word' id='word_1_216' title='bbox 635 2050 806 2081; x_wconf 84' lang='lat' dir='ltr'>attenditur</span> <span class='ocrx_word' id='word_1_217' title='bbox 817 2048 979 2085; x_wconf 85' lang='lat' dir='ltr'>fortitudo;</span> 
     </span>
     <span class='ocr_line' id='line_1_37' title="bbox 215 2101 982 2146; baseline -0.01 -8"><span class='ocrx_word' id='word_1_218' title='bbox 215 2110 245 2138; x_wconf 86' lang='lat' dir='ltr'>et</span> <span class='ocrx_word' id='word_1_219' title='bbox 271 2107 463 2146; x_wconf 61' lang='lat' dir='ltr'>aequitatem,</span> <span class='ocrx_word' id='word_1_220' title='bbox 488 2104 661 2135; x_wconf 83' lang='lat' dir='ltr'>secundum</span> <span class='ocrx_word' id='word_1_221' title='bbox 689 2111 786 2142; x_wconf 83' lang='lat' dir='ltr'>quam</span> <span class='ocrx_word' id='word_1_222' title='bbox 811 2101 982 2132; x_wconf 86' lang='lat' dir='ltr'>attenditur</span> 
     </span>
     <span class='ocr_line' id='line_1_38' title="bbox 212 2157 983 2202; baseline -0.01 -10"><span class='ocrx_word' id='word_1_223' title='bbox 212 2162 354 2202; x_wconf 73' lang='lat' dir='ltr'>Justitia3</span> <span class='ocrx_word' id='word_1_224' title='bbox 372 2163 402 2190; x_wconf 90' lang='lat' dir='ltr'>et</span> <span class='ocrx_word' id='word_1_225' title='bbox 416 2160 623 2195; x_wconf 79' lang='lat' dir='ltr'>honestatem,</span> <span class='ocrx_word' id='word_1_226' title='bbox 640 2157 814 2187; x_wconf 88' lang='lat' dir='ltr'>secundum</span> <span class='ocrx_word' id='word_1_227' title='bbox 829 2164 924 2195; x_wconf 87' lang='lat' dir='ltr'>quam</span> <span class='ocrx_word' id='word_1_228' title='bbox 940 2157 983 2185; x_wconf 84' lang='lat' dir='ltr'>at-</span> 
     </span>
     <span class='ocr_line' id='line_1_39' title="bbox 216 2209 984 2252; baseline -0.012 -6"><span class='ocrx_word' id='word_1_229' title='bbox 216 2215 354 2246; x_wconf 83' lang='lat' dir='ltr'>tenditur</span> <span class='ocrx_word' id='word_1_230' title='bbox 378 2211 599 2252; x_wconf 81' lang='lat' dir='ltr'>temperantia3</span> <span class='ocrx_word' id='word_1_231' title='bbox 621 2212 651 2240; x_wconf 88' lang='lat' dir='ltr'>et</span> <span class='ocrx_word' id='word_1_232' title='bbox 670 2209 848 2246; x_wconf 83' lang='lat' dir='ltr'>utilitatem,</span> <span class='ocrx_word' id='word_1_233' title='bbox 875 2217 984 2238; x_wconf 87' lang='lat' dir='ltr'>secun-</span> 
     </span>
     <span class='ocr_line' id='line_1_40' title="bbox 217 2261 984 2306; baseline -0.012 -7"><span class='ocrx_word' id='word_1_234' title='bbox 217 2268 293 2299; x_wconf 89' lang='lat' dir='ltr'>dum</span> <span class='ocrx_word' id='word_1_235' title='bbox 322 2275 417 2306; x_wconf 86' lang='lat' dir='ltr'>quam</span> <span class='ocrx_word' id='word_1_236' title='bbox 441 2264 611 2295; x_wconf 76' lang='lat' dir='ltr'>attenditur</span> <span class='ocrx_word' id='word_1_237' title='bbox 639 2262 815 2302; x_wconf 83' lang='lat' dir='ltr'>prudentia.</span> <span class='ocrx_word' id='word_1_238' title='bbox 843 2261 881 2292; x_wconf 89' lang='lat' dir='ltr'>Et</span> <span class='ocrx_word' id='word_1_239' title='bbox 910 2261 984 2300; x_wconf 85' lang='lat' dir='ltr'>quia</span> 
     </span>
     <span class='ocr_line' id='line_1_41' title="bbox 217 2315 985 2360; baseline -0.01 -9"><span class='ocrx_word' id='word_1_240' title='bbox 217 2322 284 2351; x_wconf 64' lang='lat' dir='ltr'>istae</span> <span class='ocrx_word' id='word_1_241' title='bbox 308 2322 446 2360; x_wconf 84' lang='lat' dir='ltr'>quatuor</span> <span class='ocrx_word' id='word_1_242' title='bbox 471 2319 603 2348; x_wconf 82' lang='lat' dir='ltr'>virtutes</span> <span class='ocrx_word' id='word_1_243' title='bbox 628 2316 813 2353; x_wconf 80' lang='lat' dir='ltr'>cardinales,</span> <span class='ocrx_word' id='word_1_244' title='bbox 842 2315 881 2345; x_wconf 79' lang='lat' dir='ltr'>ad</span> <span class='ocrx_word' id='word_1_245' title='bbox 905 2323 985 2354; x_wconf 87' lang='lat' dir='ltr'>quas</span> 
     </span>
     <span class='ocr_line' id='line_1_42' title="bbox 218 2368 984 2407; baseline -0.01 -2"><span class='ocrx_word' id='word_1_246' title='bbox 218 2374 411 2405; x_wconf 84' lang='lat' dir='ltr'>reducuntur</span> <span class='ocrx_word' id='word_1_247' title='bbox 444 2380 554 2401; x_wconf 80' lang='lat' dir='ltr'>omnes</span> <span class='ocrx_word' id='word_1_248' title='bbox 584 2370 731 2407; x_wconf 86' lang='lat' dir='ltr'>virtutes,</span> <span class='ocrx_word' id='word_1_249' title='bbox 765 2369 919 2398; x_wconf 88' lang='lat' dir='ltr'>inducunt</span> <span class='ocrx_word' id='word_1_250' title='bbox 945 2368 984 2398; x_wconf 92' lang='lat' dir='ltr'>ad</span> 
     </span>
     <span class='ocr_line' id='line_1_43' title="bbox 220 2421 984 2465; baseline -0.009 -8"><span class='ocrx_word' id='word_1_251' title='bbox 220 2429 301 2457; x_wconf 84' lang='lat' dir='ltr'>recte</span> <span class='ocrx_word' id='word_1_252' title='bbox 328 2425 490 2465; x_wconf 85' lang='lat' dir='ltr'>agendum</span> <span class='ocrx_word' id='word_1_253' title='bbox 514 2423 565 2455; x_wconf 86' lang='lat' dir='ltr'>vel</span> <span class='ocrx_word' id='word_1_254' title='bbox 590 2422 788 2462; x_wconf 76' lang='lat' dir='ltr'>patiendum3</span> <span class='ocrx_word' id='word_1_255' title='bbox 815 2421 885 2451; x_wconf 86' lang='lat' dir='ltr'>ideo</span> <span class='ocrx_word' id='word_1_256' title='bbox 916 2421 984 2451; x_wconf 82' lang='lat' dir='ltr'>istae</span> 
     </span>
     <span class='ocr_line' id='line_1_44' title="bbox 220 2474 982 2519; baseline -0.009 -8"><span class='ocrx_word' id='word_1_257' title='bbox 220 2482 356 2519; x_wconf 83' lang='lat' dir='ltr'>quatuor</span> <span class='ocrx_word' id='word_1_258' title='bbox 367 2480 499 2509; x_wconf 87' lang='lat' dir='ltr'>virtutes</span> <span class='ocrx_word' id='word_1_259' title='bbox 510 2477 655 2508; x_wconf 89' lang='lat' dir='ltr'>dicuntur</span> <span class='ocrx_word' id='word_1_260' title='bbox 667 2474 842 2505; x_wconf 84' lang='lat' dir='ltr'>cardinales</span> <span class='ocrx_word' id='word_1_261' title='bbox 854 2476 884 2504; x_wconf 87' lang='lat' dir='ltr'>et</span> <span class='ocrx_word' id='word_1_262' title='bbox 897 2474 982 2513; x_wconf 89' lang='lat' dir='ltr'>prin-</span> 
     </span>
     <span class='ocr_line' id='line_1_45' title="bbox 220 2527 987 2572; baseline -0.008 -9"><span class='ocrx_word' id='word_1_263' title='bbox 220 2533 345 2572; x_wconf 84' lang='lat' dir='ltr'>cipales.</span> <span class='ocrx_word' id='word_1_264' title='bbox 366 2532 404 2563; x_wconf 86' lang='lat' dir='ltr'>Et</span> <span class='ocrx_word' id='word_1_265' title='bbox 421 2532 466 2562; x_wconf 80' lang='lat' dir='ltr'>sie</span> <span class='ocrx_word' id='word_1_266' title='bbox 487 2532 581 2570; x_wconf 83' lang='lat' dir='ltr'>patet,</span> <span class='ocrx_word' id='word_1_267' title='bbox 597 2538 696 2569; x_wconf 82' lang='lat' dir='ltr'>quare</span> <span class='ocrx_word' id='word_1_268' title='bbox 711 2528 779 2558; x_wconf 82' lang='lat' dir='ltr'>istae</span> <span class='ocrx_word' id='word_1_269' title='bbox 796 2528 928 2558; x_wconf 89' lang='lat' dir='ltr'>virtutes</span> <span class='ocrx_word' id='word_1_270' title='bbox 943 2527 987 2557; x_wconf 85' lang='lat' dir='ltr'>sic</span> 
     </span>
     <span class='ocr_line' id='line_1_46' title="bbox 220 2581 986 2623; baseline -0.009 -6"><span class='ocrx_word' id='word_1_271' title='bbox 220 2587 435 2621; x_wconf 79' lang='lat' dir='ltr'>nominentur,</span> <span class='ocrx_word' id='word_1_272' title='bbox 452 2586 482 2615; x_wconf 85' lang='lat' dir='ltr'>et</span> <span class='ocrx_word' id='word_1_273' title='bbox 494 2583 577 2623; x_wconf 87' lang='lat' dir='ltr'>quod</span> <span class='ocrx_word' id='word_1_274' title='bbox 603 2582 683 2613; x_wconf 87' lang='lat' dir='ltr'>ratio</span> <span class='ocrx_word' id='word_1_275' title='bbox 698 2581 896 2621; x_wconf 86' lang='lat' dir='ltr'>Hieronymi,</span> <span class='ocrx_word' id='word_1_276' title='bbox 912 2590 986 2617; x_wconf 76' lang='lat' dir='ltr'>quae</span> 
     </span>
    </p>
   </div>
   <div class='ocr_carea' id='block_1_3' title="bbox 255 2644 600 2676">
    <p class='ocr_par' dir='ltr' id='par_1_4' title="bbox 255 2644 600 2676">
     <span class='ocr_line' id='line_1_47' title="bbox 255 2644 600 2676; baseline -0.012 -6"><span class='ocrx_word' id='word_1_277' title='bbox 255 2647 288 2676; x_wconf 75' lang='lat' dir='ltr'>(a)</span> <span class='ocrx_word' id='word_1_278' title='bbox 298 2646 357 2670; x_wconf 80' lang='lat' dir='ltr'>caet.</span> <span class='ocrx_word' id='word_1_279' title='bbox 372 2645 431 2668; x_wconf 67' lang='lat' dir='ltr'>edit.</span> <span class='ocrx_word' id='word_1_280' title='bbox 445 2644 600 2667; x_wconf 79' lang='lat' dir='ltr'>nominibus.</span> 
     </span>
    </p>
   </div>
   <div class='ocr_carea' id='block_1_4' title="bbox 728 169 1211 207">
    <p class='ocr_par' dir='ltr' id='par_1_5' title="bbox 728 169 1211 207">
     <span class='ocr_line' id='line_1_48' title="bbox 728 169 1211 207; baseline -0.014 0"><span class='ocrx_word' id='word_1_281' title='bbox 728 170 1041 207; x_wconf 79' lang='lat' dir='ltr'><strong>SENTENTIARUM</strong></span> <span class='ocrx_word' id='word_1_282' title='bbox 1060 169 1134 202; x_wconf 89' lang='lat' dir='ltr'>LlB.</span> <span class='ocrx_word' id='word_1_283' title='bbox 1157 169 1211 201; x_wconf 89' lang='lat'>111.</span> 
     </span>
    </p>
   </div>
   <div class='ocr_carea' id='block_1_5' title="bbox 1030 233 1808 1182">
    <p class='ocr_par' dir='ltr' id='par_1_6' title="bbox 1030 233 1808 1182">
     <span class='ocr_line' id='line_1_49' title="bbox 1031 233 1800 277; baseline -0.003 -11"><span class='ocrx_word' id='word_1_284' title='bbox 1031 237 1158 277; x_wconf 85' lang='lat' dir='ltr'>ponitur</span> <span class='ocrx_word' id='word_1_285' title='bbox 1173 236 1205 266; x_wconf 89' lang='lat' dir='ltr'>in</span> <span class='ocrx_word' id='word_1_286' title='bbox 1221 236 1335 274; x_wconf 86' lang='lat' dir='ltr'>littera,</span> <span class='ocrx_word' id='word_1_287' title='bbox 1354 238 1401 266; x_wconf 88' lang='lat' dir='ltr'>est</span> <span class='ocrx_word' id='word_1_288' title='bbox 1415 235 1505 266; x_wconf 83' lang='lat' dir='ltr'>valde</span> <span class='ocrx_word' id='word_1_289' title='bbox 1525 234 1619 265; x_wconf 89' lang='lat' dir='ltr'>bona.</span> <span class='ocrx_word' id='word_1_290' title='bbox 1634 233 1698 266; x_wconf 86' lang='lat' dir='ltr'>Nec</span> <span class='ocrx_word' id='word_1_291' title='bbox 1716 233 1800 265; x_wconf 79' lang='lat' dir='ltr'>valet</span> 
     </span>
     <span class='ocr_line' id='line_1_50' title="bbox 1030 289 1800 330; baseline -0.003 -9"><span class='ocrx_word' id='word_1_292' title='bbox 1030 292 1105 321; x_wconf 84' lang='lat' dir='ltr'>illud</span> <span class='ocrx_word' id='word_1_293' title='bbox 1128 292 1211 330; x_wconf 83' lang='lat' dir='ltr'>quod</span> <span class='ocrx_word' id='word_1_294' title='bbox 1233 291 1379 330; x_wconf 73' lang='lat' dir='ltr'>oincitur</span> <span class='ocrx_word' id='word_1_295' title='bbox 1394 290 1432 321; x_wconf 85' lang='lat' dir='ltr'>de</span> <span class='ocrx_word' id='word_1_296' title='bbox 1448 290 1620 320; x_wconf 85' lang='lat' dir='ltr'>virtutibus</span> <span class='ocrx_word' id='word_1_297' title='bbox 1640 289 1800 328; x_wconf 86' lang='lat' dir='ltr'>theologi-</span> 
     </span>
     <span class='ocr_line' id='line_1_51' title="bbox 1031 341 1802 382; baseline -0.003 -9"><span class='ocrx_word' id='word_1_298' title='bbox 1031 344 1084 381; x_wconf 80' lang='lat' dir='ltr'>cis,</span> <span class='ocrx_word' id='word_1_299' title='bbox 1110 343 1195 374; x_wconf 85' lang='lat' dir='ltr'>etde</span> <span class='ocrx_word' id='word_1_300' title='bbox 1216 344 1377 379; x_wconf 80' lang='lat' dir='ltr'>charitate,</span> <span class='ocrx_word' id='word_1_301' title='bbox 1402 343 1556 382; x_wconf 87' lang='lat' dir='ltr'>quoniam</span> <span class='ocrx_word' id='word_1_302' title='bbox 1578 342 1655 382; x_wconf 78' lang='lat' dir='ltr'>ipsae</span> <span class='ocrx_word' id='word_1_303' title='bbox 1680 341 1802 372; x_wconf 90' lang='lat' dir='ltr'>theolo-</span> 
     </span>
     <span class='ocr_line' id='line_1_52' title="bbox 1031 395 1800 435; baseline -0.003 -9"><span class='ocrx_word' id='word_1_304' title='bbox 1031 397 1111 432; x_wconf 51' lang='lat' dir='ltr'>nica:</span> <span class='ocrx_word' id='word_1_305' title='bbox 1127 396 1268 432; x_wconf 71' lang='lat' dir='ltr'>virtutes,</span> <span class='ocrx_word' id='word_1_306' title='bbox 1285 399 1448 435; x_wconf 86' lang='lat' dir='ltr'>tamquam</span> <span class='ocrx_word' id='word_1_307' title='bbox 1464 395 1712 432; x_wconf 78' lang='lat' dir='ltr'>excellentiores,</span> <span class='ocrx_word' id='word_1_308' title='bbox 1733 402 1800 424; x_wconf 90' lang='lat' dir='ltr'>sor-</span> 
     </span>
     <span class='ocr_line' id='line_1_53' title="bbox 1031 449 1803 488; baseline -0.004 -9"><span class='ocrx_word' id='word_1_309' title='bbox 1031 449 1155 480; x_wconf 85' lang='lat' dir='ltr'>tiuntur</span> <span class='ocrx_word' id='word_1_310' title='bbox 1176 449 1313 479; x_wconf 76' lang='lat' dir='ltr'>nobilius</span> <span class='ocrx_word' id='word_1_311' title='bbox 1332 458 1448 478; x_wconf 66' lang='lat' dir='ltr'>nomen</span> <span class='ocrx_word' id='word_1_312' title='bbox 1465 458 1472 478; x_wconf 73' lang='grc' dir='ltr'><em>ι</em></span> <span class='ocrx_word' id='word_1_313' title='bbox 1488 450 1640 488; x_wconf 69' lang='lat' dir='ltr'>praeterea</span> <span class='ocrx_word' id='word_1_314' title='bbox 1661 456 1725 478; x_wconf 91' lang='lat' dir='ltr'>non</span> <span class='ocrx_word' id='word_1_315' title='bbox 1747 456 1803 477; x_wconf 86' lang='lat' dir='ltr'>su·</span> 
     </span>
     <span class='ocr_line' id='line_1_54' title="bbox 1033 499 1803 540; baseline -0.003 -9"><span class='ocrx_word' id='word_1_316' title='bbox 1033 505 1163 532; x_wconf 86' lang='lat' dir='ltr'>muntnr</span> <span class='ocrx_word' id='word_1_317' title='bbox 1183 502 1357 532; x_wconf 63' lang='lat' dir='ltr'>seeundum</span> <span class='ocrx_word' id='word_1_318' title='bbox 1373 501 1440 531; x_wconf 83' lang='lat' dir='ltr'>illas</span> <span class='ocrx_word' id='word_1_319' title='bbox 1455 503 1594 540; x_wconf 84' lang='lat' dir='ltr'>quatuor</span> <span class='ocrx_word' id='word_1_320' title='bbox 1608 499 1803 530; x_wconf 86' lang='lat' dir='ltr'>conditiones</span> 
     </span>
     <span class='ocr_line' id='line_1_55' title="bbox 1032 552 1801 594; baseline -0.004 -10"><span class='ocrx_word' id='word_1_321' title='bbox 1032 555 1231 594; x_wconf 86' lang='lat' dir='ltr'>principales,</span> <span class='ocrx_word' id='word_1_322' title='bbox 1251 564 1324 594; x_wconf 82' lang='lat' dir='ltr'>quae</span> <span class='ocrx_word' id='word_1_323' title='bbox 1344 554 1553 593; x_wconf 84' lang='lat' dir='ltr'>requiruntur</span> <span class='ocrx_word' id='word_1_324' title='bbox 1576 552 1615 583; x_wconf 86' lang='lat' dir='ltr'>ad</span> <span class='ocrx_word' id='word_1_325' title='bbox 1639 553 1801 589; x_wconf 88' lang='lat' dir='ltr'>virtutem,</span> 
     </span>
     <span class='ocr_line' id='line_1_56' title="bbox 1033 604 1802 646; baseline -0.005 -8"><span class='ocrx_word' id='word_1_326' title='bbox 1033 608 1154 638; x_wconf 61' lang='lat' dir='ltr'>ratione¹</span> <span class='ocrx_word' id='word_1_327' title='bbox 1182 616 1320 646; x_wconf 86' lang='lat' dir='ltr'>quarum</span> <span class='ocrx_word' id='word_1_328' title='bbox 1344 607 1411 636; x_wconf 76' lang='lat' dir='ltr'>isia:</span> <span class='ocrx_word' id='word_1_329' title='bbox 1436 608 1590 636; x_wconf 85' lang='lat' dir='ltr'>vocantur</span> <span class='ocrx_word' id='word_1_330' title='bbox 1616 604 1802 635; x_wconf 83' lang='lat' dir='ltr'>cardinales.</span> 
     </span>
     <span class='ocr_line' id='line_1_57' title="bbox 1034 657 1805 699; baseline -0.003 -9"><span class='ocrx_word' id='word_1_331' title='bbox 1034 660 1069 690; x_wconf 67' lang='lat' dir='ltr'>lit</span> <span class='ocrx_word' id='word_1_332' title='bbox 1098 669 1152 699; x_wconf 70' lang='lat' dir='ltr'>per</span> <span class='ocrx_word' id='word_1_333' title='bbox 1179 660 1239 690; x_wconf 89' lang='lat' dir='ltr'>hoc</span> <span class='ocrx_word' id='word_1_334' title='bbox 1266 662 1349 698; x_wconf 84' lang='lat' dir='ltr'>patet</span> <span class='ocrx_word' id='word_1_335' title='bbox 1379 659 1456 689; x_wconf 89' lang='lat' dir='ltr'>illud</span> <span class='ocrx_word' id='word_1_336' title='bbox 1481 658 1567 698; x_wconf 91' lang='lat' dir='ltr'>quod</span> <span class='ocrx_word' id='word_1_337' title='bbox 1595 657 1805 697; x_wconf 87' lang='lat' dir='ltr'>objiciebatur</span> 
     </span>
     <span class='ocr_line' id='line_1_58' title="bbox 1032 709 1803 752; baseline -0.003 -10"><span class='ocrx_word' id='word_1_338' title='bbox 1032 714 1135 752; x_wconf 88' lang='lat' dir='ltr'>primo</span> <span class='ocrx_word' id='word_1_339' title='bbox 1157 715 1185 743; x_wconf 88' lang='lat' dir='ltr'>et</span> <span class='ocrx_word' id='word_1_340' title='bbox 1206 712 1354 742; x_wconf 85' lang='lat' dir='ltr'>secundo.</span> <span class='ocrx_word' id='word_1_341' title='bbox 1371 711 1418 742; x_wconf 77' lang='lat' dir='ltr'>Ad</span> <span class='ocrx_word' id='word_1_342' title='bbox 1434 711 1510 741; x_wconf 92' lang='lat' dir='ltr'>illud</span> <span class='ocrx_word' id='word_1_343' title='bbox 1527 710 1612 750; x_wconf 88' lang='lat' dir='ltr'>quod</span> <span class='ocrx_word' id='word_1_344' title='bbox 1633 709 1803 750; x_wconf 82' lang='lat' dir='ltr'>objicieba-</span> 
     </span>
     <span class='ocr_line' id='line_1_59' title="bbox 1033 763 1806 804; baseline -0.001 -9"><span class='ocrx_word' id='word_1_345' title='bbox 1033 769 1083 795; x_wconf 86' lang='lat' dir='ltr'>tnr</span> <span class='ocrx_word' id='word_1_346' title='bbox 1110 766 1217 803; x_wconf 85' lang='lat' dir='ltr'>tertio,</span> <span class='ocrx_word' id='word_1_347' title='bbox 1243 765 1387 794; x_wconf 84' lang='lat' dir='ltr'>similiter</span> <span class='ocrx_word' id='word_1_348' title='bbox 1414 766 1497 804; x_wconf 85' lang='lat' dir='ltr'>patet</span> <span class='ocrx_word' id='word_1_349' title='bbox 1520 763 1700 803; x_wconf 86' lang='lat' dir='ltr'>responsio,</span> <span class='ocrx_word' id='word_1_350' title='bbox 1731 763 1806 803; x_wconf 88' lang='lat' dir='ltr'>quia</span> 
     </span>
     <span class='ocr_line' id='line_1_60' title="bbox 1033 817 1805 857; baseline -0.001 -9"><span class='ocrx_word' id='word_1_351' title='bbox 1033 828 1143 849; x_wconf 80' lang='lat' dir='ltr'>onmes</span> <span class='ocrx_word' id='word_1_352' title='bbox 1157 819 1293 848; x_wconf 80' lang='lat' dir='ltr'>virtutes</span> <span class='ocrx_word' id='word_1_353' title='bbox 1308 818 1376 848; x_wconf 83' lang='lat' dir='ltr'>istae</span> <span class='ocrx_word' id='word_1_354' title='bbox 1390 817 1556 857; x_wconf 66' lang='lat' dir='ltr'>aequaliter</span> <span class='ocrx_word' id='word_1_355' title='bbox 1570 817 1721 848; x_wconf 83' lang='lat' dir='ltr'>dicuntur</span> <span class='ocrx_word' id='word_1_356' title='bbox 1735 825 1805 847; x_wconf 85' lang='lat' dir='ltr'>car-</span> 
     </span>
     <span class='ocr_line' id='line_1_61' title="bbox 1032 870 1804 911; baseline -0.003 -10"><span class='ocrx_word' id='word_1_357' title='bbox 1032 872 1161 909; x_wconf 75' lang='lat' dir='ltr'>dinales,</span> <span class='ocrx_word' id='word_1_358' title='bbox 1188 881 1244 910; x_wconf 85' lang='lat' dir='ltr'>pro</span> <span class='ocrx_word' id='word_1_359' title='bbox 1272 880 1309 901; x_wconf 90' lang='lat' dir='ltr'>eo</span> <span class='ocrx_word' id='word_1_360' title='bbox 1329 871 1412 911; x_wconf 87' lang='lat' dir='ltr'>quod</span> <span class='ocrx_word' id='word_1_361' title='bbox 1434 871 1503 901; x_wconf 80' lang='lat' dir='ltr'>istae</span> <span class='ocrx_word' id='word_1_362' title='bbox 1524 880 1634 901; x_wconf 91' lang='lat' dir='ltr'>omnes</span> <span class='ocrx_word' id='word_1_363' title='bbox 1655 870 1804 908; x_wconf 83' lang='lat' dir='ltr'>rationes,</span> 
     </span>
     <span class='ocr_line' id='line_1_62' title="bbox 1033 923 1808 964; baseline -0.001 -10"><span class='ocrx_word' id='word_1_364' title='bbox 1033 934 1128 963; x_wconf 84' lang='lat' dir='ltr'>penes</span> <span class='ocrx_word' id='word_1_365' title='bbox 1148 934 1227 964; x_wconf 84' lang='lat' dir='ltr'>quas</span> <span class='ocrx_word' id='word_1_366' title='bbox 1246 924 1456 964; x_wconf 85' lang='lat' dir='ltr'>accipiuntur,</span> <span class='ocrx_word' id='word_1_367' title='bbox 1473 923 1638 963; x_wconf 65' lang='lat' dir='ltr'>aequaliter</span> <span class='ocrx_word' id='word_1_368' title='bbox 1655 926 1730 954; x_wconf 87' lang='lat' dir='ltr'>sunt.</span> <span class='ocrx_word' id='word_1_369' title='bbox 1751 932 1808 953; x_wconf 86' lang='lat' dir='ltr'>ne-</span> 
     </span>
     <span class='ocr_line' id='line_1_63' title="bbox 1033 977 1806 1016; baseline -0.003 -6"><span class='ocrx_word' id='word_1_370' title='bbox 1033 979 1175 1010; x_wconf 66' lang='lat' dir='ltr'>cessariae</span> <span class='ocrx_word' id='word_1_371' title='bbox 1195 980 1234 1010; x_wconf 82' lang='lat' dir='ltr'>ad</span> <span class='ocrx_word' id='word_1_372' title='bbox 1253 979 1416 1016; x_wconf 80' lang='lat' dir='ltr'>virtutem,</span> <span class='ocrx_word' id='word_1_373' title='bbox 1435 978 1580 1009; x_wconf 83' lang='lat' dir='ltr'>videlicet</span> <span class='ocrx_word' id='word_1_374' title='bbox 1601 979 1681 1009; x_wconf 86' lang='lat' dir='ltr'>ratio</span> <span class='ocrx_word' id='word_1_375' title='bbox 1702 977 1806 1016; x_wconf 88' lang='lat' dir='ltr'>ardui,</span> 
     </span>
     <span class='ocr_line' id='line_1_64' title="bbox 1033 1031 1805 1071; baseline -0.001 -9"><span class='ocrx_word' id='word_1_376' title='bbox 1033 1035 1063 1062; x_wconf 88' lang='lat' dir='ltr'>et</span> <span class='ocrx_word' id='word_1_377' title='bbox 1081 1032 1217 1071; x_wconf 79' lang='lat' dir='ltr'>honesti,</span> <span class='ocrx_word' id='word_1_378' title='bbox 1241 1035 1271 1063; x_wconf 87' lang='lat' dir='ltr'>et</span> <span class='ocrx_word' id='word_1_379' title='bbox 1291 1032 1397 1070; x_wconf 84' lang='lat' dir='ltr'>debiti,</span> <span class='ocrx_word' id='word_1_380' title='bbox 1420 1032 1485 1063; x_wconf 91' lang='lat' dir='ltr'>sive</span> <span class='ocrx_word' id='word_1_381' title='bbox 1505 1031 1642 1071; x_wconf 83' lang='lat' dir='ltr'>pulchri,</span> <span class='ocrx_word' id='word_1_382' title='bbox 1662 1033 1694 1062; x_wconf 86' lang='lat' dir='ltr'>et</span> <span class='ocrx_word' id='word_1_383' title='bbox 1710 1031 1805 1071; x_wconf 86' lang='lat' dir='ltr'>eligi-</span> 
     </span>
     <span class='ocr_line' id='line_1_65' title="bbox 1033 1085 1114 1115; baseline -0.012 0"><span class='ocrx_word' id='word_1_384' title='bbox 1033 1085 1114 1115; x_wconf 85' lang='lat' dir='ltr'>bilis.</span> 
     </span>
     <span class='ocr_line' id='line_1_66' title="bbox 1350 1160 1489 1182; baseline -0.007 0"><span class='ocrx_word' id='word_1_385' title='bbox 1350 1161 1421 1182; x_wconf 75' lang='lat' dir='ltr'>non.</span> <span class='ocrx_word' id='word_1_386' title='bbox 1444 1160 1489 1181; x_wconf 84' lang='lat' dir='ltr'>Vl.</span> 
     </span>
    </p>
   </div>
   <div class='ocr_carea' id='block_1_6' title="bbox 1170 1223 1682 1255">
    <p class='ocr_par' dir='ltr' id='par_1_7' title="bbox 1170 1223 1682 1255">
     <span class='ocr_line' id='line_1_67' title="bbox 1170 1223 1682 1255; baseline -0.004 -6"><span class='ocrx_word' id='word_1_387' title='bbox 1170 1225 1321 1249; x_wconf 82' lang='lat' dir='ltr'>immortalis</span> <span class='ocrx_word' id='word_1_388' title='bbox 1337 1227 1375 1249; x_wconf 83' lang='lat' dir='ltr'>est</span> <span class='ocrx_word' id='word_1_389' title='bbox 1389 1224 1494 1248; x_wconf 83' lang='lat' dir='ltr'>omnino</span> <span class='ocrx_word' id='word_1_390' title='bbox 1506 1223 1620 1255; x_wconf 81' lang='lat' dir='ltr'>justitia,</span> <span class='ocrx_word' id='word_1_391' title='bbox 1634 1226 1682 1247; x_wconf 82' lang='lat' dir='ltr'>etc.</span> 
     </span>
    </p>
   </div>
   <div class='ocr_carea' id='block_1_7' title="bbox 1033 1300 1812 2567">
    <p class='ocr_par' dir='ltr' id='par_1_8' title="bbox 1033 1300 1808 1875">
     <span class='ocr_line' id='line_1_68' title="bbox 1075 1300 1808 1341; baseline -0.007 -6"><span class='ocrx_word' id='word_1_392' title='bbox 1075 1304 1181 1335; x_wconf 86' lang='lat' dir='ltr'>lnnuit</span> <span class='ocrx_word' id='word_1_393' title='bbox 1202 1304 1253 1334; x_wconf 87' lang='lat' dir='ltr'>hic</span> <span class='ocrx_word' id='word_1_394' title='bbox 1282 1303 1432 1339; x_wconf 74' lang='lat' dir='ltr'>Magister</span> <span class='ocrx_word' id='word_1_395' title='bbox 1452 1301 1535 1341; x_wconf 87' lang='lat' dir='ltr'>quod</span> <span class='ocrx_word' id='word_1_396' title='bbox 1553 1300 1676 1341; x_wconf 81' lang='lat' dir='ltr'>justitia</span> <span class='ocrx_word' id='word_1_397' title='bbox 1698 1301 1731 1331; x_wconf 85' lang='lat' dir='ltr'>in</span> <span class='ocrx_word' id='word_1_398' title='bbox 1757 1301 1808 1331; x_wconf 79' lang='lat' dir='ltr'>su-</span> 
     </span>
     <span class='ocr_line' id='line_1_69' title="bbox 1033 1355 1806 1390; baseline -0.005 -1"><span class='ocrx_word' id='word_1_399' title='bbox 1033 1362 1104 1389; x_wconf 87' lang='lat' dir='ltr'>tura</span> <span class='ocrx_word' id='word_1_400' title='bbox 1125 1357 1317 1388; x_wconf 81' lang='lat' dir='ltr'>beatitudine</span> <span class='ocrx_word' id='word_1_401' title='bbox 1340 1366 1403 1386; x_wconf 90' lang='lat' dir='ltr'>non</span> <span class='ocrx_word' id='word_1_402' title='bbox 1425 1356 1556 1390; x_wconf 85' lang='lat' dir='ltr'>desinet,</span> <span class='ocrx_word' id='word_1_403' title='bbox 1572 1364 1631 1385; x_wconf 85' lang='lat' dir='ltr'>nec</span> <span class='ocrx_word' id='word_1_404' title='bbox 1652 1355 1722 1385; x_wconf 83' lang='lat' dir='ltr'>aliae</span> <span class='ocrx_word' id='word_1_405' title='bbox 1743 1358 1806 1385; x_wconf 88' lang='lat' dir='ltr'>tres</span> 
     </span>
     <span class='ocr_line' id='line_1_70' title="bbox 1035 1408 1807 1449; baseline -0.006 -7"><span class='ocrx_word' id='word_1_406' title='bbox 1035 1412 1177 1448; x_wconf 85' lang='lat' dir='ltr'>virtutes,</span> <span class='ocrx_word' id='word_1_407' title='bbox 1215 1410 1359 1441; x_wconf 82' lang='lat' dir='ltr'>videlieet</span> <span class='ocrx_word' id='word_1_408' title='bbox 1390 1408 1569 1449; x_wconf 84' lang='lat' dir='ltr'>prudentia,</span> <span class='ocrx_word' id='word_1_409' title='bbox 1599 1408 1748 1443; x_wconf 77' lang='lat' dir='ltr'>fortitudo</span> <span class='ocrx_word' id='word_1_410' title='bbox 1776 1409 1807 1438; x_wconf 87' lang='lat' dir='ltr'>et</span> 
     </span>
     <span class='ocr_line' id='line_1_71' title="bbox 1034 1460 1805 1504; baseline -0.004 -9"><span class='ocrx_word' id='word_1_411' title='bbox 1034 1464 1260 1504; x_wconf 81' lang='lat' dir='ltr'>temperantia3</span> <span class='ocrx_word' id='word_1_412' title='bbox 1288 1467 1318 1493; x_wconf 79' lang='lat' dir='ltr'>et</span> <span class='ocrx_word' id='word_1_413' title='bbox 1342 1462 1498 1502; x_wconf 63' lang='lat' dir='ltr'>quaeritur</span> <span class='ocrx_word' id='word_1_414' title='bbox 1526 1461 1605 1491; x_wconf 87' lang='lat' dir='ltr'>ratio</span> <span class='ocrx_word' id='word_1_415' title='bbox 1631 1461 1741 1500; x_wconf 81' lang='lat' dir='ltr'>hujus,</span> <span class='ocrx_word' id='word_1_416' title='bbox 1766 1460 1805 1492; x_wconf 86' lang='lat' dir='ltr'>de</span> 
     </span>
     <span class='ocr_line' id='line_1_72' title="bbox 1034 1513 1804 1555; baseline -0.006 -7"><span class='ocrx_word' id='word_1_417' title='bbox 1034 1519 1143 1548; x_wconf 84' lang='lat' dir='ltr'>ordine</span> <span class='ocrx_word' id='word_1_418' title='bbox 1162 1518 1294 1547; x_wconf 79' lang='lat' dir='ltr'>istarum</span> <span class='ocrx_word' id='word_1_419' title='bbox 1309 1518 1446 1555; x_wconf 86' lang='lat' dir='ltr'>quatuor</span> <span class='ocrx_word' id='word_1_420' title='bbox 1463 1515 1631 1551; x_wconf 87' lang='lat' dir='ltr'>virtutum,</span> <span class='ocrx_word' id='word_1_421' title='bbox 1647 1514 1722 1553; x_wconf 86' lang='lat' dir='ltr'>quia</span> <span class='ocrx_word' id='word_1_422' title='bbox 1738 1513 1804 1544; x_wconf 84' lang='lat' dir='ltr'>Ma-</span> 
     </span>
     <span class='ocr_line' id='line_1_73' title="bbox 1034 1567 1806 1610; baseline -0.005 -9"><span class='ocrx_word' id='word_1_423' title='bbox 1034 1572 1131 1610; x_wconf 76' lang='lat' dir='ltr'>gister</span> <span class='ocrx_word' id='word_1_424' title='bbox 1160 1579 1284 1609; x_wconf 86' lang='lat' dir='ltr'>semper</span> <span class='ocrx_word' id='word_1_425' title='bbox 1311 1569 1362 1599; x_wconf 83' lang='lat' dir='ltr'>hic</span> <span class='ocrx_word' id='word_1_426' title='bbox 1390 1568 1552 1608; x_wconf 77' lang='lat' dir='ltr'>praemittit</span> <span class='ocrx_word' id='word_1_427' title='bbox 1575 1567 1747 1607; x_wconf 74' lang='lat' dir='ltr'>Justitiam,</span> <span class='ocrx_word' id='word_1_428' title='bbox 1775 1570 1806 1598; x_wconf 87' lang='lat' dir='ltr'>et</span> 
     </span>
     <span class='ocr_line' id='line_1_74' title="bbox 1034 1620 1805 1663; baseline -0.005 -9"><span class='ocrx_word' id='word_1_429' title='bbox 1034 1624 1172 1655; x_wconf 71' lang='lat' dir='ltr'>seeundo</span> <span class='ocrx_word' id='word_1_430' title='bbox 1183 1623 1353 1663; x_wconf 82' lang='lat' dir='ltr'>subjungit</span> <span class='ocrx_word' id='word_1_431' title='bbox 1368 1621 1582 1661; x_wconf 85' lang='lat' dir='ltr'>prudentiam,</span> <span class='ocrx_word' id='word_1_432' title='bbox 1595 1623 1625 1650; x_wconf 88' lang='lat' dir='ltr'>et</span> <span class='ocrx_word' id='word_1_433' title='bbox 1640 1621 1732 1651; x_wconf 87' lang='lat' dir='ltr'>tertio</span> <span class='ocrx_word' id='word_1_434' title='bbox 1741 1620 1805 1651; x_wconf 86' lang='lat' dir='ltr'>for-</span> 
     </span>
     <span class='ocr_line' id='line_1_75' title="bbox 1035 1672 1808 1715; baseline -0.008 -7"><span class='ocrx_word' id='word_1_435' title='bbox 1035 1678 1213 1715; x_wconf 80' lang='lat' dir='ltr'>titudinem,</span> <span class='ocrx_word' id='word_1_436' title='bbox 1239 1679 1269 1707; x_wconf 83' lang='lat' dir='ltr'>et</span> <span class='ocrx_word' id='word_1_437' title='bbox 1292 1678 1406 1715; x_wconf 85' lang='lat' dir='ltr'>quarto</span> <span class='ocrx_word' id='word_1_438' title='bbox 1428 1673 1680 1713; x_wconf 83' lang='lat' dir='ltr'>temperantiam.</span> <span class='ocrx_word' id='word_1_439' title='bbox 1700 1672 1760 1703; x_wconf 85' lang='lat' dir='ltr'>Sed</span> <span class='ocrx_word' id='word_1_440' title='bbox 1775 1673 1808 1703; x_wconf 90' lang='lat' dir='ltr'>in</span> 
     </span>
     <span class='ocr_line' id='line_1_76' title="bbox 1036 1727 1807 1769; baseline -0.008 -6"><span class='ocrx_word' id='word_1_441' title='bbox 1036 1732 1231 1762; x_wconf 54' lang='lat' dir='ltr'>‹aantrariuui</span> <span class='ocrx_word' id='word_1_442' title='bbox 1257 1731 1357 1769; x_wconf 83' lang='lat' dir='ltr'>hujus</span> <span class='ocrx_word' id='word_1_443' title='bbox 1376 1732 1421 1760; x_wconf 87' lang='lat' dir='ltr'>est</span> <span class='ocrx_word' id='word_1_444' title='bbox 1444 1729 1527 1768; x_wconf 87' lang='lat' dir='ltr'>quod</span> <span class='ocrx_word' id='word_1_445' title='bbox 1545 1727 1756 1767; x_wconf 85' lang='lat' dir='ltr'>Philosophus</span> <span class='ocrx_word' id='word_1_446' title='bbox 1774 1728 1807 1757; x_wconf 89' lang='lat' dir='ltr'>in</span> 
     </span>
     <span class='ocr_line' id='line_1_77' title="bbox 1035 1780 1806 1825; baseline -0.005 -11"><span class='ocrx_word' id='word_1_447' title='bbox 1035 1785 1256 1825; x_wconf 63' lang='lat' dir='ltr'>prosecutione</span> <span class='ocrx_word' id='word_1_448' title='bbox 1277 1784 1392 1814; x_wconf 86' lang='lat' dir='ltr'>harum</span> <span class='ocrx_word' id='word_1_449' title='bbox 1418 1783 1575 1812; x_wconf 87' lang='lat' dir='ltr'>virtutum</span> <span class='ocrx_word' id='word_1_450' title='bbox 1598 1781 1700 1820; x_wconf 85' lang='lat' dir='ltr'>primo</span> <span class='ocrx_word' id='word_1_451' title='bbox 1724 1780 1806 1811; x_wconf 87' lang='lat' dir='ltr'>ordi-</span> 
     </span>
     <span class='ocr_line' id='line_1_78' title="bbox 1036 1835 1803 1875; baseline -0.008 -5"><span class='ocrx_word' id='word_1_452' title='bbox 1036 1843 1089 1870; x_wconf 83' lang='lat' dir='ltr'>nat</span> <span class='ocrx_word' id='word_1_453' title='bbox 1104 1840 1333 1874; x_wconf 80' lang='lat' dir='ltr'>sortitmlinem,</span> <span class='ocrx_word' id='word_1_454' title='bbox 1349 1840 1378 1868; x_wconf 87' lang='lat' dir='ltr'>et</span> <span class='ocrx_word' id='word_1_455' title='bbox 1393 1837 1530 1868; x_wconf 82' lang='lat' dir='ltr'>seeundo</span> <span class='ocrx_word' id='word_1_456' title='bbox 1550 1835 1803 1875; x_wconf 80' lang='lat' dir='ltr'>temperantiam.</span> 
     </span>
    </p>

    <p class='ocr_par' dir='ltr' id='par_1_9' title="bbox 1036 1888 1807 2133">
     <span class='ocr_line' id='line_1_79' title="bbox 1077 1888 1805 1930; baseline -0.008 -8"><span class='ocrx_word' id='word_1_457' title='bbox 1077 1893 1153 1923; x_wconf 84' lang='lat' dir='ltr'>Item</span> <span class='ocrx_word' id='word_1_458' title='bbox 1168 1892 1294 1922; x_wconf 86' lang='lat' dir='ltr'>videtur</span> <span class='ocrx_word' id='word_1_459' title='bbox 1307 1891 1392 1930; x_wconf 87' lang='lat' dir='ltr'>quod</span> <span class='ocrx_word' id='word_1_460' title='bbox 1406 1889 1573 1929; x_wconf 83' lang='lat' dir='ltr'>prudentia</span> <span class='ocrx_word' id='word_1_461' title='bbox 1590 1888 1716 1918; x_wconf 88' lang='lat' dir='ltr'>deberet</span> <span class='ocrx_word' id='word_1_462' title='bbox 1736 1896 1805 1917; x_wconf 89' lang='lat' dir='ltr'>om-</span> 
     </span>
     <span class='ocr_line' id='line_1_80' title="bbox 1036 1940 1804 1985; baseline -0.008 -9"><span class='ocrx_word' id='word_1_463' title='bbox 1036 1946 1130 1976; x_wconf 86' lang='lat' dir='ltr'>nibus</span> <span class='ocrx_word' id='word_1_464' title='bbox 1140 1946 1208 1975; x_wconf 85' lang='lat' dir='ltr'>aliis</span> <span class='ocrx_word' id='word_1_465' title='bbox 1218 1944 1378 1985; x_wconf 66' lang='lat' dir='ltr'>praemitti,</span> <span class='ocrx_word' id='word_1_466' title='bbox 1387 1943 1463 1982; x_wconf 84' lang='lat' dir='ltr'>quia</span> <span class='ocrx_word' id='word_1_467' title='bbox 1474 1941 1608 1972; x_wconf 85' lang='lat' dir='ltr'>ostendit</span> <span class='ocrx_word' id='word_1_468' title='bbox 1618 1941 1704 1971; x_wconf 85' lang='lat' dir='ltr'>viam</span> <span class='ocrx_word' id='word_1_469' title='bbox 1715 1940 1804 1971; x_wconf 81' lang='lat' dir='ltr'>aliis:</span> 
     </span>
     <span class='ocr_line' id='line_1_81' title="bbox 1036 1993 1807 2037; baseline -0.008 -8"><span class='ocrx_word' id='word_1_470' title='bbox 1036 2008 1115 2037; x_wconf 79' lang='lat' dir='ltr'>crgo</span> <span class='ocrx_word' id='word_1_471' title='bbox 1132 1998 1212 2028; x_wconf 87' lang='lat' dir='ltr'>sicut</span> <span class='ocrx_word' id='word_1_472' title='bbox 1226 1997 1384 2037; x_wconf 81' lang='lat' dir='ltr'>palpebrae</span> <span class='ocrx_word' id='word_1_473' title='bbox 1398 1996 1513 2026; x_wconf 88' lang='lat' dir='ltr'>debent</span> <span class='ocrx_word' id='word_1_474' title='bbox 1525 1993 1703 2034; x_wconf 76' lang='lat' dir='ltr'>praecedere</span> <span class='ocrx_word' id='word_1_475' title='bbox 1719 2001 1807 2032; x_wconf 83' lang='lat' dir='ltr'>gres-</span> 
     </span>
     <span class='ocr_line' id='line_1_82' title="bbox 1036 2045 1807 2088; baseline -0.005 -8"><span class='ocrx_word' id='word_1_476' title='bbox 1036 2060 1100 2087; x_wconf 84' lang='lat' dir='ltr'>sus,</span> <span class='ocrx_word' id='word_1_477' title='bbox 1118 2051 1162 2080; x_wconf 81' lang='lat' dir='ltr'>sie</span> <span class='ocrx_word' id='word_1_478' title='bbox 1185 2051 1311 2081; x_wconf 87' lang='lat' dir='ltr'>videtur</span> <span class='ocrx_word' id='word_1_479' title='bbox 1334 2048 1418 2088; x_wconf 86' lang='lat' dir='ltr'>quod</span> <span class='ocrx_word' id='word_1_480' title='bbox 1442 2047 1610 2087; x_wconf 87' lang='lat' dir='ltr'>prudentia</span> <span class='ocrx_word' id='word_1_481' title='bbox 1633 2045 1807 2077; x_wconf 85' lang='lat' dir='ltr'>ordinanda</span> 
     </span>
     <span class='ocr_line' id='line_1_83' title="bbox 1037 2103 1274 2133; baseline -0.004 0"><span class='ocrx_word' id='word_1_482' title='bbox 1037 2106 1083 2133; x_wconf 90' lang='lat' dir='ltr'>est</span> <span class='ocrx_word' id='word_1_483' title='bbox 1099 2105 1171 2133; x_wconf 82' lang='lat' dir='ltr'>ante</span> <span class='ocrx_word' id='word_1_484' title='bbox 1187 2103 1274 2133; x_wconf 81' lang='lat' dir='ltr'>alias.</span> 
     </span>
    </p>

    <p class='ocr_par' dir='ltr' id='par_1_10' title="bbox 1038 2152 1809 2355">
     <span class='ocr_line' id='line_1_84' title="bbox 1078 2152 1808 2194; baseline -0.005 -8"><span class='ocrx_word' id='word_1_485' title='bbox 1078 2156 1155 2186; x_wconf 88' lang='lat' dir='ltr'>Item</span> <span class='ocrx_word' id='word_1_486' title='bbox 1180 2154 1383 2194; x_wconf 67' lang='lat' dir='ltr'>praemittitur</span> <span class='ocrx_word' id='word_1_487' title='bbox 1398 2152 1603 2190; x_wconf 86' lang='lat' dir='ltr'>continentia,</span> <span class='ocrx_word' id='word_1_488' title='bbox 1623 2154 1654 2183; x_wconf 85' lang='lat' dir='ltr'>et</span> <span class='ocrx_word' id='word_1_489' title='bbox 1669 2152 1808 2191; x_wconf 83' lang='lat' dir='ltr'>subjun-</span> 
     </span>
     <span class='ocr_line' id='line_1_85' title="bbox 1039 2205 1809 2248; baseline -0.006 -8"><span class='ocrx_word' id='word_1_490' title='bbox 1039 2210 1128 2247; x_wconf 71' lang='lat' dir='ltr'>gitur</span> <span class='ocrx_word' id='word_1_491' title='bbox 1148 2208 1326 2248; x_wconf 77' lang='lat' dir='ltr'>prudentia,</span> <span class='ocrx_word' id='word_1_492' title='bbox 1349 2210 1378 2237; x_wconf 87' lang='lat' dir='ltr'>et</span> <span class='ocrx_word' id='word_1_493' title='bbox 1395 2206 1486 2236; x_wconf 79' lang='lat' dir='ltr'>tertio</span> <span class='ocrx_word' id='word_1_494' title='bbox 1498 2205 1632 2245; x_wconf 73' lang='lat' dir='ltr'>Justitia,</span> <span class='ocrx_word' id='word_1_495' title='bbox 1649 2207 1680 2235; x_wconf 85' lang='lat' dir='ltr'>et</span> <span class='ocrx_word' id='word_1_496' title='bbox 1694 2207 1809 2244; x_wconf 86' lang='lat' dir='ltr'>quarto</span> 
     </span>
     <span class='ocr_line' id='line_1_86' title="bbox 1038 2257 1808 2296; baseline -0.004 -3"><span class='ocrx_word' id='word_1_497' title='bbox 1038 2262 1198 2292; x_wconf 83' lang='lat' dir='ltr'>fortitudo.</span> <span class='ocrx_word' id='word_1_498' title='bbox 1214 2261 1266 2291; x_wconf 85' lang='lat' dir='ltr'>Ait</span> <span class='ocrx_word' id='word_1_499' title='bbox 1285 2261 1370 2290; x_wconf 78' lang='lat' dir='ltr'>enim</span> <span class='ocrx_word' id='word_1_500' title='bbox 1383 2260 1426 2289; x_wconf 82' lang='lat' dir='ltr'>sic</span> <span class='ocrx_word' id='word_1_501' title='bbox 1441 2262 1450 2277; x_wconf 73' lang='lat'>²</span> <span class='ocrx_word' id='word_1_502' title='bbox 1468 2270 1474 2289; x_wconf 76' lang='lat' dir='ltr'>t</span> <span class='ocrx_word' id='word_1_503' title='bbox 1491 2258 1696 2290; x_wconf 80' lang='lat' dir='ltr'>Sobrietalem</span> <span class='ocrx_word' id='word_1_504' title='bbox 1708 2257 1808 2296; x_wconf 80' lang='lat' dir='ltr'>docet,</span> 
     </span>
     <span class='ocr_line' id='line_1_87' title="bbox 1039 2313 1748 2355; baseline -0.008 -7"><span class='ocrx_word' id='word_1_505' title='bbox 1039 2320 1067 2348; x_wconf 80' lang='lat' dir='ltr'>cc</span> <span class='ocrx_word' id='word_1_506' title='bbox 1083 2316 1289 2355; x_wconf 74' lang='lat' dir='ltr'>sapientium,</span> <span class='ocrx_word' id='word_1_507' title='bbox 1311 2318 1339 2346; x_wconf 80' lang='lat' dir='ltr'>ec</span> <span class='ocrx_word' id='word_1_508' title='bbox 1353 2313 1530 2353; x_wconf 55' lang='lat' dir='ltr'>gius-liliam,</span> <span class='ocrx_word' id='word_1_509' title='bbox 1546 2316 1574 2344; x_wconf 78' lang='lat' dir='ltr'>et</span> <span class='ocrx_word' id='word_1_510' title='bbox 1589 2313 1748 2344; x_wconf 76' lang='lat' dir='ltr'>virtutem.</span> 
     </span>
    </p>

    <p class='ocr_par' dir='ltr' id='par_1_11' title="bbox 1040 2365 1812 2567">
     <span class='ocr_line' id='line_1_88' title="bbox 1079 2365 1810 2408; baseline -0.007 -9"><span class='ocrx_word' id='word_1_511' title='bbox 1079 2369 1171 2408; x_wconf 70' lang='lat' dir='ltr'>llesp.</span> <span class='ocrx_word' id='word_1_512' title='bbox 1198 2368 1370 2399; x_wconf 84' lang='lat' dir='ltr'>Dicendum</span> <span class='ocrx_word' id='word_1_513' title='bbox 1392 2366 1477 2405; x_wconf 79' lang='lat' dir='ltr'>quod</span> <span class='ocrx_word' id='word_1_514' title='bbox 1494 2365 1563 2396; x_wconf 76' lang='lat' dir='ltr'>istae</span> <span class='ocrx_word' id='word_1_515' title='bbox 1584 2365 1718 2396; x_wconf 84' lang='lat' dir='ltr'>virtutes</span> <span class='ocrx_word' id='word_1_516' title='bbox 1737 2373 1810 2404; x_wconf 83' lang='lat' dir='ltr'>pos·</span> 
     </span>
     <span class='ocr_line' id='line_1_89' title="bbox 1040 2416 1810 2461; baseline -0.008 -9"><span class='ocrx_word' id='word_1_517' title='bbox 1040 2424 1113 2452; x_wconf 86' lang='lat' dir='ltr'>sunt</span> <span class='ocrx_word' id='word_1_518' title='bbox 1135 2420 1384 2461; x_wconf 80' lang='lat' dir='ltr'>quadrupliciter</span> <span class='ocrx_word' id='word_1_519' title='bbox 1405 2418 1607 2456; x_wconf 83' lang='lat' dir='ltr'>considerari,</span> <span class='ocrx_word' id='word_1_520' title='bbox 1634 2416 1810 2448; x_wconf 88' lang='lat' dir='ltr'>secundum</span> 
     </span>
     <span class='ocr_line' id='line_1_90' title="bbox 1040 2470 1812 2514; baseline -0.004 -9"><span class='ocrx_word' id='word_1_521' title='bbox 1040 2474 1123 2514; x_wconf 79' lang='lat' dir='ltr'>quod</span> <span class='ocrx_word' id='word_1_522' title='bbox 1148 2476 1286 2514; x_wconf 80' lang='lat' dir='ltr'>quatuor</span> <span class='ocrx_word' id='word_1_523' title='bbox 1306 2475 1392 2509; x_wconf 81' lang='lat' dir='ltr'>sunt,</span> <span class='ocrx_word' id='word_1_524' title='bbox 1416 2474 1447 2502; x_wconf 85' lang='lat' dir='ltr'>et</span> <span class='ocrx_word' id='word_1_525' title='bbox 1473 2472 1649 2502; x_wconf 85' lang='lat' dir='ltr'>secundum</span> <span class='ocrx_word' id='word_1_526' title='bbox 1672 2470 1812 2511; x_wconf 79' lang='lat' dir='ltr'>quadru-</span> 
     </span>
     <span class='ocr_line' id='line_1_91' title="bbox 1042 2523 1812 2567; baseline -0.005 -10"><span class='ocrx_word' id='word_1_527' title='bbox 1042 2527 1153 2567; x_wconf 87' lang='lat' dir='ltr'>plicem</span> <span class='ocrx_word' id='word_1_528' title='bbox 1168 2526 1450 2557; x_wconf 81' lang='lat' dir='ltr'>considerationem</span> <span class='ocrx_word' id='word_1_529' title='bbox 1463 2525 1615 2564; x_wconf 78' lang='lat' dir='ltr'>quaelibet</span> <span class='ocrx_word' id='word_1_530' title='bbox 1627 2523 1731 2563; x_wconf 87' lang='lat' dir='ltr'>primo</span> <span class='ocrx_word' id='word_1_531' title='bbox 1744 2523 1812 2554; x_wconf 88' lang='lat' dir='ltr'>loco</span> 
     </span>
    </p>
   </div>
   <div class='ocr_carea' id='block_1_8' title="bbox 1044 2603 1814 2672">
    <p class='ocr_par' dir='ltr' id='par_1_12' title="bbox 1044 2603 1814 2672">
     <span class='ocr_line' id='line_1_92' title="bbox 1073 2603 1814 2633; baseline -0.005 -2"><span class='ocrx_word' id='word_1_532' title='bbox 1073 2607 1080 2623; x_wconf 92' lang='lat'><strong>¹</strong></span> <span class='ocrx_word' id='word_1_533' title='bbox 1104 2607 1183 2633; x_wconf 73' lang='grc' dir='ltr'>Πόλις.</span> <span class='ocrx_word' id='word_1_534' title='bbox 1199 2619 1224 2622; x_wconf 96' lang='grc'>-</span> <span class='ocrx_word' id='word_1_535' title='bbox 1244 2606 1254 2621; x_wconf 77' lang='lat'>¹</span> <span class='ocrx_word' id='word_1_536' title='bbox 1268 2605 1371 2629; x_wconf 69' lang='lat' dir='ltr'>Mami..</span> <span class='ocrx_word' id='word_1_537' title='bbox 1389 2610 1442 2632; x_wconf 63' lang='lat' dir='ltr'>mx,</span> <span class='ocrx_word' id='word_1_538' title='bbox 1461 2606 1497 2628; x_wconf 81' lang='grc' dir='ltr'>Π.</span> <span class='ocrx_word' id='word_1_539' title='bbox 1516 2603 1565 2622; x_wconf 75' lang='lat'>...⁸</span> <span class='ocrx_word' id='word_1_540' title='bbox 1579 2605 1645 2633; x_wconf 64' lang='lat' dir='ltr'>AcL,</span> <span class='ocrx_word' id='word_1_541' title='bbox 1665 2608 1719 2633; x_wconf 80' lang='lat' dir='ltr'>11V,</span> <span class='ocrx_word' id='word_1_542' title='bbox 1732 2603 1814 2627; x_wconf 83' lang='lat'>2¹.-</span> 
     </span>
     <span class='ocr_line' id='line_1_93' title="bbox 1044 2641 1233 2672; baseline -0.011 -6"><span class='ocrx_word' id='word_1_543' title='bbox 1044 2641 1052 2656; x_wconf 83' lang='lat'>¹·</span> <span class='ocrx_word' id='word_1_544' title='bbox 1063 2643 1198 2672; x_wconf 72' lang='lat' dir='ltr'>Sap.,v1n,</span> <span class='ocrx_word' id='word_1_545' title='bbox 1211 2642 1233 2664; x_wconf 74' lang='grc' dir='ltr'>Ἰ.</span> 
     </span>
    </p>
   </div>
   <div class='ocr_carea' id='block_1_9' title="bbox 1822 1313 1928 1520">
    <p class='ocr_par' dir='ltr' id='par_1_13' title="bbox 1822 1313 1928 1520">
     <span class='ocr_line' id='line_1_94' title="bbox 1835 1313 1915 1337; baseline 0 -4"><span class='ocrx_word' id='word_1_546' title='bbox 1835 1313 1915 1337; x_wconf 67' lang='lat' dir='ltr'>Quaesi-</span> 
     </span>
     <span class='ocr_line' id='line_1_95' title="bbox 1822 1347 1927 1364; baseline -0.01 0"><span class='ocrx_word' id='word_1_547' title='bbox 1822 1347 1865 1364; x_wconf 74' lang='lat' dir='ltr'>tum</span> <span class='ocrx_word' id='word_1_548' title='bbox 1882 1350 1927 1364; x_wconf 80' lang='lat' dir='ltr'>sex-</span> 
     </span>
     <span class='ocr_line' id='line_1_96' title="bbox 1830 1375 1911 1394; baseline 0 0"><span class='ocrx_word' id='word_1_549' title='bbox 1830 1378 1874 1394; x_wconf 85' lang='lat' dir='ltr'>tum</span> <span class='ocrx_word' id='word_1_550' title='bbox 1885 1375 1911 1394; x_wconf 78' lang='lat' dir='ltr'>de</span> 
     </span>
     <span class='ocr_line' id='line_1_97' title="bbox 1836 1405 1912 1425; baseline 0 0"><span class='ocrx_word' id='word_1_551' title='bbox 1836 1405 1912 1425; x_wconf 82' lang='lat' dir='ltr'>ordine</span> 
     </span>
     <span class='ocr_line' id='line_1_98' title="bbox 1823 1436 1927 1456; baseline 0 -1"><span class='ocrx_word' id='word_1_552' title='bbox 1823 1436 1927 1456; x_wconf 74' lang='lat' dir='ltr'>vii-:utum</span> 
     </span>
     <span class='ocr_line' id='line_1_99' title="bbox 1831 1469 1928 1489; baseline -0.01 0"><span class='ocrx_word' id='word_1_553' title='bbox 1831 1469 1928 1489; x_wconf 77' lang='lat' dir='ltr'>cardina-</span> 
     </span>
     <span class='ocr_line' id='line_1_100' title="bbox 1847 1499 1906 1520; baseline 0 -1"><span class='ocrx_word' id='word_1_554' title='bbox 1847 1499 1906 1520; x_wconf 86' lang='lat' dir='ltr'>lium.</span> 
     </span>
    </p>
   </div>
  </div>
 </body>
</html>
