2017 2948
232 112 290 141 388

231 176 283 206 ille
297 175 351 215 qui
374 175 559 214 profitetur,
579 175 691 206 debeat
709 175 768 205 dici
790 174 954 213 patrinus;
971 176 1002 204 et

231 228 315 268 quod
330 228 384 266 sic,
400 228 494 259 habet
509 228 688 259 communis
702 237 790 258 115115.
806 226 866 257 Sed
883 227 914 256 in
930 236 1003 256 con-

230 282 366 313 trarium
380 282 526 321 videtur⁷
544 282 619 322 quia
646 283 737 313 Pater
759 281 875 310 dicitur
898 280 1000 310 solum

229 335 283 375 qui
308 337 439 374 generat
455 335 561 375 aliquo
584 336 677 366 modo
699 335 747 364 vvl
773 333 997 373 spiritualiter.v

228 388 278 419 vel
293 389 460 419 carnaliter
477 400 483 418 :
502 389 555 419 sed
574 389 645 418 talis
661 390 776 417 neutro
800 387 904 417 modo.
922 386 1000 416 Item

227 442 382 480 quaeritur
397 444 507 472 utrum
524 442 641 481 possint
657 450 723 471 esse
740 441 857 480 plures⁸

267 495 359 535 Resp.
386 495 557 526 Dicendum
575 496 669 534 qnod,
688 495 768 525 sicut
791 495 865 525 dicit
878 494 886 510 ¹
903 494 1000 533 llugo

225 548 264 579 de
291 551 400 579 sancto
429 548 575 586 Victore,
600 548 717 587 patrini
743 550 918 585 vocantur,
943 548 998 587 qui

225 602 377 642 parvulos
399 601 439 631 ad
459 601 654 640 baptismum
677 601 833 639 offerunt,
851 601 927 640 quia
947 610 997 632 re-

226 654 424 694 generandos
438 654 477 685 ad
499 663 615 685 novam
633 654 730 684 vitam
747 655 902 692 offerunt7
919 657 949 684 et
968 655 998 684 111

226 707 400 744 oblatione,
418 708 448 737 et
463 707 495 737 in
520 707 724 747 responsione
743 707 882 747 quodam
905 707 998 738 1110110

223 761 343 791 faciunt
358 760 397 791 ad
413 760 555 800 ipsorum
570 761 845 799 regenerationem
859 772 865 791 :
882 763 912 791 et
928 761 997 791 ideo

223 816 307 845 recte
326 813 443 853 patrini
468 813 629 845 dicuntur.
654 813 691 844 Et
708 816 775 853 post
801 814 969 853 subjungit
989 826 995 844 :

228 877 242 895 (1
253 866 374 897 Placuit
389 866 543 906 patribus,
557 869 593 897 ut
609 876 664 906 per
672 867 819 905 singulos
832 867 996 906 baptizan-

223 920 280 951 dos
300 919 417 960 patrini
438 919 557 958 singuli
583 920 846 957 admitterentur,
876 920 905 950 id
930 923 995 957 est,

224 983 308 1004 unus
321 975 446 1003 tantum
458 997 465 1010 ,
483 973 549 1003 sive
570 973 641 1010 vir,
659 973 726 1003 sive
746 973 882 1003 mulier:
902 982 996 1012 prop-

223 1029 310 1058 terea
329 1027 487 1064 fortassis,
510 1035 550 1056 ne
573 1026 745 1066 spiritualis
764 1027 929 1064 cognatio,
946 1027 996 1056 cui

224 1081 403 1111 reverentia
419 1080 561 1118 debetur,
579 1081 696 1119 passim
713 1080 829 1110 diffusa
844 1080 874 1109 iu
891 1080 996 1110 inatri-

224 1135 323 1165 monii
338 1134 451 1174 copula
466 1135 575 1164 obesse
590 1135 755 1173 potuisset.
774 1134 834 1164 Sed
849 1134 996 1173 quzedam

226 1187 374 1218 Ecclesiae
390 1187 472 1217 hanc
487 1187 751 1218 consuetudinem
767 1195 830 1216 non
846 1190 971 1217 servant
987 1211 995 1224 ‚

223 1240 333 1281 plures
348 1241 388 1272 ad
400 1241 635 1282 susceptionem
650 1241 863 1281 parvulorum
879 1240 995 1270 admit-

222 1296 334 1326 tentes,

531 1344 601 1366 DUB.
624 1343 682 1365 vn.

449 1398 513 1421 Ante
530 1397 700 1427 baptismum,
719 1398 766 1420 etc.

262 1455 370 1486 lnnuit
385 1454 549 1493 Magister,
563 1454 647 1493 quod
663 1454 861 1484 exorcismus
873 1455 910 1484 fit
926 1457 996 1494 post

223 1508 463 1539 catechismum.
492 1508 606 1538 Contra
624 1518 630 1538 :
651 1506 784 1537 Videtur
809 1507 894 1547 quod
915 1508 996 1538 male

223 1561 369 1592 ordinet:
394 1561 471 1601 quia
493 1561 690 1591 exorcismus
711 1563 756 1590 est
778 1560 817 1591 ad
840 1560 996 1599 expulsio-

222 1623 298 1644 nem
324 1614 397 1644 mali
418 1625 424 1644 :
447 1614 501 1644 sed
525 1613 736 1644 catechismus
760 1614 799 1644 ad
825 1613 997 1644 institutio-

222 1675 297 1697 nem
320 1667 394 1697 boni
411 1677 417 1697 :
436 1667 490 1697 sed
508 1667 597 1706 prius
610 1669 656 1697 cst
679 1667 799 1697 malum
819 1667 993 1706 expellere,

222 1729 321 1758 quam
333 1720 454 1750 honum
469 1720 585 1750 inferre
602 1731 608 1750 :
625 1729 704 1758 ergo
723 1721 812 1760 prius
826 1720 885 1751 fuit
901 1729 997 1761 agen-

221 1773 298 1803 dum
312 1772 350 1803 de
365 1773 558 1804 exorcismo.

263 1826 354 1866 Resp.
382 1826 553 1857 Dicendum
583 1826 668 1866 quod
695 1827 753 1857 ista
778 1827 842 1857 duo
867 1829 998 1866 possunt

222 1878 388 1918 tripliciter
399 1879 538 1910 ordinari
552 1890 559 1909 ι
575 1882 630 1910 aut
643 1879 765 1910 ratione
778 1880 848 1919 ejus
859 1880 897 1910 ad
912 1880 997 1919 quod

223 1933 315 1968 sunt,
332 1934 388 1962 aut
402 1933 523 1963 ratione
541 1933 611 1972 ejus
633 1943 651 1963 a
674 1942 737 1972 quo
753 1933 993 1972 dispensantur,

222 1987 276 2016 aut
292 1985 415 2015 ratione
437 1987 522 2025 eius,
541 1986 573 2016 in
591 1995 687 2025 quem
710 1987 807 2016 fiunt.
827 1985 859 2016 Si
874 1986 996 2017 ratione

222 2042 291 2079 eJus
313 2040 353 2070 ad
375 2040 458 2079 quod
470 2064 477 2077 ,
495 2040 555 2077 sic,
573 2040 649 2079 quia
668 2039 880 2070 catechismus
895 2041 941 2069 est
957 2039 995 2069 ad

223 2093 447 2133 perfectionem
474 2092 670 2130 intellectus,
687 2094 718 2122 et
737 2092 933 2122 exorcismus
957 2092 995 2122 ad

222 2146 255 2176 id
270 2146 355 2185 quod
378 2145 505 2184 respicit
527 2145 690 2183 affectumj
707 2145 782 2185 quia
804 2145 842 2175 ad
858 2154 995 2184 sugges-

222 2198 342 2229 tionem
378 2198 494 2229 diaboli
532 2198 758 2237 expellendam
786 2198 995 2228 catechismus

222 2252 390 2292 praecedit,
407 2254 437 2282 et
455 2251 499 2281 sic
518 2254 590 2281 ante
611 2251 825 2281 exorcismum
846 2254 892 2281 est
916 2253 996 2281 cate·

222 2305 376 2336 chismus.
403 2304 435 2335 Si
460 2304 580 2334 ratione
603 2305 672 2342 ejus
690 2313 707 2333 a
729 2313 809 2343 quo,
827 2305 902 2343 quia
916 2306 995 2334 cate-

221 2358 354 2389 chizatio
370 2360 417 2389 est
438 2358 477 2388 ab
497 2358 607 2388 ordine
627 2357 779 2387 lectorum
793 2381 802 2394 ,
826 2359 856 2387 et
876 2359 995 2389 exorci-

252 2438 260 2454 ¹
278 2438 356 2469 Hug„
379 2437 409 2461 (le
428 2438 550 2467 Sacram„
571 2436 613 2459 lib.
637 2436 665 2464 ll,
686 2443 710 2466 p.
728 2442 761 2459 vi.
782 2449 811 2453 -
826 2437 836 2452 ²
858 2437 897 2467 Cf.
922 2439 992 2462 Alex.

220 2472 315 2501 Ateus,
326 2480 352 2504 p.
367 2473 409 2503 lV,
420 2480 444 2503 q.
460 2479 514 2503 viu,
529 2472 624 2496 memb.
640 2473 723 2502 1,.πι.
740 2473 759 2497 1,
774 2472 788 2501 ξ
804 2474 832 2501 23
850 2474 874 2496 S.
892 2474 992 2505 Thoar,

219 2515 246 2539 p.
268 2509 310 2539 iu,
329 2516 354 2540 q.
377 2514 471 2538 vant,
489 2511 536 2533 art.
560 2510 600 2538 11;
619 2510 643 2531 et
664 2508 692 2531 lv
714 2509 791 2533 svnt..
811 2508 867 2532 dist.
883 2515 916 2535 vt.
933 2517 957 2540 q.
973 2517 992 2541 1,

219 2546 266 2567 art.
285 2546 305 2572 1,
319 2551 343 2574 q.
361 2550 384 2574 1;
400 2546 479 2574 Soet„
494 2544 524 2567 lV
539 2544 616 2572 Sene„
633 2543 689 2566 dist.
708 2548 742 2571 ir,
757 2550 780 2572 11.
800 2549 845 2573 1115
863 2544 990 2575 niellam„

220 2578 340 2608 1VSent.,
351 2579 451 2608 dist.vt,
460 2581 507 2603 art.
517 2580 541 2609 2,
551 2586 575 2610 q.
586 2585 604 2609 ¹3
617 2577 740 2608 Duraud.‚
753 2578 782 2601 {V
795 2577 874 2609 Sene„
883 2580 941 2604 dist.
956 2587 990 2610 v1,

788 105 1097 138 SENTENTIARUM
1118 106 1194 140 ΜΒ.
1215 107 1266 138 W.

1059 174 1140 204 zatio
1149 176 1195 205 est
1204 175 1244 205 ab
1259 174 1433 210 exoreistis,
1447 177 1477 204 et
1490 174 1645 206 lectorum
1659 177 1736 208 ordo
1747 187 1827 218 prae-

1058 227 1136 258 cedit
1150 238 1157 264 ;
1175 228 1219 258 sic
1228 230 1301 258 ante
1313 228 1528 258 exorcismum
1542 230 1589 259 est
1604 229 1826 262 catechismus.

1058 280 1089 312 Si
1106 281 1230 311 ratione
1243 283 1312 321 ejus
1328 281 1359 311 111
1375 290 1489 320 quem,
1502 281 1545 311 sic
1561 282 1729 313 dicendum
1744 284 1828 323 quod

1057 334 1182 365 adultus
1209 337 1256 365 est
1283 335 1370 374 prius
1400 344 1499 374 capax
1528 335 1679 366 doctriuae
1697 360 1704 374 ,
1731 345 1828 376 quam

1056 388 1188 426 gratiae,
1212 388 1366 427 parvulus
1390 398 1407 418 e
1429 388 1611 420 contrario:
1637 391 1668 419 et
1697 389 1766 420 ideo
1795 390 1828 421 in

1056 441 1172 471 adultis
1187 441 1335 481 praecedit
1355 441 1581 479 catechismus,
1599 441 1633 471 in
1652 442 1795 481 parvulis
1810 453 1827 474 e

1056 495 1214 524 contrario
1229 494 1426 524 exorcismus
1441 505 1448 524 ;
1466 496 1496 524 et
1511 494 1580 524 ideo
1593 494 1670 531 ordo
1685 498 1828 526 mutatus

1055 550 1102 578 est
1122 548 1297 578 secundum
1313 547 1434 586 aliquas
1456 547 1625 586 Ecclesias,
1643 557 1700 578 nec
1714 557 1826 580 serva-

1055 602 1107 631 tur
1136 600 1188 630 ille
1204 624 1214 638 ,
1245 600 1300 640 qui
1325 601 1489 630 consuevit
1516 610 1583 631 esse
1609 601 1640 631 in
1666 601 1828 640 primitiva

1055 652 1210 691 Ecclesia,
1234 654 1309 693 quia
1334 655 1411 683 tunc
1438 653 1681 693 baptizabantur
1708 654 1824 691 adulti,

1054 716 1140 737 nunc
1156 708 1263 738 autem
1280 707 1416 747 parvuli.

1290 826 1533 860 ARTICULUS
1557 827 1582 860 Ι.

1095 920 1142 951 Ad
1158 920 1403 959 intelligentiam
1418 921 1518 960 hujus
1538 921 1636 961 partis
1658 922 1718 952 tria
1735 921 1824 961 prin-

1053 973 1194 1013 cipaliter
1220 977 1410 1013 quaeruntur
1437 986 1443 1004 :
1473 975 1576 1014 primo
1604 975 1760 1014 quaeritur
1787 974 1826 1006 de

1053 1027 1222 1057 idmieitate
1245 1037 1285 1058 ex
1311 1030 1399 1067 parte
1423 1027 1570 1067 baptismi
1593 1039 1600 1066 ;
1627 1029 1766 1060 secundo
1789 1028 1827 1060 de

1052 1080 1226 1111 intentione
1249 1090 1289 1110 cx
1314 1083 1401 1119 parte
1419 1081 1626 1120 baptizanti&
1644 1082 1737 1112 'tertio
1752 1091 1827 1114 vero

1052 1134 1090 1163 de
1104 1134 1388 1164 sacramentalibus
1405 1134 1538 1164 annexis
1555 1135 1721 1174 baptismo.
1739 1135 1826 1166 Circa

1053 1188 1194 1226 primum
1216 1190 1408 1227 quaeruntur
1431 1188 1518 1218 duo:
1543 1188 1648 1228 primo
1669 1188 1826 1228 quaeritur

1053 1243 1161 1271 utrum
1179 1241 1292 1280 aliquis
1305 1241 1402 1280 possit
1417 1241 1449 1270 in
1463 1243 1554 1271 utero
1565 1242 1730 1282 baptizari,
1745 1242 1826 1273 sicut

1052 1295 1083 1323 et
1105 1293 1313 1330 sanctificari3
1333 1294 1487 1332 secundo,
1509 1296 1620 1325 utrum
1643 1295 1826 1326 sanctificati

1053 1346 1087 1376 in
1102 1348 1192 1377 utero
1208 1347 1340 1378 debeant
1360 1347 1524 1387 baptizari.

1325 1454 1504 1491 QUAESTIO
1528 1454 1550 1485 1.

1137 1536 1183 1561 An
1203 1535 1302 1569 aliquis
1319 1536 1406 1570 possit
1425 1536 1564 1571 baptizari
1583 1537 1612 1562 in
1631 1537 1704 1562 utero
1719 1535 1741 1562 ².

1093 1613 1205 1645 Utrum
1232 1614 1345 1654 aliquis
1371 1615 1466 1654 possit
1482 1615 1514 1645 in
1538 1617 1629 1646 utero
1648 1614 1823 1654 baptizari,
1841 1626 1875 1647 Ad
1894 1631 1945 1652 opp.

1052 1667 1131 1698 sicut
1149 1670 1179 1698 et
1193 1668 1381 1698 sanctificari
1394 1680 1401 1706 ;
1423 1670 1454 1698 et
1473 1668 1559 1708 quod
1587 1668 1702 1708 aliquis
1729 1669 1825 1708 possit

1052 1721 1203 1760 baptizari
1224 1721 1257 1750 in
1275 1723 1376 1759 utero,
1394 1721 1570 1752 ostenditur
1584 1721 1628 1752 sic
1646 1732 1652 1750 ;
1671 1721 1771 1761 Major
1781 1724 1826 1752 est

1054 1775 1160 1813 gratia
1179 1774 1434 1804 sanctificationis
1445 1798 1453 1812 ,
1470 1783 1567 1813 quam
1584 1774 1688 1813 gratia
1706 1775 1826 1814 baptis-

1054 1828 1145 1859 malis
1165 1840 1170 1859 :
1190 1828 1243 1858 sed
1268 1828 1422 1868 parvulus
1440 1828 1474 1858 in
1495 1830 1585 1858 utero
1611 1830 1658 1858 est
1679 1828 1827 1868 suscepti-

1052 1882 1123 1912 bilis
1146 1882 1258 1919 gratim
1283 1881 1560 1918 sanctificationis,
1585 1881 1666 1912 sicut
1688 1884 1773 1921 patet
1787 1881 1826 1913 de

1052 1935 1171 1966 Joanne
1194 1934 1333 1974 Baptista
1349 1937 1379 1964 et
1401 1934 1570 1965 Hieremia.
1597 1934 1639 1965 De
1659 1934 1780 1975 ,Ioanne
1793 1937 1823 1965 ³:

1054 1988 1183 2028 Spiritu
1209 1991 1319 2019 sancto
1347 1987 1517 2027 replebitur
1545 1987 1649 2020 adhuc
1672 1995 1713 2019 eoe
1738 1991 1825 2020 utero

1052 2042 1166 2073 malrz's
1181 2049 1258 2072 sure.
1278 2040 1318 2071 De
1336 2040 1495 2071 Hieremia
1509 2040 1519 2057 ἢ
1537 2051 1544 2071 :
1562 2042 1738 2080 Antequam
1752 2042 1824 2074 επί-

1051 2102 1101 2126 res
1116 2094 1153 2125 de
1169 2094 1284 2132 videa,
1301 2094 1507 2132 sanctificavi
1530 2097 1570 2126 te.
1594 2094 1626 2124 Si
1650 2103 1730 2134 ergo
1751 2104 1825 2134 par-

1051 2147 1147 2178 vulus
1168 2147 1201 2177 in
1222 2149 1312 2177 utero
1330 2149 1376 2177 est
1396 2156 1496 2186 capax
1516 2147 1629 2186 gratiae
1654 2147 1825 2179 sanctifica-

1051 2200 1162 2238 tionis,
1177 2200 1302 2230 videtur
1317 2200 1462 2231 similiter
1476 2200 1562 2240 quod
1575 2203 1606 2231 et
1621 2201 1735 2240 gratiae
1750 2201 1825 2242 bap-

1051 2253 1196 2284 tismalis.

1090 2308 1120 2336 ⁶2.
1139 2305 1214 2336 Item
1223 2330 1231 2342 ,
1244 2306 1375 2345 pronior
1388 2308 1433 2336 est
1447 2306 1528 2336 Deus
1540 2306 1579 2337 ad
1593 2306 1820 2344 miserendum,

1050 2369 1145 2400 quau]
1166 2360 1206 2390 ad
1229 2360 1501 2391 condemnandum
1520 2369 1527 2390 :
1545 2360 1599 2390 sed
1620 2360 1774 2400 parvulus
1787 2359 1821 2390 in

1049 2447 1073 2471 q.
1089 2447 1111 2469 1;
1128 2440 1275 2463 Franciscus
1286 2440 1317 2463 de
1331 2441 1421 2471 Mayr.y
1436 2441 1466 2464 lv
1478 2441 1556 2470 Seni„
1574 2440 1630 2464 dist.
1646 2446 1672 2464 iv
1689 2441 1714 2463 et
1725 2445 1750 2470 V,
1762 2446 1786 2470 q.
1799 2444 1819 2469 1;

1047 2476 1123 2499 1111111.
1141 2475 1244 2505 Bam-ir,
1262 2476 1291 2499 lv
1308 2476 1387 2506 Sene„
1401 2476 1459 2500 dist.
1473 2481 1498 2504 V,
1512 2483 1536 2506 q.
1550 2482 1582 2505 11;
1599 2475 1688 2499 Thom.
1706 2476 1820 2505 Argeum,

1050 2511 1079 2534 tv
1095 2512 1173 2540 Seue„
1185 2511 1242 2534 dist.
1257 2517 1289 2538 vr.
1308 2518 1333 2542 q.
1347 2518 1364 2539 1,
1377 2514 1424 2535 art.
1439 2513 1466 2540 (ις
1478 2511 1565 2541 steph.
1580 2510 1683 2537 Bruler..
1696 2510 1726 2533 lV
1740 2511 1819 2539 sent„

1048 2546 1105 2570 dist.
1123 2551 1158 2576 vi,
1174 2554 1198 2577 q.
1215 2553 1267 2577 v113
1285 2548 1373 2570 Petrus
1387 2547 1418 2570 de
1433 2547 1544 2577 Tarenti,
1562 2546 1593 2569 Ν
1608 2546 1688 2575 Seni„
1706 2544 1764 2569 dist.
1783 2550 1820 2572 vl.

1047 2586 1102 2612 11.ν
1116 2583 1141 2605 et
1155 2583 1178 2606 6.
1190 2594 1219 2599 --
1231 2582 1239 2595 ³
1255 2583 1320 2611 Luc„
1335 2588 1352 2612 1,
1370 2584 1406 2607 15.
1417 2595 1448 2600 -
1463 2581 1582 2610 ‘let-em„
1597 2587 1614 2611 1,
1632 2582 1655 2604 5.
