2017 2948
845 176 1034 208 DISTINCT.
1059 176 1119 207 XL.

193 243 403 282 completum;
420 245 497 283 quia
512 246 542 274 10
558 244 759 274 sacramentis
773 252 864 274 novae
880 244 959 282 legis

193 294 327 334 Spiritus
351 299 477 327 sanctus
497 297 634 327 influens
655 296 809 335 justitian]
835 297 958 335 plenius

192 348 324 386 assistit,
339 351 368 378 et
382 349 484 388 passio
499 348 612 378 Christi
627 349 787 378 meritoria
801 349 958 378 efficacius

191 401 359 430 concurrit.
374 401 408 430 ln
423 402 514 439 qu'us
530 401 660 439 signum
675 401 712 431 de
727 401 822 431 latere
844 401 957 431 Christi

190 453 410 491 profluxerunt
424 453 554 491 sanguis
567 455 598 483 et
612 462 694 492 aqua
704 477 712 491 ,
729 456 758 483 et
773 462 828 492 per
848 463 957 484 conse-

189 514 289 544 quens
303 508 508 541 sacramenta,
521 506 558 536 de
569 506 684 545 quihus
695 505 844 536 fundatur
857 505 957 536 Eccle-

187 558 243 587 sia.
272 558 490 588 Abundantior
517 559 611 588 etiam
635 560 682 588 est
705 558 829 588 devotio
853 559 957 588 susci—

187 610 318 648 pieutis,
330 613 398 640 tum
412 613 539 649 propter
554 611 784 640 incrementum
800 610 872 639 fidei
888 619 956 649 pro-

187 663 282 702 priae,
299 665 382 703 quod
407 665 523 695 factum
545 667 591 694 051
620 665 652 694 in
677 673 761 694 nova
781 665 867 702 lege;
886 667 955 694 tum

187 716 282 746 etiam
289 719 417 756 propter
427 717 602 747 subsidium
609 717 680 747 fidei
692 717 789 746 totius
797 716 953 754 Ecclesiae,

186 769 260 808 quia
275 769 308 798 in
322 769 384 799 fide
398 769 543 799 Ecclesiae
559 769 736 808 suscipiunt
751 769 956 799 ecclesiastica

185 823 391 851 sacramenta.
410 820 447 850 Et
462 824 587 860 propter
607 821 702 851 istum
714 822 955 861 quadruplicem

185 873 315 903 modum
337 873 475 903 habendi
498 873 667 910 virtutem,
685 873 834 903 dicuutur
853 883 955 904 sacru-

185 930 290 957 menta
309 926 390 965 legis
408 936 500 957 novae
512 927 703 966 justificare,
729 930 759 957 et
773 936 840 958 esse
862 937 955 958 causa

184 980 306 1017 gratias.
335 979 397 1010 Nec
424 979 553 1017 volunt,
579 980 634 1019 qui
656 980 736 1009 hanc
765 981 952 1019 positionem

184 1033 348 1069 sustinent,
361 1032 393 1062 in
404 1032 606 1062 sacramentis
619 1041 711 1062 novae
724 1032 804 1071 legis
815 1033 954 1072 amplius

184 1095 300 1125 ponere
313 1096 319 1116 :
332 1088 401 1115 tum
413 1086 487 1125 quia
497 1086 556 1115 ista
567 1086 641 1116 satis
652 1087 798 1117 videntur
810 1088 954 1119 sufficere

183 1139 221 1168 ad
244 1140 385 1168 nostram
404 1139 599 1169 sanationem
621 1141 651 1169 et
672 1139 950 1178 justificationem3

184 1193 250 1221 tum
273 1191 349 1230 quia
373 1192 468 1221 etiam
492 1200 531 1221 ex
555 1191 613 1221 isto
637 1192 834 1231 quadruplici
860 1194 954 1223 modo

185 1244 318 1274 habendi
329 1244 479 1274 virtutem
492 1244 567 1273 satis
580 1245 798 1275 manifestatur
808 1245 954 1276 nobilitas

185 1298 454 1326 sacramentorum
463 1296 499 1334 (a)
511 1297 694 1335 novaelegis
703 1297 735 1326 in
748 1298 872 1336 seipsis;
885 1301 953 1329 tum

185 1349 279 1378 etiam
295 1350 372 1388 quia
385 1358 443 1379 nec
453 1358 600 1388 expressa
613 1350 792 1387 auctoritaS‚
805 1359 861 1381 nec
876 1352 954 1382 ratio

185 1403 313 1434 videtur
328 1413 441 1442 cogere
455 1404 592 1443 amplius
611 1404 672 1433 illis
685 1404 759 1434 dare
777 1415 783 1434 :
800 1407 831 1435 et
846 1405 952 1435 humi-

182 1455 253 1486 litas
268 1456 340 1487 fidei
357 1465 421 1486 non
436 1458 560 1486 tantum
580 1456 671 1486 dehet
691 1457 837 1495 refugere
858 1458 953 1488 dimi-

182 1510 346 1540 nutionem
358 1534 366 1547 ,
380 1510 432 1539 sed
446 1509 539 1539 etiam
551 1509 802 1548 superfluitatem
820 1520 826 1540 ε
844 1513 874 1540 01
888 1511 954 1540 lau-

182 1562 315 1592 dabilius
336 1561 570 1601 quodammodo
589 1562 715 1592 videtur
736 1562 892 1593 diminute
906 1564 953 1594 di-

181 1623 250 1644 cere
261 1638 268 1651 ,
281 1623 377 1653 quam
392 1614 554 1654 ampliare.

221 1667 312 1697 Hunc
324 1667 455 1697 modum
470 1667 610 1705 dicendi,
622 1670 652 1697 et
663 1668 759 1707 hujus
770 1669 953 1707 quaestionis

178 1720 469 1750 determinationem
483 1720 589 1759 plures
601 1721 756 1751 sustinent
766 1721 846 1751 11000
859 1721 950 1751 intel-

178 1772 323 1811 ligentes.
342 1772 380 1803 Et
393 1773 542 1803 dominus
562 1772 748 1803 Guilielmus
771 1765 952 1804 parisiensis

178 1826 349 1865 Episcopus
367 1827 375 1842 ¹
398 1826 431 1855 in
451 1825 688 1856 determinando
711 1826 745 1855 in
760 1826 873 1856 scholis
887 1827 950 1856 fra-

177 1880 263 1907 trum
291 1878 453 1907 minorum
479 1878 667 1916 approbavit
691 1878 788 1907 istum
819 1879 951 1908 modum

177 1930 297 1960 dicendi
307 1939 415 1959 coram
428 1930 524 1960 fratre
535 1930 714 1960 Alexandro
725 1931 817 1960 bonae
832 1940 951 1961 memo-

177 1984 244 2013 riae.
261 1983 298 2013 Et
313 1983 410 2013 istum
427 1983 560 2013 modum
576 1983 698 2013 dicendi
716 1983 882 2022 dupliciter
897 1993 950 2023 po-

175 2038 235 2066 test
255 2036 326 2075 quis
350 2035 507 2065 sustinere
533 2038 563 2065 et
589 2035 767 2074 intelligere
793 2047 799 2065 z
825 2037 873 2066 vel
906 2037 949 2067 ita

175 2089 258 2128 quod
280 2088 410 2119 omnino
425 2088 562 2118 affirmet
577 2088 665 2118 nullo
688 2089 749 2119 alio
771 2090 864 2120 modo
880 2099 947 2121 esse

175 2141 325 2172 virtutem
340 2141 372 2171 in
394 2141 599 2171 sacramentis
614 2150 706 2172 uovae
726 2141 822 2180 legis,
847 2152 945 2181 quam

175 2194 276 2224 modis
290 2194 446 2233 praedictis
457 2205 464 2231 3
478 2194 529 2224 vel
539 2194 623 2233 quod
636 2194 695 2224 hoc
705 2195 798 2225 modo
811 2195 947 2225 affirmet

174 2246 324 2277 virtutem
340 2247 373 2276 10
395 2247 438 2276 eis
460 2256 544 2283 esse,
571 2247 614 2276 ita
638 2249 745 2277 tamen
768 2248 852 2287 quod
880 2257 944 2278 non

174 2300 271 2337 neget
293 2298 392 2328 alium
418 2299 546 2329 modum
571 2301 685 2338 praeter
709 2300 767 2330 hos
789 2300 945 2330 existendi

173 2351 325 2381 virtutem
340 2351 372 2380 in
384 2351 589 2381 sacramentis
605 2361 672 2382 esse
696 2352 889 2391 possibilem.
908 2352 945 2382 Et

173 2403 295 2443 primus
307 2403 437 2443 quidem
451 2406 612 2443 repugnat
624 2405 721 2444 priori
733 2405 827 2436 modo
844 2405 945 2436 dicen-

172 2456 222 2494 di;
250 2457 407 2488 secundus
431 2459 539 2487 autem
562 2457 675 2488 modus
701 2458 822 2489 dicendi
846 2459 943 2498 priori

173 2510 314 2549 opinioni
324 2519 389 2541 non
401 2512 568 2549 repugnat,
581 2511 655 2550 quia
667 2511 747 2542 nihil
759 2512 842 2550 dicit,
858 2513 943 2552 quod

205 2590 210 2603 ¹
226 2589 352 2620 Gulielm„
376 2590 454 2620 episc.
471 2590 549 2614 Paris.
569 2590 746 2614 determinavit
760 2591 833 2615 istam
847 2594 938 2622 quoest.

173 2630 259 2650 coram
271 2625 340 2649 Alex.
358 2624 442 2649 Alens.
453 2625 503 2642 —¹
519 2625 524 2647 Ι
540 2625 622 2655 loun„
639 2630 662 2655 v,
677 2626 702 2649 8.

1726 183 1781 213 231

1015 243 1067 272 illa
1088 252 1151 273 non
1173 243 1273 281 dicat,
1290 244 1355 274 imo
1370 245 1463 275 etiam
1486 246 1568 276 nihil
1590 247 1682 285 dicit,
1699 249 1784 287 quod

1015 295 1193 326 communis
1209 296 1316 334 opinio
1336 305 1401 327 non
1425 299 1538 328 teneat.
1564 297 1675 329 Nullus
1699 300 1784 331 enim

1014 351 1097 377 recte
1120 348 1256 378 sentiens
1288 351 1399 387 negat,
1425 350 1504 388 quin
1523 351 1670 382 omuibus
1694 352 1784 383 dictis

1015 400 1115 430 modis
1131 404 1326 431 sacramenta
1345 410 1437 432 novae
1457 402 1538 441 legis
1558 403 1709 434 virtutem
1727 406 1782 435 ha-

1015 453 1118 483 beant.
1136 453 1196 483 Sed
1211 457 1236 483 si
1255 454 1325 493 quis
1346 455 1417 494 plus
1437 455 1527 493 dicit,
1546 456 1621 485 huic
1638 457 1784 495 positioni

1014 514 1078 535 non
1093 506 1291 544 contradicit,
1311 507 1364 537 sed
1379 507 1473 537 addit.
1496 507 1555 538 Sed
1570 509 1649 538 forte
1663 509 1784 539 videbi·

1014 563 1067 590 tur
1092 558 1185 588 alicui
1214 559 1434 590 calumniabile
1462 560 1547 599 quod
1574 561 1693 591 dictum
1717 563 1782 598 est,

1014 610 1162 640 virtutem
1171 611 1307 650 Spiritus
1316 612 1414 642 sancti
1424 615 1618 643 sacramento
1627 614 1782 652 assistere,

1013 663 1090 701 quin
1107 664 1208 702 potius
1223 664 1255 693 in
1270 665 1399 695 nomine
1414 666 1603 696 sacramenti
1615 666 1718 696 claudi
1732 667 1784 697 de-

1013 714 1100 744 beret
1130 716 1265 754 intelligi
1298 719 1449 756 tanquam
1477 718 1515 748 de
1543 719 1613 758 ejus
1645 718 1784 758 integri-

1013 769 1091 805 tate,
1124 771 1251 808 propter
1279 769 1339 799 hoc
1370 771 1453 809 quod
1486 771 1600 801 dicitur
1627 772 1637 788 ²
1669 783 1675 801 :
1711 772 1783 803 Tres

1012 825 1100 859 sunt,
1126 824 1183 862 qui
1205 825 1424 855 testimonium
1439 825 1519 857 dant
1544 827 1577 857 in
1597 829 1698 865 terra,
1714 828 1783 867 spi-

1013 875 1111 912 ritus,
1132 884 1234 915 aqua,
1251 880 1279 908 et
1294 878 1428 916 sanquis
1450 887 1458 905 ε
1475 882 1504 909 et
1521 878 1557 909 ln·
1578 882 1660 917 tres,
1682 888 1783 911 unum

1012 930 1098 958 szmc.
1115 927 1153 958 Et
1168 929 1202 958 111
1222 929 1302 960 libro
1317 929 1356 960 de
1380 931 1507 962 Unitate
1518 934 1547 962 et
1568 931 1631 964 Uno
1655 933 1780 971 dicitur,

1012 981 1095 1018 quod
1121 983 1194 1011 sunt
1215 991 1317 1012 unum
1338 985 1534 1014 sacramento
1555 994 1561 1013 ε
1580 987 1610 1014 01
1633 985 1702 1016 ideo
1717 995 1782 1016 non

1012 1032 1102 1062 debet
1124 1033 1184 1063 dici
1203 1035 1287 1072 quod
1303 1034 1438 1074 Spiritus
1455 1038 1579 1066 sanctus
1594 1037 1717 1068 assistat
1731 1047 1781 1069 sa-

1011 1089 1186 1124 cramento,
1204 1089 1356 1126 tanquam
1371 1097 1444 1118 cum
1459 1097 1496 1118 eo
1512 1092 1778 1129 connumeretur;

1010 1138 1064 1168 sed
1089 1141 1216 1178 propter
1232 1139 1332 1178 ipsam
1349 1140 1518 1179 unitatem,
1542 1151 1615 1181 quae
1631 1143 1781 1181 praedicta

1011 1194 1075 1229 est,
1098 1201 1195 1231 quam
1210 1192 1305 1222 efficit
1321 1192 1455 1232 Spiritus
1477 1197 1603 1225 sanctus
1627 1196 1659 1225 in
1675 1205 1777 1227 sacra-

1011 1247 1135 1282 mento,
1152 1245 1209 1284 ipsi
1233 1248 1429 1276 sacramento
1449 1246 1541 1277 debet
1559 1248 1700 1279 attribui.
1718 1249 1779 1281 Sed

1010 1300 1108 1334 certe,
1131 1299 1189 1329 etsi
1210 1299 1259 1328 hic
1279 1300 1391 1329 modus
1415 1300 1536 1330 dicendi
1558 1302 1704 1333 videatur
1720 1303 1777 1334 dif-

1010 1350 1091 1381 ferre
1101 1360 1119 1381 a
1134 1352 1294 1390 praedicto,
1307 1355 1413 1383 tamen
1427 1354 1602 1384 secundum
1617 1364 1686 1386 rem
1695 1356 1779 1387 idem

1010 1406 1071 1440 est,
1091 1404 1162 1434 licet
1175 1405 1330 1435 vocabula
1344 1406 1407 1435 sint
1429 1405 1564 1437 diversa.
1586 1407 1675 1444 Quod
1694 1409 1779 1439 enim

1010 1456 1159 1486 dicuntur
1182 1457 1241 1487 ista
1267 1458 1328 1487 tria
1351 1467 1454 1488 unum
1478 1462 1692 1499 sacramento,
1718 1461 1779 1493 hoc

1009 1517 1072 1538 non
1092 1511 1236 1548 estquod
1258 1519 1298 1541 ex
1319 1511 1395 1550 ipsis
1410 1512 1464 1541 fiat
1478 1521 1580 1542 unum
1604 1522 1660 1553 per
1673 1523 1779 1545 essen-

1009 1561 1097 1597 tiam,
1115 1563 1168 1593 sed
1179 1563 1262 1602 quod
1277 1564 1333 1593 fiat
1347 1573 1450 1594 unum
1464 1574 1520 1604 per
1536 1565 1691 1604 ordinem,
1703 1567 1779 1607 quia

1009 1615 1125 1645 scilicet
1136 1616 1323 1646 ordinantur
1335 1617 1373 1647 ad
1385 1626 1489 1647 unum
1499 1618 1662 1656 effectum;
1677 1622 1708 1650 et
1719 1620 1779 1650 hoc

1008 1668 1088 1698 nihil
1097 1669 1182 1699 aliud
1191 1671 1236 1699 est
1247 1670 1360 1707 dicere,
1371 1679 1468 1709 quam
1478 1680 1580 1702 unum
1590 1671 1679 1702 alteri
1689 1673 1779 1703 assis-

1008 1722 1083 1750 tere.
1102 1721 1189 1758 Item,
1207 1731 1301 1752 omne
1317 1723 1401 1762 quod
1419 1726 1464 1754 est
1478 1719 1516 1754 de
1531 1724 1712 1763 integritate
1727 1735 1778 1756 sa-

1007 1775 1158 1804 cramenti
1170 1798 1177 1812 ,
1193 1777 1248 1805 aut
1262 1777 1308 1805 est
1321 1784 1371 1805 res
1388 1777 1510 1806 tantum
1522 1800 1529 1814 ,
1546 1779 1601 1807 aut
1614 1777 1777 1816 significa-

1007 1825 1050 1855 tio
1065 1828 1203 1863 tantum,
1224 1829 1342 1857 autres
1360 1830 1390 1857 ct
1411 1827 1552 1866 signum.
1575 1828 1609 1859 Si
1623 1838 1700 1868 ergo
1715 1831 1777 1869 spi-

1006 1877 1085 1907 ritus
1109 1878 1244 1908 influens
1265 1879 1420 1917 ι1051111001
1446 1881 1574 1919 ponitur
1598 1881 1635 1911 de
1655 1882 1776 1914 unitate

1005 1931 1208 1969 sacramenti,
1225 1940 1298 1961 cum
1312 1940 1377 1962 non
1391 1932 1431 1961 sit
1446 1932 1577 1971 signum
1597 1936 1627 1964 et
1641 1943 1702 1973 105,
1718 1944 1775 1966 1100

1005 1983 1134 2021 signum
1150 1986 1290 2021 tantum,
1307 1985 1366 2014 erit
1380 1986 1601 2018 tantummodo
1616 1987 1695 2018 sicut
1711 1997 1772 2025 res,

1004 2038 1033 2065 et
1054 2036 1097 2066 ita
1114 2045 1179 2066 non
1199 2037 1326 2067 habehit
1348 2037 1502 2068 rationem
1527 2040 1702 2077 causantis,
1719 2041 1771 2071 sed

1003 2088 1107 2127 potius
1121 2098 1237 2119 nomen
1260 2089 1309 2120 vel
1332 2090 1489 2120 rationem
1513 2091 1644 2122 effectus
1660 2102 1667 2123 z
1685 2095 1714 2123 et
1730 2093 1773 2124 ita

1002 2142 1134 2181 spiritus
1145 2151 1208 2172 000
1222 2144 1316 2172 staret
1329 2151 1386 2182 pro
1398 2143 1466 2182 ipsa
1474 2143 1592 2175 virtute
1607 2145 1770 2184 influente,

1002 2194 1055 2224 sed
1078 2195 1182 2234 potius
1205 2204 1262 2234 pro
1291 2195 1358 2235 ipsa
1382 2196 1484 2234 gratia
1508 2196 1643 2236 Spiritus
1667 2198 1772 2230 Sancti

1000 2246 1103 2277 infusa
1114 2247 1171 2286 ipsi
1182 2248 1299 2278 animae
1310 2248 1343 2277 in
1355 2250 1543 2279 sacramenti
1559 2252 1769 2290 susceptione.

1002 2299 1077 2329 item
1089 2309 1152 2330 non
1167 2302 1213 2331 est
1227 2301 1359 2340 quaestio
1372 2303 1481 2331 utrum
1496 2301 1631 2342 Spiritus
1644 2305 1772 2335 sanctus

1000 2352 1031 2381 iu
1047 2355 1243 2384 sacramento
1260 2354 1406 2384 infundat
1419 2355 1574 2393 gratiam;
1592 2356 1645 2386 sed
1660 2356 1697 2387 de
1711 2357 1772 2387 hoc

999 2408 1045 2435 est
1065 2407 1215 2445 quaestio,
1238 2409 1349 2437 utrum
1377 2410 1628 2447 sacramentum,
1654 2418 1770 2440 secun—

999 2458 1077 2489 dum
1092 2460 1176 2498 quod
1191 2460 1305 2490 dicitur
1327 2460 1495 2491 invisibilis
1510 2461 1623 2500 gratiae
1637 2462 1771 2493 visibilis

998 2512 1114 2548 forma,
1139 2512 1182 2543 ita
1203 2513 1288 2552 quod
1313 2513 1554 2544 similitudinem
1571 2516 1640 2554 ejus
1661 2517 1768 2554 gerat,

997 2567 1028 2595 et
1041 2574 1136 2596 causa
1157 2566 1285 2604 existat,
1304 2567 1454 2598 virtutem
1474 2566 1588 2598 habeat
1610 2567 1767 2609 aliquam,

1028 2627 1062 2657 (a)
1080 2627 1141 2651 emt.
1156 2627 1218 2651 edit.
1235 2627 1396 2652 sacramenti.
