2017 2948
61 1872 163 1893 Fundam.

556 153 653 184 DIST.
678 152 769 183 XVII.
794 151 910 183 PART.
937 151 986 181 III.
1013 150 1100 180 ART.
1126 150 1161 180 11.
1186 149 1334 187 QUAEST.
1360 149 1381 179 1.

170 222 254 254 mim·
280 221 466 254 alterutrum
491 223 620 259 peccata
647 223 751 251 vestra
775 230 780 249 :
806 219 936 249 Glossa:

173 287 188 303 α
211 275 350 312 Peccata,
369 283 441 313 quae
464 282 504 302 ex
526 273 669 302 humana
688 272 868 309 ignorantia
890 280 941 301 ve-

170 328 274 363 niunt,
290 327 365 358 dicit
383 328 414 356 et
434 325 579 365 praecipit
600 325 743 354 confiteri
761 335 766 353 :
785 334 799 351 ι)
819 326 849 353 et
866 323 940 353 talia

171 381 245 410 sunt
259 379 413 410 venialia:
430 387 508 417 ergo
529 379 723 417 praeceptum
738 379 784 407 cst
799 376 941 406 confiteri

171 429 234 460 illa.

210 486 241 514 Ξ.
267 483 345 513 Item
369 482 573 521 Augustinus
593 492 600 512 :
627 492 642 510 α
657 480 691 511 Si
715 480 834 519 coepisti
859 480 940 510 ssuc-

171 538 276 573 tuare,
294 535 473 566 confitearis
490 536 631 571 motum,
654 542 694 563 ne
717 533 852 572 plangas
873 533 939 563 rui-

172 598 263 619 nam:
277 599 291 616 ι)
311 589 337 618 si
352 597 431 626 ergo
447 587 622 626 periculum
633 588 679 616 est
689 594 792 623 ruere,
808 586 862 625 qui
877 594 941 615 non

172 642 348 677 confitetur,
366 640 496 679 exponit
510 649 542 669 se
564 639 703 678 periculo
720 650 727 668 :
753 639 806 668 sed
832 647 942 668 omnes

171 695 319 724 tenentur
332 693 410 724 illud
426 693 538 731 fugere
554 702 561 722 :
581 700 671 729 ergo,
689 695 746 721 etc.

214 749 243 777 3.
261 746 338 777 Item
353 746 391 777 de
408 746 496 777 omni
512 747 542 776 et
560 745 598 775 de
615 753 817 784 quocumque
836 744 941 774 Domi·

174 808 235 830 nus
251 799 364 838 punire
379 800 409 829 et
420 798 563 838 judIcare
580 798 671 828 debet
684 797 716 826 in
727 797 845 834 futuro,
860 805 942 827 com-

175 853 261 883 misit
276 853 310 882 in
327 852 475 891 praesenti
488 851 644 890 judicium
666 850 897 887 sacerdotibus,
913 852 943 880 et

175 905 334 944 praecipue
350 904 460 935 Petro:
479 904 532 934 sed
549 904 701 934 Dominus
716 903 748 933 in
763 903 812 932 die
831 903 942 942 jiidicii

171 958 325 997 judicabit
336 958 374 988 de
390 957 583 994 venialibus,
599 959 629 987 et
643 956 799 995 oportebit
814 956 942 986 reddere

177 1010 344 1048 rationem,
359 1012 396 1040 ut
405 1010 520 1040 dicitur
531 1011 537 1026 ¹
553 1022 558 1039 :
574 1010 615 1041 De
626 1010 713 1041 omni
724 1009 814 1040 verbo
825 1009 921 1040 ocioso
931 1019 941 1037 .-

175 1072 266 1102 ergo,
278 1066 336 1094 etc.
350 1063 427 1093 Situ
438 1063 521 1093 dicas
532 1062 616 1102 quod
625 1062 765 1101 requiret
776 1061 941 1098 rationem,

176 1117 230 1147 sed
256 1119 360 1146 tamen
386 1126 451 1146 non
467 1118 595 1155 propter
624 1115 683 1145 hoc
706 1113 941 1150 condemnabit3

176 1169 325 1208 objicitur
339 1169 377 1199 de
391 1169 453 1205 eis,
471 1168 526 1207 qui
543 1177 615 1198 cum
633 1167 754 1197 mortali
772 1166 942 1202 decedunt,

176 1222 262 1261 quod
278 1231 335 1261 pro
352 1221 528 1252 venialibus
542 1221 573 1250 in
589 1222 745 1250 aeternum
760 1218 944 1249 cremabun-

177 1277 250 1305 tur:
267 1283 344 1313 ergo
365 1274 492 1304 videtur
513 1272 597 1312 quod
620 1272 738 1310 impias
757 1271 886 1302 veniens
906 1270 944 1300 ad

177 1327 402 1357 consessionem
413 1350 422 1363 ,
442 1335 515 1356 cum
531 1334 587 1364 pro
604 1324 745 1363 utrisque
759 1325 839 1353 esset
857 1325 946 1353 zeter-

178 1380 289 1410 naliter
303 1379 497 1419 punienduS,
515 1378 600 1418 quod
616 1378 706 1408 dehet
722 1379 853 1415 utraque
869 1385 942 1406 con-

178 1434 271 1464 fiteri.

219 1489 249 1516 4.
273 1486 350 1516 Item
372 1486 410 1516 de
434 1484 593 1524 aliquibus
620 1483 797 1514 venialibus
819 1482 945 1512 difficile

179 1542 224 1569 est
235 1539 395 1578 judicare,
420 1540 528 1568 utrum
548 1538 611 1567 sint
633 1536 794 1573 mortalia,
822 1535 871 1565 vel
897 1544 946 1565 vc-

180 1592 285 1629 nialia,
300 1601 372 1630 quae
386 1593 490 1621 tamen
505 1590 678 1620 secundum
694 1589 857 1619 veritatem
873 1591 947 1618 sunt

180 1645 316 1677 venialia
332 1656 338 1675 :
356 1645 408 1674 sed
424 1645 477 1674 ubi
495 1646 541 1674 est
555 1642 724 1673 difficultas
738 1644 768 1672 et
785 1641 945 1679 ambigui-

180 1701 243 1736 tas,
266 1697 495 1729 recurrendum
521 1696 623 1726 estad
650 1694 841 1731 sacerdotes,
868 1694 947 1723 sicut

179 1752 293 1782 dicitur
305 1754 316 1769 ²
334 1761 339 1780 :
368 1751 404 1781 Sz·
430 1749 567 1788 difficile
597 1752 628 1780 et
654 1748 856 1787 ambiguum,
885 1749 943 1777 etc.

180 1804 264 1843 Ergo
279 1803 416 1834 venialia
431 1803 504 1832 talia
521 1804 594 1831 suut
608 1801 793 1831 confitenda.

219 1857 332 1887 Contra
351 1866 357 1885 t
384 1855 591 1886 Poenitcntia‘
615 1856 660 1883 est
684 1853 820 1884 secunda
843 1852 948 1882 tabula

179 1912 249 1950 post
274 1909 478 1947 naufragium
503 1919 508 1938 z
536 1908 589 1938 sed
618 1916 674 1947 per
702 1906 826 1936 veniale
855 1914 948 1935 nemo

181 1962 390 1999 naufragatur
416 1971 421 1990 :
453 1969 532 1998 ergo
558 1968 614 1998 pro
637 1957 816 1987 venialibus
841 1956 949 1986 nullus

181 2016 306 2045 tenetur
320 2022 484 2043 recurrere
498 2012 535 2042 ad
548 2010 762 2051 poenitentiam
776 2021 782 2039 :
801 2018 879 2047 ergo
892 2017 949 2038 nec

180 2077 217 2097 ea
233 2066 388 2096 confiteri.

221 2118 299 2149 Item
317 2118 453 2148 venialia
472 2126 536 2147 non
557 2119 629 2146 sunt
653 2116 685 2146 in
709 2115 920 2155 prohibitione
942 2125 947 2144 :

182 2181 260 2210 ergo
275 2180 333 2202 nec
350 2179 458 2201 eorum
476 2169 613 2199 remedia
632 2169 664 2198 in
679 2170 834 2208 praecepto
848 2177 855 2197 z
872 2176 949 2205 ergo

185 2233 247 2254 non
265 2225 311 2253 est
325 2225 518 2263 praeceptnm
533 2221 676 2252 confiteri
691 2221 834 2251 venialia.

225 2276 300 2306 Item
317 2275 468 2305 consessio
490 2277 525 2304 fit
545 2275 583 2304 ad
604 2273 868 2304 reconciliandum
892 2271 950 2302 Ec-

187 2329 285 2359 clcsiae
302 2340 309 2360 ι
325 2329 377 2359 scd
394 2338 448 2368 per
463 2327 599 2357 venialia
615 2328 652 2365 (a)
671 2326 777 2355 nullus
793 2326 891 2355 factus
907 2326 952 2354 cst.

188 2382 336 2413 inimicus
356 2381 502 2412 Ecclesia)
517 2405 525 2417 ,
544 2380 651 2410 nullus
670 2381 760 2408 oxu—a
784 2378 951 2408 Ecclesiam

186 2437 304 2475 ejectus
315 2437 377 2472 est,
391 2435 421 2464 in
433 2434 520 2463 nullo
531 2433 733 2462 damnificata
745 2432 790 2461 cst
806 2430 949 2465 Ecclesia,

186 2490 261 2529 quia
274 2489 457 2519 charitatem
469 2496 534 2517 non
543 2486 700 2519 auferunt,
716 2494 770 2513 ncc
782 2484 927 2514 minuunt
944 2494 949 2514 z

187 2552 266 2582 ergo
280 2551 375 2572 nemo
390 2543 515 2571 tenetur
528 2539 580 2570 illa
594 2538 745 2569 confiteri.

220 2610 339 2640 ¹Malth.‚
356 2615 403 2638 xu,
418 2610 456 2631 35.
468 2621 497 2625 -
510 2612 516 2621 ¹
532 2608 612 2637 Dent,
629 2612 691 2636 xvn,
708 2605 911 2635 8.—³tti-:1·0u.‚
926 2613 949 2626 ιιι

1705 150 1761 177 703

1038 217 1115 247 Item
1131 216 1284 256 quidquid
1300 216 1395 246 homo
1411 218 1535 246 tenetur
1547 215 1706 252 confiteri,
1720 216 1762 245 te-

995 271 1088 300 netur
1102 269 1240 308 amplius
1255 277 1319 298 non
1334 269 1463 306 iterare,
1486 269 1561 308 quia
1578 267 1762 308 poenitentia

994 331 1071 353 vera
1092 323 1138 352 est
1159 321 1326 351 commissa
1346 321 1512 360 plangere,
1528 323 1558 351 et
1581 319 1762 360 plangenda

994 384 1059 406 non
1073 374 1269 405 committere
1286 384 1293 403 z
1311 374 1365 404 sed
1384 383 1448 403 non
1469 375 1593 404 tenetur
1614 373 1686 412 quis
1707 381 1762 403 ve-

994 428 1089 458 nialia
1110 436 1174 457 non
1196 427 1308 456 iterare
1329 426 1365 465 (b)
1381 435 1388 455 :
1407 435 1484 464 ergo
1504 435 1568 456 non
1588 427 1711 455 tenetur
1725 425 1762 454 de

995 481 1057 510 illis
1073 479 1292 519 poenitentiam
1309 487 1405 517 agere
1418 489 1424 508 :
1441 487 1520 517 ergo
1535 487 1593 508 nec
1608 477 1760 508 confiteri.

1269 593 1490 625 CONCLUSIO.

999 680 1122 714 confiteri
1132 682 1244 714 peccata
1253 680 1374 706 venialia
1385 681 1422 706 est
1437 678 1540 713 quidem
1555 678 1706 712 eoepedz'ens‚
1718 678 1764 704 sed

1034 733 1086 751 non
1099 727 1231 757 tenemur,
1250 725 1304 750 nisi
1322 724 1464 750 secundum
1483 723 1553 757 quod
1566 723 1606 748 vel
1621 722 1688 755 ligat
1703 729 1763 748 con-

1034 770 1160 800 sciencia,
1172 768 1211 795 vel
1226 768 1377 802 obligamur
1392 768 1424 794 ab
1439 767 1569 794 Ecclesia.

1037 853 1128 891 Resp.
1152 852 1191 882 ad
1215 860 1283 890 arg.
1312 851 1484 882 Dicendum
1506 850 1590 889 quod
1612 849 1763 880 consessio

997 905 1172 936 venialium
1187 913 1251 934 non
1266 906 1313 934 est
1336 904 1369 933 in
1388 905 1561 943 praecepto,
1590 906 1637 933 est
1660 905 1766 932 tamen

997 958 1030 987 in
1045 958 1184 988 consilio.
1202 957 1237 987 In
1252 958 1410 996 praecepto
1425 965 1488 986 non
1504 957 1571 993 est,
1597 955 1671 994 quia
1693 963 1766 984 cum

997 1011 1060 1041 sint
1075 1011 1112 1041 de
1128 1010 1177 1040 sui
1192 1011 1307 1039 natura
1328 1008 1481 1045 venialia,
1508 1016 1563 1047 per
1584 1016 1616 1037 se
1639 1009 1768 1046 possunt

998 1063 1125 1095 ventam
1141 1061 1308 1101 consequi,
1323 1061 1388 1092 sive
1410 1069 1465 1100 per
1479 1059 1697 1099 paenitentiam
1718 1059 1768 1089 in-

999 1119 1139 1153 ternam,
1164 1115 1230 1145 sive
1252 1124 1308 1153 per
1332 1114 1522 1144 exteriorem
1546 1114 1765 1151 assumptam,

999 1169 1066 1199 sive
1081 1169 1176 1199 etiam
1199 1176 1254 1207 per
1277 1176 1403 1206 paenam
1425 1166 1663 1205 purgatoriam,
1689 1165 1768 1196 sicut

999 1221 1111 1252 melius
1126 1221 1243 1260 patebit
1258 1220 1370 1257 infra‘,
1396 1220 1462 1249 sive
1478 1228 1535 1258 per
1559 1219 1644 1249 aliud
1669 1227 1768 1249 reme-

999 1274 1087 1305 dium
1102 1276 1282 1313 competens
1297 1275 1326 1303 et
1349 1272 1510 1303 idoneum.
1532 1272 1687 1308 Quamvis
1708 1280 1765 1301 au-

1000 1329 1065 1357 tem
1079 1327 1116 1357 de
1132 1327 1252 1357 ratione
1268 1326 1317 1356 sui
1334 1326 1460 1364 generis
1475 1334 1539 1355 non
1554 1325 1593 1354 sit
1611 1333 1648 1355 ea
1670 1324 1766 1354 confi-

1000 1380 1059 1410 teri
1074 1379 1303 1415 necessarfflm,
1330 1381 1435 1408 tamen
1459 1386 1496 1408 ea
1519 1377 1664 1407 confiteri
1689 1385 1768 1407 con-

1002 1442 1121 1471 gruum
1146 1434 1210 1470 est,
1237 1432 1377 1462 maxime
1406 1431 1482 1461 viris
1506 1430 1668 1469 perfectis,
1693 1430 1769 1469 quia

1001 1485 1076 1515 utile
1091 1487 1137 1515 est
1156 1484 1312 1522 multum,
1335 1486 1367 1514 et
1386 1492 1478 1523 poena
1504 1483 1565 1512 illis
1587 1482 1692 1513 debita
1714 1482 1770 1512 mi-

1001 1539 1111 1569 nuitur
1125 1547 1165 1568 ex
1178 1538 1210 1568 vi
1228 1537 1380 1568 clavium.
1398 1536 1463 1566 Hoc
1478 1538 1523 1566 est
1540 1535 1639 1574 igitur
1654 1535 1691 1565 de
1711 1543 1765 1565 ve-

1001 1591 1137 1621 nialibus
1159 1590 1349 1629 generaliter
1368 1589 1497 1619 dictum.
1523 1589 1558 1618 In
1573 1597 1648 1618 casu
1666 1590 1769 1618 tamen

1001 1644 1157 1682 contingit
1172 1644 1257 1683 quod
1272 1643 1368 1673 homo
1382 1644 1527 1672 teneatur
1545 1650 1582 1671 ea
1606 1640 1748 1671 confiteri
1758 1664 1768 1679 ,

1002 1697 1068 1728 sive
1083 1698 1209 1735 propter
1224 1696 1357 1725 dubium
1367 1718 1375 1731 ‚
1390 1694 1456 1725 sivo
1472 1696 1600 1733 propter
1615 1693 1771 1724 ecclesias-

1003 1750 1099 1779 ticum
1125 1749 1305 1779 institutum
1328 1757 1335 1778 :

1003 1802 1125 1832 dubitat
1137 1801 1339 1841 probabiliter
1355 1803 1464 1830 utrum
1489 1800 1529 1829 sit
1551 1799 1697 1837 mortale,
1719 1798 1769 1829 vel

1003 1855 1126 1885 veniale
1143 1865 1149 1884 2
1167 1854 1255 1891 ideo,
1272 1854 1296 1883 si
1312 1862 1375 1883 non
1393 1853 1523 1892 poenitet
1542 1852 1621 1881 sicut
1635 1852 1672 1882 de
1688 1860 1773 1881 mor—

1005 1908 1075 1944 tali,
1099 1906 1273 1937 discrimini
1297 1915 1328 1936 se
1353 1905 1484 1944 exponit
1504 1915 1510 1934 z
1536 1906 1567 1934 et
1591 1904 1659 1934 ideo
1682 1904 1774 1935 debet

1005 1961 1147 1991 confiteri
1162 1960 1241 1990 sicut
1254 1961 1338 1999 J‘acet
1351 1959 1382 1989 in
1399 1958 1598 1995 conscientia,
1614 1959 1645 1987 et
1655 1957 1773 1996 judicio

1006 2013 1175 2044 sacerdotis
1197 2013 1355 2051 relinquat
1371 2013 1479 2041 utrum
1503 2011 1543 2040 sit
1562 2010 1698 2046 veniale,
1724 2010 1771 2040 vel

1007 2065 1149 2096 mortale.
1185 2064 1314 2103 Propter
1341 2063 1583 2093 ecclesiasticum
1620 2064 1770 2092 statutum
1793 2080 1850 2100 mh„
1873 2082 1891 2099 -.=.

1006 2121 1149 2156 tenetur3
1172 2118 1248 2157 quia
1266 2117 1370 2148 omnis
1389 2116 1490 2146 fidelis
1514 2115 1610 2146 semel
1635 2115 1668 2144 in
1691 2123 1773 2144 anno

1007 2173 1133 2202 tenetur
1148 2170 1307 2201 confiteri:
1328 2171 1360 2199 et
1374 2169 1460 2206 ideo,
1478 2169 1503 2198 si
1520 2177 1584 2198 non
1599 2167 1696 2197 habet
1714 2166 1773 2196 nisi

1007 2224 1157 2261 venialia,
1174 2223 1282 2253 saltem
1303 2222 1356 2252 illa
1377 2221 1471 2252 semel
1496 2221 1527 2251 in
1553 2229 1636 2250 anno
1650 2221 1775 2250 tenetur

1008 2277 1168 2308 confiteri:
1187 2276 1240 2307 sed
1254 2276 1314 2306 hoc
1330 2284 1394 2305 non
1411 2276 1538 2314 propter
1552 2273 1684 2303 venialis
1702 2281 1773 2311 pec-

1009 2330 1069 2359 cati
1085 2329 1233 2359 morbum
1244 2352 1252 2366 ,
1265 2328 1318 2358 sed
1333 2329 1461 2367 propter
1473 2326 1677 2366 praeceptum,
1691 2324 1774 2363 quod

1009 2391 1107 2421 quare
1122 2381 1269 2412 omnibus
1285 2381 1323 2410 sit
1339 2381 1534 2419 injunctum,
1552 2377 1697 2417 superius
1713 2379 1777 2407 tac-

1008 2438 1077 2465 tum
1093 2437 1148 2465 est.
1171 2433 1409 2465 Concedendum
1431 2434 1477 2462 est
1497 2431 1597 2470 igitur
1613 2430 1697 2470 quod
1719 2438 1774 2460 ve-

1009 2498 1046 2519 lm
1061 2515 1066 2523 ,
1083 2506 1104 2519 ιχ
1123 2503 1159 2522 ῑιι,
1176 2497 1199 2520 nt
1219 2496 1297 2526 7²Vl¹³¹s⁷
1315 2494 1344 2515 dr>
1360 2494 1496 2524 Vir-(ffatihs
1513 2501 1544 2523 ιε,
1560 2492 1630 2522 epist.
1651 2498 1704 2523 νιν,
1722 2494 1774 2522 post

1011 2533 1095 2560 insutu,
1118 2539 1193 2561 quani
1217 2534 1298 2554 {amon
1321 2531 1437 2553 Erasmus
1459 2536 1509 2552 non
1540 2528 1708 2557 Hieronymo,
1733 2528 1777 2550 sed

1010 2567 1140 2597 pvlzmiano
1156 2566 1264 2596 cuipiam
1280 2565 1399 2588 lueretico
1415 2564 1508 2587 tribuit.
1520 2564 1566 2581 —⁴
1582 2563 1641 2587 Itist.
1658 2568 1715 2586 XXV.

1040 2605 1074 2634 (a)
1093 2604 1160 2627 Edet.
1183 2604 1238 2627 Ven.
1255 2603 1362 2626 wuninle.
1379 2615 1401 2618 —
1418 2601 1449 2630 (lt)
1468 2601 1567 2624 iterare.

1363 1749 1491 1786 propter
1516 1746 1663 1783 dubium,
1691 1746 1766 1785 quia
1787 1760 1846 1780 nam.
1871 1763 1888 1779 ι,
