2017 2948
247 118 304 145 515

245 181 359 211 Christi
372 182 419 211 est
432 180 492 210 sub
503 179 616 218 majori
628 180 740 219 specie,
751 177 919 209 dicendum
931 176 1015 216 quod

245 235 370 264 nonest
388 232 448 263 sub
465 232 578 272 majori
602 232 721 272 speeie,
738 231 814 271 quia
834 229 953 269 aliquid
974 229 1014 259 sit

245 286 423 326 appositum
439 285 568 324 speciei,
585 285 627 315 ita
649 285 733 324 quod
757 284 796 313 sit
815 284 848 313 in
874 283 944 320 illo;
960 282 1014 312 sed

245 339 321 379 quia
340 339 460 379 species
479 338 533 368 illa
551 338 658 376 magis
681 339 727 367 est
750 336 876 374 diffusa,
893 336 975 366 sicut
988 335 1013 365 si

245 392 362 431 species
376 391 456 427 vini,
471 400 544 431 quae
560 390 649 420 estin
663 389 757 419 calice
773 388 940 428 profundo,
956 396 1011 428 po-

245 446 341 475 natur
362 444 396 474 in
411 443 505 474 calice
518 442 637 478 latiori,
654 442 759 480 magis
774 441 922 472 dilatatur
940 450 1013 480 spe-

245 497 319 529 cies,
340 497 389 529 Sic
409 496 650 533 intelligendum
674 496 706 526 in
731 495 890 535 proposito
904 518 912 532 ,
938 494 1015 534 quia

245 558 318 581 cum
333 550 482 580 miscetur
496 548 577 579 alius
595 548 711 588 liquor,
727 550 832 588 partes
847 547 931 578 illius
946 556 1014 587 spe-

244 603 300 634 ciei
317 602 420 641 magis
434 600 676 638 diffunduntur,
697 601 837 631 maxime
859 601 885 630 si
909 600 1014 640 liquor

243 656 296 686 ille
317 657 474 695 penetret,
491 656 522 686 et
543 654 680 693 dividat,
707 657 737 685 et
761 656 884 694 separet
911 656 1014 694 partes

244 708 359 748 speciei
375 709 414 739 ab
430 707 581 738 invicem.

283 763 313 791 4.
329 761 377 791 Ad
392 760 470 791 illud
483 760 568 800 quod
582 759 747 800 objicitur,
765 759 850 799 quod
871 759 1015 791 accidens

244 822 306 844 non
315 815 447 853 occupat
457 814 611 852 maiorem
624 812 731 843 locum
742 821 815 843 cum
827 812 1012 850 substantia,

244 867 413 898 dicendum
427 867 510 907 quod
527 867 611 897 istud
625 875 738 898 verum
747 869 793 898 est
806 867 843 897 de
858 866 1015 897 accidente

244 920 418 951 secundum
433 920 633 951 existentiam
645 920 823 951 naturalem
838 930 844 950 :
857 919 917 949 tale
929 919 1014 949 enim

245 971 387 1002 accidens
401 971 433 1001 in
449 972 623 1002 substantia
646 981 710 1002 non
730 971 818 1011 ponit
842 971 874 1000 in
898 978 1015 1000 nume—

245 1033 318 1055 rum
334 1033 407 1055 cum
424 1024 488 1062 illa,
499 1024 554 1055 sed
568 1024 813 1054 sIcutdimensio
829 1023 859 1053 in
875 1023 935 1053 illis
947 1032 1015 1063 spc-

245 1077 351 1108 eiebus
369 1077 474 1108 locum
491 1077 587 1108 habet
600 1077 790 1115 naturalem,
807 1085 864 1116 pro
880 1085 917 1107 eo
931 1076 1015 1115 quod

244 1138 309 1161 non
329 1131 454 1161 tantum
471 1132 517 1160 est
535 1129 900 1167 ibimathematica,inio
919 1129 1015 1160 etiam

244 1182 396 1214 naturalis
407 1183 581 1220 dimensio,
598 1182 671 1213 licet
693 1182 732 1212 sit
753 1191 849 1221 supra
869 1184 1016 1212 naturam

245 1238 361 1276 praeter
382 1236 559 1275 subiectum
573 1260 580 1273 ‚
598 1238 628 1266 et
648 1235 717 1266 ideo
739 1235 844 1266 locum
859 1237 991 1274 occupat
1007 1245 1013 1265 :

245 1288 289 1320 ita
315 1298 388 1319 cum
411 1288 473 1319 alia
493 1288 690 1320 dimensione
713 1290 844 1328 occupat
863 1289 1017 1327 maj0rem

246 1342 368 1381 locum,
385 1351 483 1382 quam
497 1350 554 1381 per
569 1351 602 1372 se
622 1341 720 1372 solam
731 1365 738 1379 ,
756 1350 821 1371 non
842 1350 898 1380 per
920 1342 1016 1371 natu-

247 1404 317 1426 ram
332 1395 528 1433 substantiae,
545 1394 599 1425 sed
620 1394 828 1425 dimensionis
848 1393 1014 1424 naturalis.

288 1450 316 1479 5.
338 1448 387 1479 Ad
409 1448 486 1479 illud
502 1447 586 1487 quod
600 1447 766 1486 objicitur,
783 1447 867 1487 quod
881 1447 963 1477 alius
978 1447 1014 1477 li-

248 1509 329 1541 quor
342 1503 444 1541 potest
458 1501 560 1531 facere
583 1501 669 1540 quod
688 1509 752 1531 non
776 1500 815 1530 sit
838 1508 1017 1530 sacramen-

248 1555 327 1591 tum,
344 1553 510 1584 dicendum
535 1554 620 1593 quod
646 1562 710 1583 non
739 1555 785 1583 est
805 1553 925 1589 simile,
943 1553 1019 1592 quia

248 1606 371 1637 facilius
381 1609 428 1637 est
438 1606 612 1645 destruere,
624 1615 721 1645 quam
737 1608 931 1637 construere.
948 1605 1019 1636 Mus

250 1659 348 1697 enim,
365 1661 396 1690 et
410 1659 571 1699 quodlibet
583 1659 669 1690 aliud
684 1659 879 1690 manducans
890 1682 899 1696 ,
917 1660 1019 1698 potest

249 1713 350 1744 faeere
364 1712 448 1752 quod
463 1712 584 1743 desinat
599 1714 833 1742 sacramentum
850 1721 857 1742 :
875 1712 928 1742 sed
944 1712 1016 1742 nul-

249 1765 299 1796 lus
313 1767 414 1805 potest
428 1765 529 1796 facere
540 1765 624 1805 quod
636 1765 713 1795 illud
723 1765 773 1802 sit,
786 1765 847 1795 nisi
862 1765 942 1795 adsit
951 1774 1019 1796 ver-

249 1818 338 1857 bum,
354 1820 385 1849 et
399 1818 590 1849 sacerdotale
605 1818 822 1860 mysterium..

290 1874 320 1902 ὅ.
339 1871 387 1902 Ad
401 1871 480 1901 illud
498 1871 583 1910 quod
605 1871 774 1910 objicitur,
791 1870 876 1907 quod
896 1871 932 1901 fit
956 1880 1021 1902 una

251 1924 445 1964 superficies,
462 1923 629 1954 dicendum
651 1924 736 1963 quod
762 1924 867 1963 liquor
882 1923 1018 1962 additus,

251 1977 398 2017 quamvis
414 1985 479 2007 non
492 1976 585 2007 iaciat
606 1985 705 2007 unam
729 1977 956 2015 substantiam,
972 1979 1018 2007 ta-

252 2039 325 2060 men
339 2029 493 2061 dimensio
508 2029 710 2060 continuatur
722 2029 921 2067 dimensioni,
933 2032 963 2060 et
978 2030 1021 2061 ita

251 2083 288 2114 fit
302 2083 456 2113 dimensio
468 2091 553 2120 una,
572 2084 602 2113 et
617 2082 776 2122 quantitas
802 2091 878 2113 una.
897 2083 928 2113 Si
943 2091 1021 2122 ergo

253 2144 388 2175 quaeraS,
405 2138 515 2166 utrum
531 2135 563 2165 111
578 2135 732 2174 subjecto,
748 2135 799 2166 vel
815 2138 930 2175 praeter
944 2136 1021 2166 sub-

249 2190 383 2229 Jectum,
395 2188 603 2227 respondetur
620 2199 627 2218 ;
643 2187 712 2218 Νο11
728 2188 843 2219 dividis
862 2189 1019 2219 sufficien-

252 2243 312 2278 ter,
327 2241 401 2280 quia
416 2240 532 2280 partim
547 2242 593 2270 est
616 2241 650 2270 in
664 2241 804 2280 subjecto
817 2264 825 2278 ‚
842 2241 957 2280 partim
970 2251 1023 2272 ex-

254 2296 303 2325 tra
311 2294 490 2334 subiectum
501 2304 507 2323 :
518 2295 548 2324 et
561 2293 637 2323 illud
650 2302 715 2324 non
726 2295 772 2324 est
784 2294 1019 2332 inconveniens,

253 2347 333 2378 sicut
346 2356 410 2378 una
423 2355 495 2387 pars
510 2346 686 2386 superficiei
708 2348 809 2385 potest
836 2356 903 2378 esse
917 2347 1021 2386 nigra,

253 2402 284 2431 et
299 2400 360 2430 alia
374 2400 445 2430 alba
461 2410 468 2430 2
486 2399 530 2430 sic
544 2399 577 2429 in
592 2399 752 2438 proposito
767 2399 1020 2438 intelligendum,

285 2501 292 2516 ¹
308 2500 441 2523 Durandns
459 2502 527 2523 tenet
549 2499 616 2530 quod
639 2499 659 2521 si
672 2498 768 2528 specics
781 2499 935 2522 misci-autur
954 2500 1022 2530 vino,

251 2542 303 2559 non
324 2535 415 2558 desinit
437 2542 492 2558 esse
518 2535 725 2564 sacramentuin;
751 2533 771 2557 si
794 2536 878 2557 autem
903 2535 932 2558 sit
961 2535 1024 2559 alius

251 2569 333 2601 liquor
345 2570 532 2601 praedominans
545 2572 569 2594 et
583 2575 747 2600 corrumpens
761 2568 868 2599 species,
883 2570 984 2595 desinit.
994 2583 1024 2588 —

804 108 1110 142 SENTENTIARUM
1132 109 1206 140 LlB.
1230 108 1280 140 IV.

1070 175 1154 216 quod
1171 185 1243 216 pars
1264 177 1378 217 speciei
1400 178 1580 208 consecrata
1600 179 1647 208 est
1665 177 1732 208 sine
1759 176 1837 208 sub-

1067 230 1161 268 Jecto,
1173 229 1294 269 reliqua
1304 238 1380 260 vero
1393 230 1425 259 in
1440 229 1593 269 subjecto.
1606 229 1644 260 Et
1655 229 1681 259 si
1691 229 1834 268 obiicias:

1072 281 1210 312 Ponatur
1218 282 1303 321 quod
1314 283 1447 322 perfecte
1459 282 1627 313 misceatur
1638 291 1712 312 cum
1726 282 1836 320 mixto,

1070 335 1113 364 sie
1129 344 1228 374 usque
1243 335 1280 365 ad
1290 335 1434 372 minima,
1445 337 1520 366 tunc
1536 335 1678 374 sequitur
1689 335 1837 366 inconve-

1071 387 1160 418 niens
1167 387 1250 427 quod
1260 387 1342 418 idem
1352 388 1392 418 sit
1405 388 1437 418 in
1445 387 1596 427 subjecto,
1604 390 1635 419 et
1641 389 1756 427 praeter
1762 387 1838 417 sub-

1067 441 1187 479 Jectum
1199 451 1206 477 ;
1219 440 1387 471 dicendum
1400 440 1484 480 quod
1499 440 1612 471 mixtio
1621 440 1753 480 liquoris
1765 448 1839 470 cum

1070 493 1192 532 liquore
1207 501 1271 523 non
1284 495 1329 524 est
1343 502 1444 533 usque
1455 494 1494 524 ad
1510 493 1645 527 minima
1663 492 1838 523 secundum

1070 546 1292 585 quantitatem,
1310 546 1364 576 sed
1379 546 1568 585 intelligitur
1580 545 1756 577 secundum
1770 545 1839 576 vir—

1070 600 1182 637 tutem,
1198 599 1274 638 quia
1288 599 1332 629 ita
1349 601 1395 630 est
1417 599 1450 629 111
1474 599 1543 629 aliis
1566 598 1838 629 mixtionibuszet

1071 652 1136 691 ipse
1153 651 1273 691 objicit,
1289 651 1373 690 quod
1397 651 1558 691 situsque
1579 651 1619 682 ad
1640 651 1773 682 minima
1783 652 1841 690 {se-

1070 704 1211 735 cundum
1227 704 1450 743 quantitatem.
1460 704 1493 734 Si
1509 706 1616 734 autem
1631 704 1702 734 talis
1711 704 1752 735 sit
1762 704 1841 735 mix-

1069 758 1125 796 tio,
1137 757 1222 797 quod
1237 758 1291 788 fiat
1305 757 1337 787 in
1350 757 1513 796 speciebus
1524 757 1716 788 universalis
1729 757 1842 788 altera-

1070 811 1125 848 tio,
1142 810 1193 841 vel
1209 810 1304 841 etiam
1326 810 1413 849 quod
1439 810 1558 850 species
1572 810 1635 841 illae
1658 810 1725 842 vini
1740 812 1840 841 trans-

1070 864 1279 894 funderentur
1302 863 1334 894 in
1357 864 1513 903 liquorem
1541 864 1758 902 consimilem,
1787 864 1841 895 sed

1071 917 1365 957 praedominantem,
1387 917 1430 947 ita
1456 917 1541 956 quod
1562 917 1651 948 nulla
1675 920 1755 948 esset
1781 917 1842 948 dis-

1070 972 1188 1009 tinctio,
1205 971 1290 1011 quod
1305 971 1358 1002 hic
1372 973 1453 1002 esset
1467 972 1585 1011 species
1599 974 1797 1010 consecrata,
1811 974 1843 1002 et

1070 1024 1113 1054 ibi
1129 1033 1192 1054 non
1207 1026 1398 1062 consecrata,
1416 1033 1474 1055 nec
1489 1024 1664 1055 secundum
1679 1026 1839 1062 naturam,

1071 1086 1129 1108 nec
1148 1078 1322 1108 secundum
1343 1077 1494 1108 virtutem
1508 1102 1515 1115 ,
1533 1077 1613 1108 sicut
1638 1080 1683 1108 est
1706 1077 1739 1108 in
1756 1077 1842 1108 mix-

1070 1130 1156 1161 tione
1184 1131 1321 1161 naturali
1338 1142 1344 1161 :
1371 1132 1448 1161 tune
1474 1130 1543 1160 dico
1571 1130 1658 1170 quod
1686 1130 1843 1161 desineret

1071 1191 1138 1213 esse
1152 1184 1405 1220 sacramentum,
1422 1183 1503 1213 sicut
1528 1183 1641 1214 desinit
1665 1192 1720 1223 per
1748 1182 1843 1213 aliam

1071 1236 1384 1266 transmutationem:
1399 1238 1429 1266 et
1444 1238 1547 1266 totum
1562 1237 1641 1266 esset
1655 1244 1758 1266 unum
1773 1244 1839 1266 cor-

1074 1297 1142 1328 pus,
1159 1290 1190 1318 et
1204 1290 1284 1319 esset
1298 1298 1362 1319 una
1377 1288 1558 1328 superficies
1573 1288 1749 1319 secundum
1765 1297 1843 1328 par-

1071 1344 1131 1378 tes,
1154 1343 1185 1371 et
1203 1343 1305 1373 totum
1331 1341 1470 1372 existens
1496 1341 1530 1371 in
1554 1341 1650 1372 unico
1675 1341 1842 1381 subjecto:

1072 1394 1198 1434 quando
1225 1397 1332 1425 autem
1356 1394 1415 1425 hoc
1430 1395 1495 1432 fiat,
1512 1393 1639 1425 difficile
1659 1395 1706 1425 est.
1726 1393 1843 1425 discer-

1073 1456 1148 1478 nere
1164 1448 1184 1478 ¹.

1333 1512 1513 1550 QUAESTH)
1536 1513 1588 1544 Ill.

1135 1591 1180 1617 An
1205 1592 1323 1625 operatio
1344 1592 1489 1626 specierum
1513 1593 1551 1618 sit
1574 1591 1721 1624 naturalis,
1744 1592 1786 1619 vel

1361 1636 1522 1662 miraculosa
1535 1634 1554 1662 2.

1113 1712 1156 1743 De
1177 1712 1430 1752 operationibus,
1452 1721 1530 1752 quas
1553 1711 1670 1743 habent
1686 1711 1740 1743 illa
1761 1712 1958 1745 aeci-imm.

1073 1765 1190 1802 denna,
1203 1766 1312 1795 utrum
1328 1765 1465 1795 habeant
1477 1773 1532 1804 per
1546 1766 1713 1802 naturam,
1729 1773 1772 1795 an
1787 1774 1843 1804 per

1075 1817 1281 1855 miraculum
1294 1819 1325 1848 et
1337 1818 1491 1857 quaeritur
1511 1817 1614 1857 primo
1636 1817 1674 1848 de
1696 1817 1843 1848 immuta-

1074 1871 1169 1901 tionis
1191 1871 1390 1910 operatione,
1408 1879 1481 1910 quae
1503 1873 1550 1902 est
1573 1871 1698 1901 illarum
1722 1871 1841 1910 specie-

1074 1934 1158 1962 rum,
1176 1926 1287 1955 utrum
1319 1924 1359 1955 sit
1379 1924 1543 1962 naturalis,
1568 1924 1620 1955 vel
1641 1924 1842 1956 miraculosa.

1075 1978 1113 2008 Et
1127 1978 1211 2018 quod
1223 1977 1387 2015 naturalis,
1401 1978 1544 2008 videtur:
1558 1977 1633 2017 quia
1648 1977 1731 2017 quod
1742 1986 1798 2017 per
1811 1986 1845 2007 se

1075 2031 1156 2061 inest
1171 2030 1275 2068 alicui,
1297 2039 1362 2061 non
1383 2030 1487 2061 solum
1510 2030 1591 2060 inest
1607 2029 1652 2060 illi
1675 2030 1845 2069 conjuncto

1076 2084 1237 2121 materiae,
1263 2083 1317 2114 sed
1338 2084 1432 2114 etiam
1453 2083 1607 2113 abstracto
1618 2084 1650 2113 et
1671 2084 1814 2122 separato
1837 2093 1843 2111 :

1076 2137 1128 2167 sed
1145 2145 1274 2167 movere
1295 2145 1405 2166 sensus
1415 2145 1470 2175 per
1489 2144 1521 2166 se
1533 2135 1613 2166 inest
1626 2134 1843 2166 sensibilibus:

1076 2198 1154 2228 ergo
1177 2198 1233 2229 per
1247 2198 1280 2219 se
1293 2189 1373 2219 inest
1388 2188 1448 2219 illis
1469 2198 1488 2219 a
1511 2188 1645 2219 materia
1671 2187 1845 2228 separatis:

1076 2242 1130 2273 sed
1145 2251 1216 2281 quae
1240 2250 1297 2281 per
1319 2250 1351 2272 se
1367 2241 1485 2279 insunt,
1508 2241 1694 2272 naturaliter
1708 2240 1820 2272 insunt
1836 2249 1844 2271 ε

1077 2304 1166 2334 ergo,
1181 2297 1239 2325 etc.

1119 2348 1195 2379 Item
1211 2349 1311 2379 forma
1328 2346 1542 2378 substantialis
1558 2355 1725 2387 nunquam
1739 2347 1846 2378 movet

1079 2410 1206 2432 sensum
1218 2403 1399 2441 separatum
1415 2410 1434 2430 a
1454 2400 1563 2431 formis
1576 2398 1820 2430 accidentalibus
1837 2408 1843 2427 :

1078 2500 1085 2512 ²
1098 2500 1137 2528 Cf.
1155 2498 1224 2522 Alos,
1245 2498 1339 2525 Alnus„
1356 2498 1478 2528 p.1v‚q.
1495 2503 1519 2527 x,
1537 2497 1631 2520 memb.
1647 2497 1670 2526 7,
1691 2498 1737 2519 arb
1752 2497 1776 2521 Ξ,
1791 2496 1806 2525 ἓ
1824 2498 1843 2524 Ι,

1079 2542 1103 2564 q.
1119 2540 1147 2563 115
1164 2533 1290 2562 Riehard„
1307 2533 1336 2556 lv
1353 2534 1431 2562 Sena,
1444 2532 1501 2556 dist.
1518 2537 1563 2560 xii,
1575 2533 1623 2555 art.
1637 2532 1659 2561 3,
1672 2537 1697 2561 q.
1712 2536 1740 2560 ¹15
1756 2530 1843 2560 Steph.

1081 2569 1183 2599 aculei„
1198 2569 1228 2593 lv
1239 2569 1318 2598 Sene„
1333 2568 1391 2592 dist.
1406 2574 1452 2598 xu,
1467 2574 1492 2598 q.
1508 2572 1541 2590 x'1.
