2017 2948
49 906 113 932 Opin.
125 908 144 926 1.

53 1011 145 1038 0piu.!.

42 1276 138 1303 Improb-

58 1308 133 1327 uti-ius-

69 1344 118 1364 que.

45 1385 147 1405 Determi·

42 1415 107 1436 natio.

53 2282 118 2308 llesp.
129 2281 155 2301 ad

53 2316 71 2335 3,
81 2313 106 2333 :id
115 2319 151 2339 op·

51 2346 115 2372 posit.

558 132 654 164 DIST.
677 132 728 163 Vt.
754 132 868 163 PART.
893 131 932 162 11.
954 129 1044 162 ΛΒΤ.
1069 129 1120 160 111.
1145 127 1292 166 QUAEST.
1316 129 1355 158 ll.

159 203 297 233 divinae:
327 201 387 232 hac
412 203 519 232 autem
545 208 656 231 omnes
681 201 756 229 sunt
783 199 926 229 similiter

157 256 282 296 privati.
672 243 674 245 ’

198 310 290 347 Item,
315 309 340 338 si
360 308 444 339 dicas
457 307 540 347 quod
561 307 616 337 fiat
640 305 678 335 ad
693 305 924 336 solemnitatem

157 363 321 402 baptismi,
346 370 455 401 quaero
488 369 586 400 quare
617 359 722 397 magis
752 359 925 397 baptismus

158 416 252 446 habet
268 414 511 450 solemnitatem,
530 422 626 451 quam
641 412 702 442 alia
716 415 923 449 sacramenta,

158 471 188 499 et
202 477 274 508 quae
289 469 319 498 et
333 468 410 506 quot
424 466 486 496 sint
501 466 565 502 illa,
583 474 656 505 quae
667 464 875 504 requiruntur
887 464 924 494 ad

157 522 226 560 ejus
238 520 479 551 solemnitatem.

411 635 671 667 CONCLUSIO.

158 723 330 749 Emorcz‘smus
353 723 382 755 fit
407 724 430 748 et
456 721 493 748 ad
520 721 712 748 solemnitatem
738 721 879 754 baptismi,
906 722 930 747 et

193 767 230 793 ad
251 765 448 800 deprimendam
472 765 575 792 diaboli
595 766 761 792 vexationem
779 772 842 797 orffa
864 765 928 799 bap-

195 810 342 837 tizandum.

200 894 289 934 Resp.
306 894 345 924 ad
358 902 429 932 arg.
444 893 550 932 Aliqui
565 893 722 928 dixerunt¹
740 892 824 931 quod
840 901 929 922 exor-

160 948 278 978 eismus
295 947 398 978 solum
413 947 449 976 fit
469 946 506 976 ad
523 945 755 975 solemnitatem
771 947 800 975 et
818 945 853 974 asi
871 954 928 975 cx<

161 1001 347 1041 pressiorem
371 999 600 1038 signationem,
621 1007 679 1028 nec
693 997 812 1037 aliquid
832 998 927 1028 offici-

160 1055 281 1093 turibi,
297 1055 349 1085 sed
366 1054 468 1084 solum
488 1054 634 1091 signatur
648 1051 731 1091 quod
747 1052 881 1081 efficitur
898 1052 929 1082 in

160 1108 326 1148 baptismo.
351 1107 413 1137 Alii
439 1109 546 1136 autem
570 1106 734 1142 dixerunt,
760 1105 843 1144 quozl
866 1103 929 1134 non

158 1164 284 1192 tantum
303 1161 358 1191 slat
378 1160 415 1190 ad
440 1159 585 1199 baptismi
604 1159 848 1195 solemnitatem,
866 1159 930 1188 imo

161 1214 277 1245 habeat
298 1213 443 1244 effectum
464 1212 675 1252 spiritualem,
696 1213 765 1242 licet
785 1212 931 1250 semiple-

162 1278 242 1298 num
261 1268 300 1298 ad
318 1267 546 1308 disponendum
563 1267 601 1296 acl
621 1266 824 1305 baptismum.
845 1265 932 1296 Unde

163 1322 288 1361 parvuli
314 1331 378 1351 non
402 1321 567 1360 baptizati,
595 1320 647 1351 sed
673 1320 837 1349 exorcizati
864 1329 931 1349 ino-

163 1375 278 1405 rientes
307 1375 462 1405 sustinent
488 1374 627 1405 minores
652 1374 807 1404 tenebras
834 1372 933 1403 Primi

163 1428 259 1458 nimis
274 1437 387 1467 parum
403 1428 569 1463 dixerunt,
586 1429 615 1457 et
629 1429 811 1456 sanctorum
827 1428 933 1456 auctou

163 1481 269 1512 ritates
282 1480 352 1520 plus
367 1480 490 1517 dicunt3
509 1480 637 1510 secundi
654 1480 748 1510 nimis
763 1479 930 1509 dixerunt:

163 1534 233 1565 ideo
250 1534 423 1564 tenendum
438 1535 483 1563 est
499 1533 656 1570 medinm,
672 1532 755 1571 quod
776 1533 809 1562 fit
830 1532 867 1562 ad
881 1541 931 1562 so-

163 1587 359 1618 lemnitatem
372 1586 529 1626 baptismi,
547 1586 627 1617 etad
640 1585 851 1615 cohibendum
869 1585 933 1616 (lia-

164 1640 291 1678 bolum,
316 1642 432 1670 utnon
456 1639 554 1678 possit
577 1638 718 1669 occidere
743 1640 931 1678 parvu'um,

164 1703 223 1725 nec
236 1694 280 1724 ita
294 1694 416 1724 fortiter
431 1702 547 1723 vexare
568 1692 728 1730 adultum,
746 1695 782 1722 ut
795 1693 936 1723 retrahat

165 1754 183 1776 a
204 1745 371 1784 baptismo.
396 1743 484 1774 Unde
504 1753 569 1774 non
589 1745 635 1774 est
659 1746 767 1773 contra
790 1745 934 1774 vexatio·

165 1808 238 1829 nen]
257 1807 351 1838 quam
367 1797 439 1827 tacit
457 1797 490 1826 in
505 1805 650 1836 corpore,
672 1797 726 1827 sed
743 1806 840 1836 quam
856 1798 936 1827 tacc-

166 1853 229 1887 ret‚
250 1851 326 1890 quia
348 1849 505 1887 diabolus,
529 1858 568 1879 ex
587 1858 650 1888 quo
670 1849 755 1879 videt
773 1849 936 1880 hominem

167 1904 338 1944 praeparari
365 1904 404 1933 ad
429 1903 638 1942 baptismum,
663 1903 767 1942 ipsum
795 1906 934 1934 vexaret.

167 1957 254 1988 Unde
279 1957 451 1995 Gregorius
473 1955 547 1985 <licit
562 1956 582 1993 ¹,
609 1955 693 1995 quod
718 1955 788 1985 illos
812 1956 938 1996 pulsare

167 2010 314 2049 negligit,
332 2019 412 2049 quos
430 2008 537 2048 quicto
550 2009 624 2047 jure
646 2009 803 2048 pessiflerc
820 2018 852 2039 se
867 2018 936 2039 scn—

167 2063 219 2100 tit3
242 2063 296 2093 sed
315 2062 440 2101 quando
456 2062 542 2091 videt
558 2071 588 2091 se
607 2062 723 2099 deseri,
740 2064 814 2092 tunc
827 2071 940 2102 provo-

168 2116 269 2145 catur.
285 2114 332 2144 Ad
341 2114 441 2153 prima
456 2114 519 2143 (luo
536 2114 657 2151 objecta
668 2115 750 2152 patet
763 2113 933 2152 responsio,

170 2167 245 2207 quia
261 2167 437 2207 Cyprianus
457 2166 610 2204 intelligit
629 2166 666 2195 sle
684 2167 836 2205 potestate
852 2165 941 2205 spiri-

170 2220 264 2258 tuali,
283 2222 315 2251 ct
329 2220 403 2250 illud
419 2220 637 2251 devexatione
652 2220 795 2249 similiter
811 2221 905 2259 patet.

212 2273 258 2304 Ad
273 2273 349 2303 illud
365 2273 449 2312 quosl
465 2273 612 2312 objicitur
632 2282 730 2313 quare
754 2282 819 2302 non
836 2273 941 2302 statiin

171 2326 263 2357 datur
287 2326 484 2365 baptismus,
510 2325 680 2355 dicendum
704 2326 789 2365 quod
815 2328 942 2364 propter

173 2379 420 2416 solemnitatem,
440 2380 471 2409 et
490 2382 614 2418 propter
631 2380 706 2417 hoc,
723 2380 806 2419 quoni
824 2379 941 2419 baptis-

174 2442 264 2464 mum
287 2432 380 2462 (lebet
398 2431 575 2471 praecedere
595 2433 750 2471 doctrina,
769 2433 838 2463 sive
859 2435 942 2463 cnte-

174 2486 334 2517 chismus:
353 2488 389 2516 ut
401 2493 481 2523 ergo
502 2485 644 2515 diabolus
667 2488 813 2516 arceatur
829 2496 847 2516 a
863 2488 944 2516 cate-

210 2565 433 2595 ¹Greg.‚.l!12ml.,
455 2564 498 2588 tib.
521 2565 607 2595 XMV,
632 2574 653 2588 ct.
681 2571 725 2589 rii,
746 2579 775 2583 —
797 2567 806 2581 2
826 2566 901 2597 nug„
920 2566 948 2590 «le

178 2602 299 2630 Sacram„
314 2601 358 2624 lib.
375 2601 405 2630 11,
418 2607 443 2631 p.
459 2606 496 2631 vJ,
512 2607 535 2624 c.
552 2606 586 2623 ix.

1694 128 1750 158 397

979 197 1112 233 chismo,
1124 196 1302 226 annectitur
1316 195 1523 225 exorcismus.
1535 194 1561 225 N
1564 203 1599 225 ec
1610 195 1645 224 tit
1655 203 1752 234 prop-

980 252 1028 280 ter
1039 249 1175 288 aliquam
1191 247 1363 278 efficaciam
1377 247 1489 286 gratiae
1505 248 1538 277 in
1553 247 1676 284 anima;
1697 246 1751 277 sed

981 304 1084 334 solum
1105 303 1144 333 ad
1162 301 1373 341 signantiam,
1388 303 1418 330 et
1439 300 1478 330 ad
1501 300 1669 330 arcendam
1693 308 1750 339 po-

981 359 1124 388 testatem
1152 356 1355 386 contrariam.
1386 353 1468 384 Ordo
1497 355 1604 383 autem
1639 361 1751 383 eorum

982 420 1053 450 quae
1067 412 1142 440 sunt
1160 409 1199 439 ad
1214 407 1447 439 solemnitatem
1468 405 1617 445 baptismi
1639 414 1752 435 secun-

982 465 1058 494 dum
1091 471 1214 493 morem
1246 460 1390 491 Ecclesiae
1415 483 1422 498 ,
1453 459 1597 489 usitatior
1618 458 1669 488 hic
1694 459 1750 488 est.

982 516 1089 547 Primo
1104 515 1311 551 exsufflatum
1329 516 1359 544 et
1373 513 1449 550 hoo,
1464 514 1500 542 ut
1515 511 1618 542 virtus
1636 510 1752 541 diaboli

982 570 1119 601 exterior
1143 568 1338 608 expellatur,
1363 569 1394 597 et
1414 566 1544 596 interior
1568 564 1754 604 expellenda

982 623 1191 662 significetur.
1215 621 1359 652 Secundo
1378 620 1509 658 signum
1533 618 1636 648 crucis
1664 618 1700 648 fit
1720 617 1754 647 in

983 680 1106 718 pectore
1121 680 1151 707 et
1164 677 1199 707 in
1211 677 1324 713 fronte,
1340 677 1377 705 ut
1392 675 1518 705 daemon
1537 673 1708 711 cognoscat
1722 680 1755 701 se

983 731 1205 771 expellendum
1226 732 1292 760 tam
1314 730 1346 758 in
1369 727 1491 758 occulto
1515 726 1632 763 cordis,
1657 731 1763 766 quam‘

984 785 1017 815 in
1033 786 1141 825 aperto
1156 782 1368 814 confessionis
1387 781 1491 812 Tertio
1511 779 1557 810 sal
1578 780 1611 809 in
1624 788 1679 809 ore
1695 788 1751 818 po-

984 838 1086 875 nitur,
1104 840 1140 868 ut
1157 837 1353 875 significetur
1373 834 1458 874 quod
1480 842 1535 873 per
1559 832 1755 872 baptismum

985 900 1077 930 sapor
1092 889 1252 929 sapientiae
1267 890 1473 928 praeparetur,
1491 887 1521 916 et
1535 886 1625 915 foetor
1639 885 1757 915 fomitis

985 943 1207 981 restringatur.
1226 941 1344 978 Quarto
1359 941 1394 970 fit
1406 939 1508 969 linitio
1523 939 1651 968 aurium
1663 940 1693 967 et
1704 947 1758 968 na-

985 997 1071 1027 rium
1093 1005 1165 1026 cum
1181 997 1291 1035 sputo,
1314 995 1349 1024 ut
1372 993 1572 1032 significetur
1594 991 1694 1029 gratia
1719 990 1759 1020 ad

986 1048 1240 1086 discernendum,
1255 1050 1284 1078 et
1299 1047 1336 1077 ad
1353 1045 1576 1077 obediendum.
1594 1044 1710 1080 Quinto
1725 1043 1760 1073 fit

986 1103 1127 1133 inunctio
1144 1102 1177 1132 in
1191 1103 1315 1141 pectore
1330 1103 1360 1130 et
1376 1098 1530 1137 scapulis,
1550 1099 1585 1127 ut
1599 1096 1758 1136 significe-

987 1159 1039 1187 tur
1056 1156 1158 1195 gratia
1177 1154 1335 1185 unctionis
1349 1153 1387 1183 ati
1403 1152 1502 1182 Deum
1518 1139 1691 1181 amansium
1705 1175 1712 1187 ,
1730 1152 1760 1180 et

987 1210 1027 1240 ml
1048 1211 1118 1249 ejus
1137 1218 1235 1239 onera
1255 1207 1420 1247 portantia.
1445 1206 1540 1236 Sexto
1557 1206 1626 1244 post
1640 1203 1758 1243 baptis-

988 1272 1079 1293 mum
1094 1263 1127 1292 fit
1151 1262 1293 1292 inunctio
1314 1259 1493 1290 chrismatis
1518 1259 1550 1288 iu
1574 1258 1708 1295 vertice,
1725 1259 1761 1287 ut

989 1317 1188 1356 significetur
1210 1315 1330 1355 apertio
1356 1314 1470 1344 mentis
1492 1311 1696 1352 imputribilis
1721 1311 1760 1341 ad

988 1368 1267 1409 contemplandum
1282 1370 1411 1398 aeterna.
1428 1366 1571 1397 Chrisma
1586 1365 1672 1395 enim
1689 1373 1761 1395 con-

988 1423 1105 1453 fectum
1121 1425 1168 1453 est
1181 1431 1221 1452 ex
1238 1422 1306 1452 oleo
1322 1421 1464 1458 lucente,
1483 1421 1512 1450 et
1525 1419 1666 1449 balsamo
1681 1426 1760 1448 con-

989 1478 1145 1507 servante.
1162 1476 1302 1515 Septimo
1318 1475 1453 1505 vestitur
1466 1473 1654 1504 vestimento
1670 1480 1762 1501 mun-

989 1531 1028 1561 do
1044 1532 1074 1561 et
1086 1529 1174 1567 albo,
1194 1531 1230 1559 ut
1244 1528 1443 1567 significetur
1470 1526 1587 1556 candor
1608 1525 1761 1554 innocen-

989 1584 1058 1620 tiae,
1076 1586 1106 1613 et
1120 1582 1199 1613 stola
1221 1579 1472 1612 resurrectionis.
1494 1578 1610 1609 Ultimo
1631 1578 1760 1618 ponitur

990 1646 1100 1667 cereus
1115 1636 1148 1666 in
1164 1635 1311 1665 manibus
1326 1635 1410 1673 ejus,
1426 1635 1462 1663 ut
1476 1633 1516 1662 sit
1529 1633 1660 1663 lucerna
1673 1631 1758 1670 pedi-

990 1691 1051 1721 hus
1071 1691 1140 1729 ejtis
1154 1688 1289 1720 verbum
1305 1686 1450 1724 Domini,
1467 1688 1496 1716 et
1511 1686 1621 1716 lumen
1642 1685 1762 1715 semitis

991 1745 1071 1783 ejus.
1098 1742 1281 1773 Secundum
1302 1740 1473 1779 Hugoueni
1496 1748 1573 1769 vero
1595 1738 1632 1768 de
1656 1739 1762 1768 sancto

992 1796 1116 1827 Victore
1131 1799 1153 1833 2,
1170 1795 1272 1825 forma
1285 1793 1452 1824 exorcismi
1467 1794 1497 1822 et
1512 1792 1647 1822 aliorum
1664 1799 1764 1820 sacra-

994 1849 1180 1880 mentalium
1202 1848 1236 1877 in
1251 1847 1406 1885 baptismo
1427 1846 1470 1876 ita
1492 1844 1665 1884 perficitur.
1682 1843 1766 1874 Puer

994 1903 1096 1943 primo
1113 1903 1261 1940 signatur
1279 1900 1381 1930 crucis
1402 1898 1567 1938 signaculo
1583 1897 1616 1927 in
1641 1897 1742 1927 fronte
1755 1921 1763 1934 ,

994 1956 1029 1986 in
1045 1957 1187 1995 pectore,
1205 1954 1238 1984 in
1253 1953 1363 1990 oculis,
1380 1953 1414 1982 in
1430 1952 1580 1988 naribus,
1596 1951 1629 1980 in
1645 1960 1714 1988 ore,
1731 1950 1765 1980 in

995 2009 1137 2047 auribus,
1150 2009 1185 2038 ut
1199 2007 1295 2038 totius
1310 2005 1449 2046 corporis
1460 2013 1572 2035 sensus
1585 2004 1646 2034 hoc
1661 2003 1766 2042 signa-

996 2063 1067 2094 culo
1082 2061 1281 2098 muniantur,
1298 2061 1390 2099 cujus
1405 2059 1524 2090 virtute
1542 2057 1650 2088 onmia
1662 2066 1765 2087 sacra-

997 2117 1104 2145 menta
1131 2114 1349 2153 complentur,
1368 2114 1398 2142 et.
1427 2111 1534 2142 omnia
1561 2109 1676 2140 diaboli
1707 2110 1766 2148 tig-

998 2169 1104 2198 menta
1119 2167 1321 2197 frustrantur.
1347 2165 1439 2196 Unde
1454 2164 1614 2201 Ptahanus,
1642 2162 1679 2193 (Ie
1703 2163 1770 2193 Ins-

998 2221 1149 2253 titutione
1171 2219 1357 2251 clerz'corum
1372 2227 1382 2248 .·
1403 2229 1417 2246 «
1440 2217 1479 2248 Ut
1502 2217 1541 2247 ab
1566 2226 1602 2246 co
1626 2215 1770 2246 diabolus

998 2274 1193 2313 expellatur,
1214 2273 1245 2302 in
1263 2282 1338 2302 vase
1361 2280 1419 2301 suo
1441 2270 1574 2310 pristino
1598 2278 1664 2299 suae
1689 2268 1768 2298 inte-

1000 2326 1184 2366 remptionis
1212 2325 1342 2364 signum
1367 2331 1562 2363 cognoscens
1578 2346 1586 2360 ,
1614 2323 1682 2361 jam
1711 2321 1771 2351 sihi

1000 2381 1145 2419 deiueops
1172 2379 1254 2409 istud
1271 2378 1324 2408 fiat
1347 2378 1496 2408 alienum.
1515 2387 1528 2404 n
1549 2376 1661 2406 Postea
1675 2374 1769 2405 datur

1001 2433 1046 2464 sal
1062 2433 1263 2463 benedis-tum
1278 2432 1310 2461 in
1324 2441 1359 2462 os
1374 2432 1443 2470 ejus
1453 2454 1462 2468 ,
1479 2432 1514 2460 ut
1527 2428 1680 2468 sapientia
1693 2437 1768 2458 con-

1001 2487 1086 2517 ditus
1107 2488 1211 2516 carcat
1226 2486 1337 2516 toetore
1352 2483 1540 2523 iniquitatis,
1559 2485 1589 2513 ct
1610 2482 1693 2512 ultra
1706 2490 1771 2512 non

1003 2542 1160 2579 putrescat
1173 2549 1193 2570 a
1213 2539 1375 2570 vermibus
1395 2537 1557 2567 vitiorum.
1582 2535 1669 2567 Sicut
1684 2535 1772 2566 enim

1006 2594 1050 2623 sal
1071 2596 1236 2624 conservat
1258 2600 1384 2622 carnem
1401 2600 1418 2620 a
1438 2590 1546 2620 foetore
1566 2591 1596 2620 et
1614 2589 1769 2630 putrefac-

1767 363 1870 385 Solemni-

1788 397 1843 414 tates

1780 425 1858 451 baptis-

1767 458 1794 476 mi
1812 457 1870 483 juxta

1777 494 1856 506 moreni

1768 518 1868 537 Ecclesia·

1777 1592 1881 1613 Solemni-

1776 1626 1828 1643 ἰθὺ-5
1837 1630 1868 1643 sc<

1775 1655 1866 1674 cundum

1795 1686 1865 1711 liugn<

1799 1728 1854 1740 111'111.
