2017 2948
249 126 307 156 692
801 125 1110 157 SENTEN'I'IARUM
1135 126 1208 157 LiB.
1235 127 1281 157 Ν.

143 201 198 221 falsa·
222 200 247 219 ad
264 191 389 224 occulta
412 191 629 225 satisfactione
649 196 819 236 purgatur.
844 192 978 226 Necesse
1000 197 1066 234 est,
1085 197 1121 225 ut
1145 192 1232 237 quod
1257 193 1414 226 sacerdoti
1437 195 1536 227 semel
1559 195 1696 228 confessi
1713 207 1846 241 sumus,

142 235 238 257 quoestiw

142 268 189 282 uem
209 264 228 282 Ξ.

264 249 382 282 iterum
397 249 614 282 confiteamur
633 262 639 282 ε
656 250 709 283 sed
726 250 840 293 lingua
854 251 959 283 cordis
971 276 980 292 ,
1001 262 1066 283 non
1083 251 1190 283 carnis
1204 251 1291 295 apud
1307 262 1421 284 verum
1434 251 1578 296 judicem
1594 252 1625 285 id
1637 253 1761 297 jugiter
1773 265 1849 288 con-

262 306 343 338 fiteri
368 307 534 339 debemus.
562 321 577 339 »
609 307 699 340 Unde
729 308 815 340 idem
842 307 983 340 JOtlnneS
1006 308 1051 340 ait
1067 309 1073 324 ¹
1092 320 1099 340 ε
1121 322 1136 339 «
1152 308 1247 341 Nunc
1262 312 1370 341 autem
1394 309 1420 341 si
1445 310 1621 343 recorderis
1646 296 1848 354 peccatorum

262 369 394 396 tuorum
407 390 414 404 ,
432 368 463 396 et
476 365 664 408 frequenter
679 376 714 397 ca
736 365 769 396 in
785 370 958 409 conspectu
975 365 1033 398 Dei
1050 366 1245 409 pronuncies
1258 392 1266 406 ,
1284 370 1315 398 et
1333 378 1390 410 pro
1405 367 1450 398 cis
1465 367 1645 411 depreceris
1659 394 1667 408 ,
1683 368 1779 401 citius
1793 368 1850 402 illa

262 421 397 455 delebis.
417 422 451 454 Si
469 433 545 454 vero
560 421 761 454 obliviscaris
775 447 783 462 ‚
801 427 878 454 tunc
893 433 1007 454 eorum
1033 423 1253 455 recordaberis
1277 424 1391 456 nolens
1414 424 1546 468 quando
1570 424 1847 468 publicabuntur,

262 485 293 512 et
308 479 339 512 in
357 484 530 523 conspectu
555 479 703 511 omnium
721 479 900 512 amicorum
917 484 947 512 et
963 480 1171 513 inimicorum
1195 484 1448 525 sanctorumque
1471 481 1662 524 angelorum
1684 482 1850 526 proferen-

263 541 328 570 tur.
348 537 423 570 »ita
448 537 544 569 etiam
570 536 654 568 illud
678 536 844 569 Ambrosii
860 539 870 555 ²
890 549 896 568 :
917 551 933 568 a
948 536 1115 580 Lacrymae
1143 537 1254 570 lavant
1277 537 1453 579 delictum,
1471 539 1558 582 quod
1583 550 1659 572 voce
1684 539 1790 583 pudor
1803 543 1851 572 est

260 594 420 634 confiteri,
441 608 456 625 n
473 594 511 627 ad
531 594 694 638 publicam
709 594 933 638 pcenitcntiam
950 594 1157 627 referendum
1173 599 1230 627 est.
1249 595 1297 627 Ibi
1319 596 1407 627 enim
1424 596 1578 628 virtutem
1591 596 1810 640 lacrymarum
1820 600 1852 630 et

261 652 470 684 confessionis
493 651 664 684 ostendens
675 677 683 691 ,
702 651 887 694 significare
903 652 1009 684 voluit
1036 652 1124 696 quod
1140 652 1294 696 lacrymae
1309 652 1443 685 occultae
1457 679 1466 694 ,
1484 657 1515 685 et
1532 653 1690 686 confessio
1705 658 1826 687 secreta
1841 681 1850 693 ,

261 710 344 742 sicut
371 720 444 753 quae
476 710 513 741 tit
540 709 600 741 soli
625 708 805 749 sacerdoti,
823 709 935 741 lavant
961 709 1116 742 delictum
1143 709 1230 753 quod
1256 710 1355 753 pudet
1378 710 1522 754 aliquem
1548 710 1676 754 publice
1691 709 1850 743 confiteri.

260 766 353 806 Quod
378 777 455 799 vero
476 767 554 798 dicit
577 777 609 799 se
634 766 793 810 lacrymas
816 766 904 798 Petri
929 766 1064 808 legisse,
1083 778 1149 799 non
1174 767 1425 800 satisfactionem
1449 767 1500 799 vel
1524 768 1757 800 consessionem
1772 795 1780 810 ‚
1797 778 1855 812 per

261 825 321 857 hoc
337 836 401 856 non
417 824 561 856 excludit
576 824 680 856 illam.
699 823 803 856 Multa
818 824 904 856 enim
921 824 1004 856 facta
1018 828 1106 865 sunt,
1124 836 1198 868 quae
1213 824 1331 868 scripta
1347 836 1411 857 non
1427 829 1501 857 sunt
1519 837 1526 856 τ
1544 829 1574 857 et
1587 825 1669 857 forte
1682 825 1828 858 nondum
1845 830 1855 845 ³

260 882 344 914 facta
366 886 433 914 crat
457 881 617 913 institutio
642 881 852 913 consessionis
868 907 876 922 ,
903 892 975 925 quae
1000 881 1095 914 modo
1112 886 1168 913 est.
1187 881 1346 914 Similiter
1371 886 1402 914 et
1424 882 1507 914 illud
1530 882 1678 926 Prospcri
1697 894 1703 914 :
1725 896 1741 913 (ι
1756 881 1791 915 Si
1805 882 1855 915 sui

257 939 383 982 judices
400 938 480 971 {iant
493 964 501 979 ,
520 939 694 971 mutabunt
708 943 828 971 aeterna
846 939 1004 982 supplicia
1022 951 1029 978 3
1048 952 1063 968 »
1083 943 1114 971 et
1139 939 1222 971 illud
1242 951 1247 970 :
1270 952 1285 969 (ι
1301 939 1444 972 Facilius
1460 940 1563 971 Deum
1581 939 1757 983 placabunt
1771 938 1832 972 sibi
1846 965 1854 980 ,

261 997 319 1040 qui
335 1000 390 1028 aut
406 996 546 1041 propriis
561 996 819 1029 confessionibus
832 997 955 1028 crimen
972 996 1137 1040 produnt,
1157 1001 1212 1027 aut
1229 996 1450 1028 nescientibus
1464 996 1536 1028 aliis
1558 996 1591 1028 in
1615 1007 1647 1028 se
1662 996 1856 1029 sententiam

261 1054 606 1086 excommunicationis
622 1054 730 1085 ferunt
747 1065 753 1085 ς
767 1066 782 1083 >w
796 1053 836 1085 ad
849 1053 1012 1097 publicam
1024 1053 1258 1085 contessionem
1275 1058 1305 1085 et
1318 1054 1569 1086 satisfactionem
1585 1054 1698 1086 referri
1713 1057 1850 1098 oportet.

261 1111 333 1143 Non
359 1111 446 1143 cuim
470 1110 547 1142 solis
568 1110 790 1142 sacerdotibus
817 1110 872 1153 jus
902 1110 1027 1152 ligandi
1055 1115 1153 1154 atque
1182 1110 1330 1143 solvendi
1359 1111 1471 1142 datum
1501 1115 1548 1142 cst
1563 1137 1570 1151 ‚
1596 1111 1622 1142 si
1645 1111 1765 1154 cuique
1793 1121 1852 1143 suo

261 1168 396 1200 arbitrio
412 1179 528 1211 poena,
547 1168 598 1199 vel
615 1167 962 1200 excommunicationis
987 1168 1146 1200 sententia
1170 1168 1272 1209 ligare
1287 1194 1295 1208 ,
1319 1173 1349 1200 et
1372 1168 1493 1211 absque
1518 1168 1707 1200 sacerdotali
1728 1167 1852 1211 judicio

261 1226 402 1269 seipsum
418 1225 484 1257 Deo
508 1225 556 1257 vel
574 1225 669 1257 altari
685 1225 891 1257 reconciliare
908 1224 982 1256 licet
1001 1237 1007 1256 :
1026 1225 1114 1268 quod
1130 1224 1349 1257 ecclesiasticae
1364 1224 1563 1256 institutioni
1579 1229 1610 1257 et
1624 1225 1853 1258 consuetudini

260 1284 390 1327 penitus
414 1288 585 1326 repugnat.
601 1283 714 1315 Potius
738 1293 815 1324 crgo
831 1282 856 1313 si
874 1282 1002 1325 publice
1018 1282 1165 1326 peccasti,
1178 1282 1307 1325 publico
1323 1282 1477 1314 confitere
1490 1287 1519 1314 te
1535 1293 1641 1322 reum,
1657 1286 1687 1314 et
1703 1281 1850 1315 emenda.

260 1340 294 1372 Si
311 1352 387 1373 vcro
399 1345 408 1360 ⁶
422 1341 545 1373 occulte
560 1340 742 1384 deliquisti,
770 1340 866 1372 etiam
892 1340 936 1371 sic
960 1350 1027 1371 non
1053 1344 1175 1381 tace-„153
1203 1351 1261 1371 nec
1277 1343 1385 1371 tamen
1404 1339 1475 1371 dico
1487 1366 1495 1378 ,
1515 1343 1551 1371 ut
1567 1339 1712 1383 publices
1723 1346 1745 1371 ⁵.
1761 1339 1854 1372 Taci-

261 1398 400 1431 turnitas
415 1398 502 1430 enim
518 1397 638 1441 peccati
655 1408 694 1429 ex
709 1397 861 1440 superbia
883 1397 1027 1429 nascitur
1042 1396 1158 1429 cordis.
1177 1396 1252 1428 Ideo
1268 1396 1354 1428 enim
1372 1400 1537 1440 peccatum
1553 1407 1650 1428 suum
1667 1396 1742 1440 quis
1757 1396 1851 1438 celat,

261 1467 300 1488 ne
316 1459 485 1499 reputetur
507 1455 585 1487 soris
597 1480 605 1495 ‚
623 1455 754 1498 qualem
770 1454 883 1498 sejam
904 1454 1017 1487 divino
1032 1454 1217 1497 conspectui
1242 1453 1391 1486 exhibuit
1406 1467 1413 1495 3
1431 1454 1519 1498 quod
1535 1465 1574 1486 ex
1589 1454 1677 1486 fonte
1692 1454 1853 1498 superbiae

261 1513 415 1545 nascitur.
434 1512 562 1556 Species
576 1513 664 1544 enim
680 1511 839 1555 superbire
853 1516 900 1543 est
918 1524 950 1544 se
965 1511 1049 1543 velle
1061 1511 1188 1555 justum
1205 1511 1308 1543 videri
1333 1511 1389 1555 qui
1412 1515 1556 1555 peccator
1579 1515 1625 1543 est
1643 1524 1650 1553 3
1674 1515 1772 1556 atque
1793 1511 1854 1555 hy-

261 1570 382 1614 pocrita
399 1569 605 1602 convincitur
619 1595 626 1610 ,
642 1569 700 1612 qui
717 1569 818 1600 instar
835 1569 1015 1612 primorum
1032 1573 1218 1612 parentum,
1236 1568 1288 1600 vel
1304 1568 1570 1609 tergiversatione
1586 1568 1764 1602 verborum
1779 1578 1854 1613 peo-

260 1632 330 1660 cata
344 1639 403 1660 sua
428 1627 572 1669 levigare
597 1626 782 1666 contendit,
801 1626 853 1658 vel
869 1626 950 1657 sicut
968 1625 1047 1657 Cain
1070 1630 1198 1669 peccata
1223 1636 1281 1657 sua
1304 1625 1475 1657 retinendo
1501 1626 1704 1669 supprimere
1722 1626 1854 1670 quaerit.'

261 1685 325 1717 Ubi
343 1696 419 1727 ergo
436 1684 588 1727 superbia
604 1688 716 1725 regnat
742 1687 772 1715 et
796 1682 997 1726 hypocrisis,
1016 1683 1186 1714 humilitas
1210 1683 1319 1714 locum
1343 1693 1410 1714 non
1432 1681 1541 1715 habet.
1567 1682 1646 1715 Sine
1669 1683 1855 1716 humilitate

263 1753 339 1774 vero
354 1742 451 1774 alicui
467 1741 596 1774 veniam
612 1752 740 1784 sperare
757 1752 822 1772 non
838 1740 922 1772 licet.
941 1740 1005 1772 Ubi
1020 1744 1066 1772 est
1082 1751 1159 1782 ergo
1175 1739 1381 1771 taciturnitas
1395 1739 1606 1772 confessionis
1619 1766 1627 1781 ,
1644 1751 1709 1773 non
1725 1745 1771 1773 est
1784 1751 1855 1785 spe-

261 1799 364 1832 randa
380 1800 474 1832 venia
490 1799 648 1831 criminis,
668 1798 740 1830 Jam
763 1797 940 1830 certissime
964 1798 1068 1840 liquet
1089 1808 1188 1841 quam
1214 1797 1254 1828 sit
1270 1796 1459 1829 detestabile
1480 1797 1600 1840 peccati
1623 1797 1808 1839 silentium,
1824 1802 1856 1830 et

263 1870 280 1889 e
303 1868 459 1890 converso
475 1868 574 1900 quain
597 1856 638 1888 sit
664 1855 843 1888 neccssaria
866 1855 1035 1887 confessio.
1052 1855 1108 1887 Est
1133 1855 1220 1887 enim
1236 1854 1393 1887 confessio
1411 1854 1633 1887 testimonium
1649 1855 1855 1889 conscientiae

263 1915 367 1947 Deum
384 1914 540 1947 timentis.
558 1914 623 1953 Qui
637 1914 724 1946 enim
743 1914 832 1946 timet
851 1912 1014 1956 judicium
1030 1912 1089 1944 Dei
1105 1938 1112 1952 ‚
1130 1917 1296 1956 peccatum
1321 1923 1387 1944 non
1412 1911 1572 1944 erubescit
1591 1912 1751 1945 confiteri.
1778 1912 1856 1946 Per-

262 1973 365 2004 fectus
379 1972 478 2004 timor
498 1971 595 2004 solvit
611 1982 740 2003 omnem
763 1971 920 2015 pudorem
935 1983 942 2011 ;
960 1970 1118 2002 confessio
1141 1969 1260 2014 peccati
1282 1969 1442 2013 pudorem
1463 1969 1560 2002 habet
1572 1996 1580 2012 ‚
1597 1974 1627 2002 et
1642 1970 1711 2014 ipsa
1725 1970 1856 2003 erubes-

262 2029 367 2061 centia
382 2032 428 2061 est
442 2029 552 2071 gravis
567 2040 674 2072 poena.
692 2028 834 2072 Ideoque
852 2028 1010 2071 jubemur
1030 2026 1178 2060 confiteri
1199 2031 1327 2070 peccata
1341 2052 1348 2067 ‚
1368 2030 1405 2059 ut
1420 2027 1675 2060 erubescentiam
1691 2028 1855 2071 patiamur

263 2098 320 2130 pro
344 2097 450 2130 poena,
475 2086 557 2118 Nam
583 2086 642 2118 hoc
667 2086 773 2129 ipsum
798 2096 872 2129 pars
889 2089 935 2117 est
957 2084 1061 2117 divini
1079 2084 1210 2128 judicii.
1237 2084 1269 2116 Si
1295 2095 1372 2126 crgo
1395 2084 1554 2128 quaeritur
1570 2095 1611 2116 an
1634 2084 1790 2117 confessio
1813 2083 1855 2117 sit

262 2143 441 2177 necessaria
456 2169 464 2185 ‚
479 2154 555 2175 cuin
578 2143 611 2175 in
627 2143 821 2175 contritione
840 2142 909 2186 jam
925 2142 1069 2174 deletum
1085 2142 1125 2173 sit
1140 2145 1306 2185 peccatum
1323 2154 1330 2182 ;
1347 2140 1487 2173 dicimus
1501 2141 1580 2185 quia
1595 2141 1742 2185 quaedam
1759 2135 1853 2185 puni'-

264 2201 309 2234 tio
328 2201 446 2246 pcccati
462 2205 508 2233 est
522 2226 530 2241 ,
547 2201 629 2232 sicut
644 2200 818 2233 satisfactio
833 2199 951 2243 operis.
968 2199 1032 2232 Per
1046 2198 1280 2231 confessionem
1300 2198 1398 2230 etiam
1421 2198 1575 2241 intelligit
1589 2198 1736 2231 sacerdos
1747 2223 1756 2239 ‚
1772 2209 1853 2242 qua·

262 2258 336 2290 liter
350 2257 621 2301 debeatjudicare
637 2257 676 2289 de
694 2257 842 2289 crimine.
861 2257 923 2289 Per
934 2267 1005 2289 eam
1021 2266 1153 2300 quoque
1168 2260 1315 2299 peccator
1329 2254 1367 2287 fit
1382 2254 1540 2287 humilior
1552 2281 1561 2296 ,
1577 2260 1608 2288 et
1622 2256 1756 2289 cautior.

296 2346 301 2361 ¹
315 2345 453 2375 (itu-ysost,
471 2345 497 2366 iu
514 2343 592 2373 ispi-cl.
605 2342 638 2365 ad
650 2342 732 2371 Nolam,
745 2342 813 2365 honi.
830 2348 902 2369 xxxx,
916 2348 939 2364 n,
956 2342 979 2367 4,
991 2343 1015 2364 ct
1027 2340 1142 2370 liabetur,
1153 2340 1182 2362 tle
1194 2340 1292 2364 I'oem't..
1305 2339 1353 2363 ctist
1376 2346 1391 2368 ι,
1405 2348 1425 2362 c.
1442 2339 1503 2368 Quia
1514 2339 1656 2370 alfqmmdo.
1666 2352 1697 2356 —
1709 2340 1717 2355 Ε
1730 2339 1850 2370 nabetur,

261 2381 291 2403 alr:
311 2381 409 2404 Poemt.
433 2379 490 2402 dist.
515 2385 536 2407 1,
556 2385 578 2401 c.
599 2379 731 2407 Lacr-your.
752 2390 781 2394 ——
800 2377 808 2390 ³
830 2378 888 2400 l‘ost
906 2375 1119 2399 resurrectionem
1143 2382 1251 2405 namque·
1268 2375 1290 2398 di
1303 2375 1329 2398 iit
1345 2382 1350 2398 :
1368 2375 1476 2403 Accqsle
1501 2375 1622 2404 Spiritum
1638 2375 1749 2397 sanctum
1765 2382 1773 2397 :
1791 2381 1850 2404 quo-

262 2424 329 2438 stnm.
347 2405 425 2437 vteiss—
443 2415 452 2430 ¹·
469 2414 553 2438 Verba
569 2414 693 2441 Gratiani,
707 2413 736 2435 ilc
750 2413 850 2441 Pamin,
871 2412 927 2435 dist.
946 2418 961 2440 1,
977 2419 998 2434 c.
1018 2412 1078 2440 Quia
1093 2411 1268 2440 (ιίείμιαιιιΙο,-
1286 2410 1295 2426 ⁵
1311 2410 1429 2440 tlesych„
1444 2416 1517 2438 super
1532 2408 1619 2438 Lerit.,
1635 2412 1659 2432 ct
1677 2409 1805 2440 allegatur,
1819 2408 1850 2431 de

262 2450 339 2473 Panv!
354 2469 360 2479 ,
378 2450 425 2472 tli>l
454 2456 473 2473 Ι,
491 2458 501 2469 ι·
530 2456 553 2477 υ,
605 2448 748 2478 (slsrlsmvygn'i)
