2017 2948
247 143 305 171 ⁴3⁶2

249 215 345 245 quam
361 205 529 245 mysticum
543 228 550 242 ‚
566 206 612 235 est
627 206 728 235 totum
746 205 994 242 heterogenenni
1009 213 1016 240 ;

249 259 301 289 sed
317 258 434 298 species
448 258 685 296 homogeneum
703 269 709 287 z
731 266 809 294 crgo
820 280 828 293 ,
845 258 903 286 etc.
922 255 953 285 Si
969 254 1018 285 di-

249 321 300 342 cas
315 335 322 348 ,
340 311 422 351 quod
448 311 565 351 species
588 310 788 349 componitur
811 318 850 339 ex
872 308 1019 348 pluribus

249 365 358 404 granis
370 389 378 402 ,
394 365 453 395 hoc
469 364 547 394 nihil
565 366 609 393 est
624 387 631 399 ,
648 363 721 402 quia
738 362 790 391 illa
804 371 867 392 non
882 364 954 392 sunt
968 361 1020 391 he-

250 420 421 457 terogenea
432 441 441 455 ,
458 417 510 448 sed
526 416 696 447 uniformia
707 439 715 453 ,
741 415 790 445 vel
807 415 1016 453 liomogcnca.

250 472 425 507 Praeterea,
453 470 569 510 species
594 472 639 500 est
662 469 805 499 accidens
827 478 834 499 :
854 477 933 507 ergo
956 476 1020 498 non

249 525 459 564 componitur.

289 580 319 608 2.
338 578 414 608 Item
436 578 669 607 sacramentum
694 584 787 606 novae
805 575 888 614 legis
904 574 1018 605 efficit:

251 631 304 661 sed
319 631 437 670 species
453 629 574 660 nnllam
590 628 707 658 habent
722 628 853 658 omnino
869 627 1022 667 operatio-

250 692 324 714 nem
334 685 478 722 respectu
488 682 624 713 contenti
641 692 646 711 :
663 691 742 719 ergo
757 690 822 712 non
836 683 910 712 sunt
921 690 1022 711 sacra-

251 738 404 767 mentum.

292 790 320 820 3.
340 788 432 826 Item,
454 788 537 828 quod
559 797 673 828 corpus
695 788 809 818 Christi
828 796 941 818 verum
959 796 1023 817 non

251 843 291 873 sit
307 844 541 873 sacramentum
563 842 702 881 corporis
722 841 862 880 mystici,
883 841 1021 876 videtur,

252 896 327 936 quia
341 897 574 926 sacramentnm
588 896 633 925 est
648 895 671 924 si
677 903 779 933 gnum
793 903 799 924 :
817 895 946 932 signum
963 903 1022 924 au-

251 952 314 979 tem
329 952 375 979 est
395 949 480 989 quod
496 957 528 978 sc
543 949 635 978 ott'ert
651 948 796 979 sensibus
810 957 817 978 ε
840 948 893 977 scd
909 957 1024 987 corpus

252 1002 375 1039 Christi,
395 1005 431 1033 nt
445 1004 490 1032 est
505 1002 563 1032 sub
579 1002 638 1031 illis
655 1002 832 1041 speciebuS,
850 1011 914 1031 non
931 1002 1024 1032 offert

252 1064 283 1085 se
299 1055 460 1085 sensibus:
478 1064 567 1093 ergo,
584 1057 642 1085 etc.

292 1111 321 1138 4.
336 1108 424 1145 Item,
438 1108 461 1137 si
475 1111 521 1138 est
536 1109 781 1143 sacramentum,
798 1116 876 1147 ergo
891 1109 1022 1146 signum

252 1170 292 1191 ex
306 1161 504 1191 institutione
515 1161 714 1199 significans:
726 1161 779 1190 sed
787 1170 900 1200 corpus
909 1161 1023 1190 Christi

252 1222 366 1244 verum
382 1222 445 1244 non
464 1215 511 1243 est
530 1214 709 1243 institutum
725 1213 763 1243 ad
778 1213 1023 1251 significandum

254 1267 435 1306 mysticum,
452 1276 509 1296 nec
523 1267 614 1296 debut
630 1266 761 1304 institui,
780 1266 855 1306 qnia
870 1269 917 1297 est
932 1266 1022 1296 nobi-

250 1319 324 1354 lius,
340 1319 420 1349 sicut
436 1321 530 1359 caput
547 1321 610 1350 toto
628 1328 758 1359 corpore
774 1330 780 1349 :
798 1329 876 1357 ergo
896 1328 961 1349 non
977 1321 1023 1348 est

249 1374 498 1402 sacramentum.

291 1428 318 1456 5.
338 1425 415 1455 ltcin
431 1425 579 1463 objicitur
594 1426 631 1455 de
647 1425 790 1465 mystico,
807 1426 891 1465 quod
906 1434 969 1456 non
984 1426 1024 1456 sit

252 1487 313 1516 1Ὲε,
330 1479 405 1518 quia
420 1488 469 1509 ros
480 1479 651 1517 cuiuslibet
661 1479 848 1509 sacramenti
858 1481 904 1509 est
919 1479 1023 1518 aliqua

254 1532 373 1571 gratia,
389 1532 465 1571 quia
479 1532 592 1562 (licitur
607 1534 839 1562 sacramentum
856 1532 1024 1563 invisibilis

251 1584 362 1623 gratiae
389 1585 522 1615 visibilis
545 1586 648 1615 forma
665 1596 671 1614 :
704 1594 782 1622 ergo
810 1594 884 1614 cum
909 1594 1023 1624 corpus

252 1638 423 1676 mysticum
438 1647 502 1668 non
521 1638 561 1668 sit
577 1638 696 1676 gratia,
715 1647 779 1668 non
800 1640 847 1668 est
862 1647 912 1668 res
927 1638 1024 1677 hujus

252 1691 451 1721 sacramenti.

293 1746 321 1775 6.
336 1744 411 1775 Item
429 1754 479 1775 res
493 1745 659 1783 cuiuslibet
676 1744 863 1774 sacramenti
878 1752 969 1774 novae
984 1743 1025 1774 le-

254 1799 305 1838 gis
320 1801 365 1829 est
380 1800 509 1829 etl'ectus
519 1799 604 1837 ejus:
622 1798 675 1828 sed
685 1807 800 1837 corpus
818 1797 929 1828 Christi
943 1806 1025 1836 mys-

252 1851 350 1882 ticum
377 1860 441 1881 non
467 1854 513 1881 est
541 1851 671 1881 effectus
697 1851 795 1889 th'us
819 1850 1022 1889 sacramenti,

253 1904 329 1944 quia
356 1904 485 1935 effectus
513 1913 577 1935 non
605 1904 754 1943 praecedit
782 1912 909 1934 causam
927 1913 934 1934 ι
971 1903 1025 1934 sed

253 1966 368 1997 corpus
392 1958 563 1997 mysticum
592 1957 740 1996 praecedit
763 1959 1022 1988 sacramentum:

253 2018 346 2049 ergo,
364 2013 423 2041 ete.

513 2098 772 2130 CONCLUSIO.

255 2179 286 2206 In
301 2182 466 2206 sacramento
483 2179 665 2205 Eucharisttae
683 2180 738 2205 tria
757 2180 831 2212 sunt,
848 2179 946 2212 species
960 2178 1029 2205 visi-

291 2224 368 2255 bilis,
391 2231 487 2258 corpus
509 2223 611 2250 Christi
632 2231 738 2256 verum,
761 2225 786 2249 et
809 2230 903 2257 corpus
927 2222 1028 2250 Christi

290 2269 444 2301 mysticum.
465 2269 583 2294 Primam
604 2270 638 2294 cst
655 2268 759 2301 signum
779 2267 886 2293 secundi
901 2268 924 2292 et
940 2267 1012 2293 tertii
1018 2275 1026 2300 3

291 2312 432 2339 secundum
461 2315 497 2339 esc
525 2320 563 2339 res
584 2313 680 2347 primi,
702 2314 726 2338 et
753 2313 859 2345 signum
885 2313 924 2344 etc
949 2318 1029 2338 causa

292 2357 375 2384 tertii.

298 2435 390 2475 Resp.
413 2436 453 2466 ad
475 2445 545 2475 arg.
573 2435 662 2466 Sicut
684 2435 758 2465 dicit
782 2435 944 2474 Magister,
967 2435 1030 2466 tria

259 2492 333 2519 sunt
357 2490 391 2519 in
411 2490 471 2519 hoc
493 2491 709 2526 sacramento,
735 2489 853 2528 species
883 2488 1028 2526 visibilis,

259 2550 372 2581 corpus
390 2542 503 2572 Christi
522 2551 652 2580 verum,
672 2543 704 2572 et
716 2550 832 2581 corpus
846 2542 1030 2581 mysticum.

295 2603 389 2634 ¹Hug.‚
402 2603 445 2628 lib.
466 2604 494 2634 ll,
510 2610 535 2634 p.
551 2609 610 2634 vni,
623 2610 646 2627 c.
658 2609 704 2627 vn.

807 135 1116 168 ser‘t‘ttN'rtARUM
1138 135 1210 166 LIB.
1234 133 1284 166 lv.

1075 202 1111 233 Et
1126 202 1299 232 secundum
1314 201 1400 241 quod
1415 200 1489 231 dicit
1504 199 1630 239 Hugo¹,
1641 200 1781 240 primum
1796 201 1842 230 est

1074 254 1205 292 signum
1223 254 1351 284 secundi
1367 256 1397 284 et
1418 253 1517 290 tertii;
1541 252 1715 283 secundum
1733 254 1779 283 est
1792 261 1843 283 res

1076 306 1181 345 primi,
1196 309 1225 337 ct
1245 307 1374 346 signum
1394 308 1424 336 et
1443 315 1538 336 causa
1552 305 1651 342 tertii3
1669 307 1700 336 et
1714 305 1842 336 tertium

1075 362 1120 390 cst
1135 370 1185 390 res
1199 360 1338 397 secundi,
1355 362 1386 389 et
1400 359 1517 390 veritas
1532 359 1636 398 primi.
1650 357 1738 388 Unde
1752 365 1842 396 repe-

1076 413 1157 443 ritur
1168 413 1217 443 hic
1229 413 1308 443 ratio
1318 412 1472 442 efficiendi
1484 414 1514 442 et
1528 410 1747 451 significandi:
1760 409 1844 441 unde

1075 468 1121 496 est
1135 469 1369 496 sacramentum
1383 474 1498 496 verum
1514 473 1607 495 novze
1621 464 1712 503 leff's.

1118 523 1146 549 1.
1159 519 1205 549 Ad
1221 519 1300 549 illud
1314 519 1399 558 quod
1410 518 1569 558 objicitur,
1585 517 1670 557 quod
1685 516 1778 547 dehet
1791 515 1846 547 ha-

1077 573 1150 603 here
1165 572 1416 609 similitudinem,
1435 571 1603 602 dicendum
1624 570 1710 610 quod
1726 569 1845 609 species

1077 626 1344 665 comparationem
1364 625 1459 655 habet
1479 625 1518 655 ad
1536 624 1703 655 materiam
1717 631 1844 663 compo-

1078 682 1220 717 nentem,
1245 679 1312 709 sive
1335 688 1375 709 ex
1398 687 1462 718 qua
1483 680 1618 715 constat,
1640 677 1715 717 quia
1737 678 1785 707 est
1805 685 1846 706 ex

1078 734 1198 772 granis,
1211 736 1241 763 et
1256 732 1525 772 comparationem
1536 732 1631 762 babet
1644 731 1683 762 ad
1697 730 1845 762 effectum

1079 789 1334 826 consequentem,
1347 786 1414 816 sive
1425 794 1521 825 quem
1531 785 1594 823 dat,
1605 785 1659 825 qui
1670 786 1715 815 est
1728 783 1844 815 cibare.

1080 840 1109 869 Si
1126 840 1163 869 ad
1179 840 1355 877 materiam,
1372 839 1415 868 sic
1435 848 1474 870 ex
1491 839 1600 878 granis
1617 837 1793 878 purissimis
1807 836 1847 867 ad

1080 893 1215 924 invicem
1238 894 1347 930 unitis,
1373 896 1403 923 et
1426 893 1469 923 sic
1491 893 1587 924 habet
1607 891 1847 923 similitudinem

1079 956 1151 977 cum
1167 955 1297 986 corpore
1312 947 1460 986 mystico,
1477 945 1562 985 quod
1576 946 1696 976 constat
1711 953 1752 974 ex
1766 943 1848 974 fide-

1079 1000 1161 1029 libus
1179 1000 1282 1039 puris,
1299 999 1360 1029 side
1378 1001 1407 1029 et
1425 999 1575 1030 charitate
1589 997 1754 1038 copulatis.
1771 995 1808 1027 Et
1821 995 1848 1027 si

1079 1053 1222 1091 objicias,
1241 1053 1325 1092 quod
1340 1055 1384 1082 cst
1398 1053 1597 1082 diversarum
1613 1050 1846 1091 operationum,

1083 1115 1146 1136 non
1168 1106 1272 1139 valet,
1292 1106 1367 1145 quia
1383 1106 1540 1136 uniuntur
1559 1107 1594 1135 ut
1615 1103 1795 1135 consimiles
1816 1103 1850 1133 in

1079 1159 1199 1188 unitate
1215 1159 1287 1189 fidei
1304 1161 1335 1189 et
1358 1158 1532 1189 charitatis.
1551 1158 1583 1188 Si
1598 1159 1705 1188 autem
1721 1164 1850 1195 compa-

1078 1214 1167 1242 retur
1182 1212 1220 1241 atl
1233 1212 1392 1250 effectum,
1411 1213 1465 1251 qni
1479 1214 1525 1242 est
1540 1211 1655 1248 cibare,
1668 1212 1744 1240 tunc
1755 1209 1851 1240 habet

1079 1264 1319 1294 similitudinem
1329 1265 1367 1294 ad
1379 1273 1493 1303 corpus
1504 1263 1618 1294 Christi
1627 1271 1751 1299 verum,
1764 1261 1850 1302 quod

1079 1319 1125 1347 cst
1140 1326 1214 1348 vere
1234 1317 1335 1347 cibus.
1355 1316 1457 1347 Potest
1481 1319 1588 1346 tamen
1609 1315 1685 1353 dici,
1708 1314 1791 1355 quod
1811 1314 1848 1345 art

1080 1374 1254 1410 uti-unique
1289 1372 1490 1410 comparetur
1516 1369 1637 1400 ratione
1671 1376 1782 1399 eorum
1810 1376 1851 1398 ex

1079 1424 1197 1462 quibus
1207 1424 1383 1461 conficitur,
1398 1423 1472 1462 quia
1482 1432 1597 1462 corpus
1612 1421 1724 1453 Christi
1736 1429 1850 1452 verum

1081 1479 1126 1506 cst
1150 1486 1190 1507 vx
1220 1477 1399 1516 purissimis
1426 1476 1658 1515 sanguinibus,
1680 1476 1711 1505 et
1737 1483 1851 1514 corpus

1080 1530 1193 1561 Christi
1218 1531 1387 1570 mysticum
1411 1540 1450 1561 ex
1473 1530 1561 1570 puris
1582 1528 1727 1560 fidelibus
1742 1539 1749 1559 ι
1766 1527 1852 1568 quod

1079 1586 1185 1613 autem
1197 1584 1247 1614 hic
1259 1584 1476 1614 membrorum
1488 1582 1690 1621 significetur
1701 1581 1848 1618 varietas,

1080 1637 1140 1667 hoc
1163 1639 1207 1667 est
1232 1646 1287 1676 per
1309 1637 1468 1673 accidens,
1494 1635 1609 1665 scilicet
1636 1635 1759 1665 ratione
1782 1642 1850 1664 cor-

1080 1690 1165 1729 poris
1184 1690 1313 1727 Christi,
1338 1690 1421 1729 quod
1441 1689 1537 1719 traxit
1552 1688 1589 1718 de
1604 1687 1750 1726 Virgine,
1769 1686 1854 1726 quod

1081 1746 1127 1772 est
1149 1752 1264 1782 corpus
1282 1742 1485 1780 organicum.
1504 1741 1579 1772 Etsi
1603 1740 1749 1780 objicias,
1767 1739 1850 1779 quod

1082 1796 1199 1835 spec-ies
1221 1805 1285 1826 non
1306 1791 1517 1835 componitur,
1536 1803 1593 1824 nec
1612 1793 1723 1830 reficit,
1746 1792 1850 1823 dicen-

1082 1850 1157 1880 dum
1173 1849 1255 1888 quod
1266 1849 1401 1879 retinent
1412 1848 1562 1878 idiomata
1574 1845 1769 1883 substantiae,
1780 1853 1852 1885 quae

1082 1903 1169 1943 prius
1190 1903 1232 1933 ibi
1254 1903 1328 1940 suit;
1357 1905 1388 1932 et
1412 1902 1532 1932 ratione
1556 1900 1639 1931 illius
1663 1901 1737 1930 sunt.
1761 1898 1854 1937 signa

1082 1957 1312 1988 convenientia.

1124 2013 1153 2041 ⁶2.
1172 2010 1220 2041 Ad
1238 2009 1316 2041 illud
1331 2009 1416 2049 quod
1431 2008 1578 2048 objicitur
1595 2007 1633 2038 de
1651 2005 1850 2044 causalitate,

1083 2064 1252 2095 dicendum
1267 2062 1352 2102 quod
1360 2062 1449 2100 illud,
1466 2061 1551 2101 quod
1560 2062 1607 2091 est
1619 2061 1853 2091 sacramentum

1085 2118 1223 2153 tantum,
1248 2115 1273 2146 si
1290 2116 1492 2154 comparetur
1511 2114 1549 2144 ad
1570 2113 1728 2151 medium,
1749 2120 1805 2152 per
1820 2119 1853 2142 se

1084 2179 1147 2200 non
1169 2169 1263 2199 habet
1283 2169 1437 2198 rationem
1455 2166 1608 2197 efficiendi
1629 2166 1784 2206 aliquam,
1805 2163 1856 2196 vel

1085 2222 1252 2259 causandi,
1276 2221 1337 2251 nisi
1357 2221 1506 2259 adJuncto
1526 2220 1635 2257 verbo,
1661 2222 1696 2250 ut
1718 2220 1801 2259 patet
1822 2217 1856 2248 in

1085 2286 1168 2316 aqua
1182 2277 1326 2315 respectu
1340 2273 1551 2304 characteris:
1575 2273 1619 2303 sic
1642 2273 1676 2303 in
1695 2271 1856 2312 speciebus

1086 2332 1229 2369 respectu
1249 2328 1400 2367 corporis.
1424 2326 1584 2364 Similiter,
1610 2326 1636 2356 si
1657 2325 1856 2365 comparetur

1087 2384 1126 2414 ad
1150 2385 1290 2419 tertium,
1314 2382 1409 2412 habet
1432 2383 1587 2411 rationem
1609 2379 1763 2411 efficiendi
1787 2387 1856 2408 me-

1087 2437 1192 2467 diante
1208 2436 1358 2473 seeundo,
1371 2437 1405 2465 ut
1420 2434 1538 2465 ablutio
1549 2434 1686 2465 exterior
1696 2440 1769 2463 cum
1780 2431 1854 2461 cha-

1088 2492 1218 2520 ractere.
1236 2488 1386 2519 Similiter
1405 2488 1456 2518 hic
1474 2487 1591 2526 species
1608 2485 1779 2517 exteriores
1800 2493 1854 2514 ra-

1088 2543 1174 2574 tione
1189 2542 1327 2582 corporis
1343 2541 1455 2572 Christi
1469 2541 1537 2572 veri
1551 2539 1685 2571 interius
1702 2537 1851 2576 contenti,

1089 2597 1174 2637 quod
1187 2596 1258 2628 unit
1272 2598 1303 2626 et
1317 2595 1509 2634 incorporat.
