2017 2948
640 182 738 214 DIST.
761 182 827 214 Vll.

161 252 297 283 cendum
325 251 410 292 quod
439 250 563 292 parvuli
589 258 653 281 non
681 251 848 281 armantur
869 258 929 290 pro

161 307 244 336 statu
259 305 344 336 illius
358 304 470 342 aetatis,
485 305 521 334 ut
542 306 619 334 tunc
638 305 803 343 pugnent,
820 303 874 333 sed
894 304 930 333 ut

160 358 362 399 postmodum
377 357 440 388 sint
457 356 645 397 pugnaturi.
661 355 724 387 Nec
738 356 797 386 hoc
816 359 863 386 est
876 356 929 386 in-

159 412 362 447 conveniens,
383 410 460 450 quia
473 419 563 440 arma
576 409 629 440 illa
642 418 704 439 non
720 411 794 438 sunt
808 417 929 447 aggra-

159 465 278 500 vantia,
302 463 356 494 scd
376 462 574 499 alleviantia3
595 471 652 492 nec
666 462 770 492 solum
785 464 859 492 sunt
873 461 929 491 de-

159 517 332 555 fendentia,
347 516 400 548 sed
417 515 681 556 praemunientia:
704 516 735 544 et
749 513 864 544 melius
883 515 930 544 est

160 570 324 601 hominem
336 569 455 600 muniri
465 570 536 599 ante
548 568 721 605 laesionem,
733 575 830 607 quam
846 568 926 606 post.

201 625 230 654 3.
245 622 293 654 Ad
309 622 388 653 illud
408 621 492 662 quod
505 621 653 661 objicitur
667 620 705 651 de
719 620 769 650 his
783 619 839 660 qui
854 621 931 650 sunt

159 677 193 707 in
219 675 360 717 periculo
386 674 515 712 mortis,
541 676 626 713 patet
645 672 828 713 responsio,
855 672 930 712 quia

159 738 225 760 non
245 728 403 769 recipiunt
424 728 659 758 sacramentum
680 726 720 757 ad
740 735 885 766 pugnam
900 728 931 757 et

159 782 357 819 conflictum,
376 781 429 812 sed
448 781 488 811 ad
509 781 658 811 meritum
679 779 884 817 obedientiae,
900 781 931 810 et

158 834 288 867 virtutis
309 836 539 874 augmentum:
562 833 646 874 quod
666 835 712 864 est
726 833 772 864 eis
790 832 884 871 utile,
901 835 932 864 et

158 887 292 919 bonum.

198 943 228 972 ιι.
247 941 294 972 Ad
306 941 384 972 illud
399 940 483 981 quod
499 940 647 980 objicitur
658 940 695 971 de
708 940 815 978 mutis,
828 940 932 972 dicen-

159 995 235 1026 dum
254 994 339 1035 quod
357 995 591 1024 sacramentum
605 993 689 1024 istud
704 995 751 1024 est
768 993 806 1024 ad
822 1002 929 1024 corro-

160 1048 355 1079 borationem
371 1047 444 1077 fidei
458 1047 491 1077 111
508 1047 617 1077 corde:
634 1048 665 1077 et
679 1047 739 1077 hoc
751 1046 794 1077 ita
808 1047 930 1086 indiget

159 1103 286 1139 mutus,
307 1103 343 1131 ut
367 1100 518 1137 disertus3
541 1109 599 1130 nec
619 1102 744 1130 tantum
765 1100 799 1130 111
820 1101 929 1139 corde,

159 1163 273 1185 verum
303 1153 397 1183 etiam
412 1153 445 1183 in
479 1154 561 1184 nutu
588 1155 619 1183 et
649 1153 795 1192 passione
830 1156 931 1193 potest

159 1206 319 1239 Christum
338 1206 497 1246 profiteri:
520 1209 552 1238 et
567 1206 637 1237 ideo
651 1206 712 1237 hoc
734 1210 931 1239 sacramento

159 1258 297 1297 indiget,
312 1258 393 1288 sicut
406 1260 437 1288 et
451 1257 514 1288 alii.

200 1314 228 1341 ὃ.
246 1310 293 1341 Ad
308 1310 387 1341 illud
407 1310 492 1350 quod
507 1310 620 1341 ultimo
639 1311 794 1351 quaeritur
808 1312 845 1343 de
860 1311 931 1342 cha-

159 1366 290 1401 ractere,
314 1364 463 1394 dixerunt
485 1364 581 1404 aliqui
599 1365 684 1404 quod
701 1375 786 1396 unus
802 1365 932 1396 05101101-

159 1419 272 1455 racter,
296 1417 447 1448 differens
465 1417 568 1448 solum
590 1418 766 1448 secundum
791 1420 930 1449 statum:

159 1471 229 1502 ideo
251 1480 317 1502 non
338 1473 384 1501 est
407 1471 622 1511 superfluitas,
648 1472 794 1511 quamvis
813 1472 853 1502 ab
874 1472 932 1502 eis-

159 1524 230 1556 dem
256 1524 442 1564 distinguat.
472 1524 532 1555 Sed
556 1527 663 1556 tamen
687 1525 765 1556 illud
790 1535 857 1556 non
885 1528 932 1556 est

159 1578 351 1609 conveniens
365 1578 485 1616 dicere,
502 1577 588 1618 quod
601 1578 685 1609 idem
700 1578 863 1609 character
879 1580 928 1617 sit,

158 1640 233 1662 cum
252 1630 339 1662 aliud
362 1630 402 1661 sit
420 1631 553 1670 signum
568 1631 724 1669 exterius,
743 1641 818 1663 cum
834 1632 929 1664 etiam

158 1693 222 1715 non
236 1683 441 1714 confirmatus
461 1684 559 1724 possit
574 1684 724 1715 ordinari.
745 1684 782 1716 Et
797 1685 867 1716 ideo
883 1686 929 1716 di-

157 1736 293 1767 cendum
310 1739 357 1767 est
374 1736 476 1776 aliter,
493 1736 578 1777 quod
594 1737 676 1768 alius
691 1739 737 1768 est
756 1737 928 1776 character,

157 1792 188 1821 et
206 1790 245 1821 ab
265 1791 383 1822 eisdem
399 1790 581 1830 distinguit,
603 1792 656 1821 sed
677 1793 783 1822 tamen
799 1800 863 1822 non
876 1800 930 1823 su-

157 1844 300 1883 perfluit,
317 1844 392 1883 quia
407 1844 581 1875 secundum
599 1843 698 1874 aliurn
712 1846 743 1875 et
755 1844 852 1875 alium
867 1847 930 1876 sta-

158 1898 227 1927 tum
242 1896 422 1935 distinguit.
440 1896 592 1933 Quamvis
613 1897 700 1928 enim
715 1898 820 1928 omnis
834 1898 931 1928 chris-

158 1949 262 1980 tianus
277 1949 317 1980 sit
336 1949 449 1979 Christi
465 1949 572 1989 pugil,
594 1952 700 1980 tamen
719 1959 759 1980 ex
778 1951 883 1989 gratia
897 1951 929 1982 in

157 2001 228 2040 alio,
242 2004 272 2032 et
283 2001 344 2032 alio
355 2003 438 2032 statu
453 2001 568 2032 dicitur
577 2002 768 2033 christianus
778 2005 808 2034 et
822 2004 927 2043 pugil,

157 2057 187 2086 et
200 2055 374 2086 secundum
390 2054 488 2086 alium
503 2057 534 2085 et
547 2055 647 2086 alium
663 2057 788 2094 actum,
811 2057 929 2088 56111601

157 2108 385 2139 confessionem
409 2108 619 2146 exteriorem,
650 2110 682 2139 et
707 2108 927 2140 credulitatem

157 2162 349 2192 interiorem.
368 2161 405 2193 Et
423 2162 499 2202 quia
513 2162 690 2193 secundum
706 2162 791 2193 aliud
813 2162 927 2194 distin—

158 2213 244 2253 guit,
267 2216 296 2245 et
319 2214 479 2245 character
497 2215 537 2246 ad
551 2215 655 2255 ,alium
677 2217 796 2246 statum
814 2216 928 2255 gratiae

157 2266 310 2307 disponit,
328 2267 397 2298 ideo
416 2276 482 2298 non
498 2268 685 2308 superfluit:
707 2271 738 2299 et
758 2278 833 2299 cum
847 2269 928 2299 alius

157 2319 199 2350 sit
210 2321 309 2351 status
324 2319 408 2358 fidei,
419 2322 450 2350 et
463 2320 626 2351 character
635 2322 753 2352 statum
765 2322 926 2362 respiciat,

156 2372 304 2413 quamvis
313 2372 391 2403 fides
406 2372 446 2403 sit
458 2372 579 2410 eadem,
591 2373 753 2405 character
765 2376 812 2406 est
824 2377 928 2406 tamen

157 2425 250 2465 alius,
266 2426 347 2457 sicut
361 2425 492 2465 signum
507 2425 658 2457 exterius.

189 2508 194 2521 ¹
214 2506 253 2537 Cf.
273 2506 343 2530 Alex.
369 2506 465 2536 Alens„
482 2512 506 2536 p.
531 2506 572 2534 lv,
590 2513 613 2536 q.
631 2511 667 2536 μ’,
684 2507 779 2531 memb.
797 2509 820 2538 3,
837 2511 883 2532 art.
905 2511 926 2537 1,

158 2542 214 2572 ἒὲς
230 2543 256 2566 S.
272 2542 373 2571 Thom.‚
389 2549 414 2571 p.
430 2541 471 2571 111,
488 2548 513 2571 q.
530 2546 630 2571 Lxxxn,
646 2543 692 2565 art.
709 2543 739 2572 83
758 2545 782 2566 et
800 2543 831 2567 lV
848 2544 927 2572 Scan,

158 2577 215 2601 dist.
236 2583 285 2605 vn,
305 2584 331 2608 q.
354 2583 396 2607 111,
416 2578 463 2600 art.
485 2578 514 2606 2,
535 2583 559 2607 q.
581 2582 618 2606 113
642 2576 769 2606 Richard„
795 2578 825 2602 lv
848 2580 927 2609 seut„

159 2612 216 2637 dist.
243 2618 287 2643 vu,
311 2615 358 2636 art.
385 2613 409 2642 5,
436 2619 461 2643 q.
489 2617 511 2642 13
534 2611 624 2635 Thom.
651 2613 764 2643 Argent..
791 2614 822 2637 lv
848 2614 927 2643 Sem„

159 2647 217 2671 dist.
231 2653 276 2678 vu,
291 2653 316 2679 q.
331 2654 349 2677 1,
359 2648 406 2677 art,
421 2648 443 2677 4;
455 2646 544 2677 steph.
559 2646 664 2677 Bruler„
676 2648 706 2671 tv
723 2647 801 2679 Seni„
812 2649 868 2674 dist.
880 2655 926 2680 vn,

869 182 961 215 ART.

985 183 1039 214 111.
1061 182 1213 220 QUAEST.
1237 183 1275 214 11.
1695 185 1749 215 411

1248 301 1427 340 QUAESTIO
1449 303 1486 333 11.

1043 386 1088 413 An
1106 387 1199 420 qratia
1216 387 1425 420 confirmationis
1444 387 1482 413 sit
1500 387 1533 413 de
1550 387 1702 413 necessitate

1303 431 1401 457 salutis
1418 430 1435 455 ¹.

1026 513 1068 544 De
1083 513 1183 554 hujus
1197 514 1384 544 sacramenti
1401 514 1600 552 necessitate;
1620 517 1650 545 et
1664 523 1755 554 qute-

985 567 1069 598 ritur
1083 569 1191 597 utrum
1208 568 1312 606 gratia
1325 567 1573 598 confirmationis
1589 567 1629 598 sit.
1646 568 1684 598 de
1699 576 1755 598 ne-

985 620 1127 651 cessitate
1142 620 1251 651 salutis
1260 632 1267 658 ;
1284 622 1315 651 et
1329 620 1414 660 quod
1428 621 1483 658 sic,
1498 620 1633 651 videtur.
1652 620 1752 651 Raba-

986 683 1048 704 nus
1063 677 1073 693 ²
1086 682 1094 705 τ
1105 685 1119 703 1(
1134 674 1249 704 Omnes
1263 674 1370 705 fideles
1386 683 1441 714 per
1457 683 1570 704 manus
1585 674 1756 713 impositio·
1772 688 1874 709 Fundam,

985 735 1059 758 nem
1074 727 1293 767 episcoporum
1309 728 1448 766 accipere
1467 728 1615 757 dicuntur
1630 727 1668 766 (α)
1691 727 1757 766 Spi-

985 781 1083 812 ritum
1096 782 1252 818 sanctum,
1264 783 1300 811 ut
1314 781 1397 821 pleni
1417 780 1579 811 christiani
1595 781 1758 811 invenian-

986 835 1048 864 tur.
1063 845 1076 861 »
1095 833 1155 864 Sed
1173 834 1209 873 gb)
1226 834 1332 864 nullus
1347 834 1499 872 salvatur,
1516 834 1576 864 nisi
1591 834 1631 864 sit
1647 834 1759 873 plenus

986 887 1174 917 christianus
1195 896 1203 917 ε
1228 896 1305 925 ergo
1327 887 1472 917 similiter
1492 887 1600 917 nullus
1618 886 1759 917 salvatur

985 939 1054 969 sine
1069 941 1270 970 sacramento
1287 940 1548 970 confirmationis.

1027 991 1105 1022 Item
1130 991 1224 1031 Ilugo
1240 993 1273 1023 ³:
1302 1004 1316 1021 (1
1342 992 1421 1030 Quid
1444 993 1569 1032 prodest
1590 993 1674 1032 quod
1705 1002 1760 1032 per

985 1044 1180 1084 baptismum
1197 1054 1215 1075 a
1234 1045 1325 1085 laps-11
1345 1046 1494 1084 erigeris,
1511 1045 1571 1076 nisi
1589 1046 1685 1076 etiam
1705 1055 1760 1085 per

985 1098 1256 1128 confirmationem
1277 1099 1314 1129 ad
1337 1099 1485 1130 standum
1506 1100 1726 1130 confirmeris?
1740 1110 1754 1127 ι)

987 1150 1082 1188 Quasi
1098 1151 1192 1189 dicat,
1211 1151 1301 1181 nihil.

1027 1203 1103 1234 Item
1115 1203 1230 1243 Ilugo:
1253 1215 1268 1232 α
1282 1203 1417 1235 Omnino
1433 1204 1649 1244 periculosum
1665 1209 1756 1243 esset,

986 1257 1013 1287 51
1034 1257 1072 1288 ab
1097 1257 1157 1287 hac
1180 1258 1245 1287 vita
1268 1258 1337 1288 sine
1358 1258 1599 1289 confirmatIOne
1618 1259 1759 1298 migrare

989 1312 1196 1349 contingeret.
1210 1322 1223 1338 »
1244 1311 1300 1341 Sed
1320 1320 1383 1341 non
1399 1313 1479 1341 essct
1493 1311 1623 1342 omnino
1638 1313 1760 1352 pericu-

987 1364 1108 1401 losum,
1134 1364 1197 1394 11151
1219 1364 1431 1395 necessarium
1452 1364 1491 1395 ad
1509 1364 1643 1396 salutem
1669 1376 1676 1396 :
1707 1375 1756 1396 er-

988 1426 1047 1456 go,
1065 1419 1125 1448 etc.

1028 1470 1106 1500 item
1121 1470 1149 1500 ⁶:
1175 1469 1272 1502 Corde
1293 1469 1434 1501 creditur
1453 1471 1498 1502 acl
1508 1472 1688 1510 justiciam,
1707 1480 1758 1504 ore

987 1526 1093 1554 autem
1116 1524 1272 1562 consessio
1295 1524 1333 1562 fic
1354 1523 1399 1554 acl
1417 1524 1560 1555 salutem.
1583 1524 1758 1565 Utrumque

987 1578 1033 1607 est
1047 1586 1125 1616 ergo
1135 1576 1175 1607 ad
1188 1577 1322 1607 salutem
1337 1578 1565 1608 necessarium:
1583 1578 1637 1609 sed
1651 1578 1759 1609 nullus

986 1629 1140 1668 salvatur,
1156 1629 1216 1660 nisi
1239 1630 1361 1668 credat,
1378 1630 1430 1661 vel
1445 1630 1560 1661 habeat
1572 1631 1644 1662 fidei
1659 1640 1758 1662 sacra-

987 1684 1150 1713 mentum:
1175 1689 1262 1722 ergo'
1275 1683 1382 1713 nullus
1406 1683 1559 1722 salvatur,
1582 1684 1642 1714 nisi
1663 1685 1758 1715 confi-

986 1736 1101 1772 teatur,
1117 1735 1168 1766 vel
1183 1735 1298 1766 habeat
1317 1738 1551 1767 sacramentum
1572 1736 1611 1768 ad
1631 1737 1689 1768 hoc
1704 1747 1755 1768 or-

987 1788 1142 1819 dinatum.

1026 1841 1140 1872 Contra
1155 1852 1161 1871 :
1179 1844 1206 1871 1.
1222 1841 1404 1881 Baptismus
1418 1843 1500 1874 delet
1513 1843 1640 1884 culpam
1654 1854 1661 1874 ε
1678 1853 1757 1883 ergo
1775 1858 1806 1877 Aa
1827 1865 1875 1884 υμρ,

987 1894 1039 1925 dat
1053 1894 1210 1933 gratiam:
1227 1895 1280 1926 sed
1296 1895 1416 1926 habens
1430 1897 1757 1938 quantulamcumque

988 1948 1137 1986 gratiam,
1151 1947 1245 1978 habet
1259 1949 1343 1988 quod
1363 1950 1576 1980 necessarium
1597 1952 1644 1981 est
1657 1950 1696 1981 ad
1711 1959 1758 1981 sa-

986 2000 1085 2030 lutem
1103 2011 1110 2031 :
1128 2009 1206 2040 ergo
1220 2010 1283 2032 non
1298 2004 1345 2032 est
1362 2003 1495 2034 ulterius
1509 2003 1684 2034 necessaria
1698 2004 1757 2034 sibi

987 2053 1196 2092 confirmatio,
1213 2055 1264 2085 vel
1277 2055 1397 2095 aliquid
1412 2056 1508 2087 aliud.
1527 2057 1559 2088 Si
1573 2058 1658 2088 dicas
1673 2057 1758 2088 suffi-

986 2115 1056 2137 cere
1073 2107 1111 2137 ad
1126 2107 1270 2145 salutem,
1289 2108 1314 2138 si
1330 2109 1475 2148 moritur,
1495 2110 1548 2141 sed
1564 2119 1628 2141 11011
1643 2111 1682 2141 ad
1697 2120 1755 2151 pu-

987 2159 1164 2198 gnandum,
1182 2159 1208 2190 si
1223 2160 1318 2199 vivit;
1337 2161 1469 2193 Contra:
1487 2162 1521 2193 In
1536 2163 1693 2203 baptismo
1707 2164 1758 2194 da-

985 2213 1039 2243 tur
1068 2212 1172 2251 gratia
1194 2222 1268 2244 cum
1290 2215 1441 2246 omnibus
1465 2216 1653 2254 virtutibus,
1678 2218 1758 2248 sicut

986 2265 1060 2296 dicit
1070 2265 1220 2304 Magister
1230 2267 1252 2296 ⁵:
1268 2267 1320 2297 sed
1332 2268 1387 2307 qui
1399 2269 1493 2299 habet
1505 2269 1649 2308 virtutes,
1664 2270 1758 2301 habet

986 2327 1075 2349 arma
1088 2318 1278 2350 sufficientia
1292 2319 1331 2350 ad
1347 2330 1508 2360 pugnam:
1526 2331 1618 2361 ergo,
1636 2325 1694 2353 etc.

1025 2374 1054 2403 ⁶2.
1068 2371 1158 2409 Item,
1172 2371 1280 2403 nullus
1294 2373 1377 2404 cadit
1392 2374 1454 2404 nisi
1472 2376 1596 2406 volens:
1611 2384 1700 2415 ergo,
1717 2384 1757 2407 ex

985 2433 1050 2464 quo
1060 2424 1156 2454 habet
1165 2424 1302 2463 gratiam
1316 2425 1422 2466 ipsum
1436 2429 1637 2465 statuentem,
1655 2430 1758 2468 potest

986 2502 1010 2525 q.
1025 2500 1084 2524 v111;
1101 2494 1189 2517 Petrus
1204 2495 1234 2519 de
1246 2496 1357 2525 Tarum„
1378 2497 1407 2521 iV
1423 2498 1505 2527 Seni„
1518 2498 1575 2522 dist.
1591 2504 1635 2528 vu,
1652 2506 1676 2530 q.
1689 2504 1717 2523 11.
1729 2513 1755 2517 -

985 2530 993 2544 ²
1011 2530 1118 2558 naham,
1131 2529 1160 2553 de
1173 2530 1251 2555 Iastia.
1274 2532 1369 2561 cleric„
1388 2532 1430 2556 lib.
1451 2534 1469 2562 Ι,
1485 2540 1507 2556 6.
1527 2539 1588 2558 xxx.
1606 2546 1638 2552 —
1656 2535 1664 2549 ³
1680 2535 1755 2566 nug„

985 2565 1113 2624 li—i›.⁸lli),ipt.
1130 2566 1183 2624 XII,
1196 2573 1242 2596 per
1254 2568 1345 2598 totum,
1357 2567 1386 2591 de
1400 2570 1511 2591 Sacram.
1523 2581 1552 2586 --
1565 2569 1575 2585 δ
1585 2569 1662 2600 Rom„
1675 2575 1700 2600 x,
1718 2573 1756 2594 10.

1019 2645 1049 2674 (a)
1067 2644 1128 2669 (ἴα-ί,
1143 2644 1202 2670 edit.
1219 2645 1348 2670 dicunt.—
1360 2647 1395 2677 (b)
1410 2648 1573 2672 Inveniautur
1586 2659 1590 2671 z
1609 2650 1662 2674 sed.
