2017 2948
84 2491 188 2512 Concilia-

95 2521 124 2542 tio
135 2522 180 2549 opi-

85 2558 178 2573 monum.

654 186 752 219 DIST.
776 188 799 218 1.
823 187 938 220 PART.
963 187 986 219 Ι.
1009 186 1099 218 ART.
1124 186 1148 217 1.
1168 185 1320 224 QUAEST.
1343 187 1379 218 V.

216 255 293 286 viris
308 255 424 287 sanctis
439 263 504 286 non
517 254 708 293 placuissent
722 253 785 285 Deo
797 278 806 291 ,
821 264 880 286 000
894 255 987 286 sacri-

217 309 326 340 ficium
340 310 429 346 Abel,
447 318 504 339 nec
520 308 697 346 Abraham,
712 317 771 339 nec
787 308 983 340 Salomonis:

216 363 302 403 quod
314 362 476 393 manifeste
489 362 604 392 falsum
616 363 673 400 est,
687 362 767 392 sicut
778 364 863 402 patet
873 363 906 393 in
919 371 987 393 ora-

216 415 299 446 tione
311 415 349 454 (a)
365 415 493 445 canonis
502 415 522 445 ².
537 414 573 445 Et
585 414 661 454 quid
672 415 766 445 etiam
779 415 816 445 de
829 415 986 446 oblatione

216 476 312 498 sacrae
326 467 485 507 Virginis,
506 476 580 498 cum
596 467 707 497 obtulit
728 476 784 507 par
799 468 985 498 turturum?

216 521 373 560 numquid
391 530 410 551 a
430 520 544 551 merito
557 529 659 550 vacua
676 520 758 550 fuit?
780 519 909 560 Propter
926 521 986 551 hoc

215 573 305 604 aliter
319 574 471 613 magister
484 573 579 612 Hugo
593 572 695 604 voluit
708 573 821 611 dicere,
838 573 925 613 quod
939 582 986 604 sa·

215 630 375 658 eramenta
397 627 511 658 veteris
534 627 615 666 legis
626 650 634 664 ‚
661 628 792 667 excepta
817 627 983 657 circumci-

214 680 302 711 sione
311 704 318 717 ‚
334 679 476 710 instituta
490 680 620 710 fuerunt
632 680 736 719 primo
750 680 790 710 ad
803 680 984 719 significan-

214 733 291 764 dum
311 733 359 764 vel
381 733 559 773 passionem
575 735 609 763 ut
624 733 796 771 sacrificia,
818 733 869 763 vel
889 735 985 764 etiam

213 789 320 816 nostra
343 788 539 816 sacramenta
551 810 558 823 ‚
583 788 618 816 ut
641 786 797 826 baptisma
818 789 982 824 nostrum;

213 839 243 868 et
262 838 302 868 ad
324 838 525 869 efficiendum
550 848 614 869 non
637 841 712 869 sunt
735 839 879 869 instituta
891 862 898 875 ,
924 839 983 869 nisi

213 890 316 921 solum
329 891 468 921 exterius
479 891 561 922 circa
572 900 699 922 carnem
711 902 718 929 3
733 891 787 921 sed
799 891 875 931 quia
886 891 911 921 si
915 891 985 930 gni-

212 944 307 974 ficant
321 944 352 974 id
366 944 450 984 quod
465 944 542 975 fides
557 944 665 982 credit,
682 945 715 974 in
730 953 844 975 eornm
859 953 985 984 percep-

212 997 295 1027 tione
310 1000 356 1027 est
370 997 520 1037 professio
533 997 606 1028 fidei
619 1021 627 1035 ,
644 1007 710 1028 1100
725 999 849 1028 tantum
863 998 981 1036 verbo,

212 1049 265 1080 sed
280 1051 310 1080 et
324 1050 414 1080 facto.
431 1049 469 1080 Et
483 1050 558 1090 qnia
572 1050 643 1080 talis
656 1050 734 1081 fides
749 1050 933 1090 disponebat
944 1051 984 1081 ad

208 1102 467 1141 justificationem
478 1126 487 1141 ,
503 1103 573 1134 ideo
585 1106 781 1134 sacramenta
796 1104 849 1134 illa
864 1113 920 1143 per
935 1113 984 1135 ac·

211 1156 318 1187 cidens
338 1156 564 1196 justificabant.
593 1157 630 1188 Et
653 1166 747 1188 novae
772 1157 853 1196 legis
877 1166 981 1188 sacra-

211 1211 318 1240 menta
332 1218 397 1240 non
411 1209 515 1241 solum
529 1219 570 1240 ex
585 1210 689 1250 prima
703 1219 799 1241 causa
812 1212 843 1241 et
856 1210 982 1242 institu-

211 1261 295 1292 tione
316 1262 459 1293 ordinata
481 1264 555 1293 sunt
574 1264 614 1294 ad
636 1263 904 1302 significandum,
929 1263 984 1294 sed

211 1314 306 1344 etiam
325 1315 363 1345 ad
387 1315 524 1354 gratiam
542 1315 767 1346 obtinendam:
792 1316 860 1347 ideo
880 1325 936 1355 per
950 1326 984 1347 se

211 1368 353 1399 ordinata
367 1371 441 1400 sunt
462 1369 501 1400 ad
519 1369 798 1409 justificationem:
821 1369 911 1407 ideo,
928 1378 984 1409 par

209 1430 242 1451 se
257 1414 424 1461 loquendo,
441 1423 499 1453 ista
512 1423 694 1462 justificant,
711 1423 764 1453 illa
776 1432 841 1453 non
856 1423 916 1453 nisi
927 1432 984 1463 per

209 1475 362 1506 accidens.
379 1475 417 1506 Et
430 1475 528 1515 hujus
542 1476 675 1514 signnm
693 1478 758 1513 est,
775 1477 861 1516 quod
874 1485 980 1507 sacra-

209 1530 316 1558 menta
335 1528 449 1559 veteris
472 1528 553 1568 legis
567 1529 782 1569 principaliter
802 1529 983 1568 significant

208 1580 240 1611 id
263 1582 346 1621 quod
369 1581 562 1612 credendum
582 1584 649 1620 051,
672 1584 710 1613 01
730 1582 843 1613 Christi
861 1583 982 1622 passio-

208 1642 282 1665 nem
295 1657 302 1671 ,
327 1636 357 1665 01
376 1643 432 1674 per
450 1633 607 1674 posterius
621 1635 898 1675 justificationem,
923 1645 977 1667 ex-

207 1690 295 1727 cepta
314 1688 380 1719 sola
400 1688 636 1719 circumcisione
648 1711 657 1726 ‚
676 1698 750 1729 quae
765 1689 981 1729 principaliter

207 1741 367 1780 significat
380 1741 572 1773 amotionem
593 1742 772 1781 originalis.
797 1743 858 1773 Sed
874 1752 978 1775 sacra-

207 1796 314 1825 menta
327 1803 420 1826 11ον01
435 1794 516 1834 legis
531 1805 548 1826 e
563 1796 722 1826 contrario
736 1796 840 1836 primo
854 1796 979 1836 signifi-

207 1850 278 1877 cant
292 1848 404 1886 gratize
418 1849 590 1879 efficaciam
601 1872 609 1886 ,
626 1850 656 1880 et
670 1858 726 1888 per
740 1850 897 1889 posterius
912 1859 980 1890 pas-

207 1899 339 1938 sionem,
355 1900 422 1931 sive
434 1901 466 1930 id
478 1901 562 1940 quod
576 1903 622 1931 est
637 1901 841 1939 credendum,
858 1904 893 1932 ut
906 1902 979 1942 bap-

206 1951 318 1982 tismus
328 1952 510 1984 interiorem
520 1954 726 1991 ablutionem,
739 1955 769 1984 et
780 1954 976 1993 passionem:

206 2003 293 2035 Unde
304 2005 411 2045 Hugo,
422 2006 501 2037 libro
508 2006 779 2045 deSacrcmzcntis,
790 2007 824 2037 in
834 2016 870 2038 ea
877 2009 975 2047 parte,

204 2058 343 2097 quaeinci
348 2060 407 2098 pit:
418 2059 526 2091 Prima
533 2061 634 2099 mitur
640 2060 826 2100 (ΖιῖῘῙὶεΜηῐία
833 2064 973 2099 est,etc²:

207 2122 221 2139 α
235 2110 438 2142 Sacramenta
449 2113 523 2143 novi
535 2113 711 2144 testamenti
725 2114 828 2153 primo
838 2114 904 2144 loco
915 2114 977 2155 spi-

202 2163 323 2194 ritualis
337 2165 448 2203 gratia}
463 2166 557 2205 signa
571 2169 664 2204 sunt,
683 2169 715 2197 et
728 2166 767 2197 ad
784 2167 886 2207 ipsam
900 2177 974 2207 gra-

203 2215 280 2246 tiam
299 2218 528 2250 sanctificandis
549 2220 770 2250 conferendam
792 2220 975 2261 principali-

202 2271 250 2299 ter
266 2269 420 2302 instituta.
442 2271 498 2302 llla
516 2281 592 2303 vero
607 2273 701 2312 signa
716 2274 833 2304 horum
850 2276 974 2305 tantum

202 2324 309 2360 010111,
330 2325 361 2354 01
379 2324 591 2356 01011100111105
605 2326 655 2356 1115
669 2326 806 2366 gratiam
817 2327 974 2366 305111100-

202 2374 296 2405 tionis
311 2376 511 2408 contulerunt
525 2389 532 2409 :
548 2389 562 2406 »
582 2379 793 2410 mediantibus
806 2380 868 2418 1115,
883 2380 914 2411 111
927 2383 974 2411 051

201 2427 263 2458 fide
282 2427 435 2467 istorum,
459 2429 536 2469 quia
550 2439 617 2462 non
631 2432 771 2463 01001111
784 2441 838 2471 re,
861 2433 917 2464 sed
938 2433 973 2464 in

201 2480 274 2511 fide.
296 2480 335 2512 Et
350 2481 408 2512 has
421 2482 584 2522 opiniones
605 2486 758 2525 tanquam
773 2486 973 2517 rationabiles

202 2534 392 2565 concordant
411 2535 509 2575 aliqui
526 2537 672 2575 magistri
690 2538 834 2570 moderni
848 2541 972 2579 tempo-

235 2613 244 2629 ¹
259 2612 320 2637 Can.
339 2614 396 2637 Mis.
415 2614 468 2638 ibi:
486 2614 567 2646 Supra
581 2623 636 2646 quoe
657 2617 765 2648 propitio
783 2625 812 2642 ac
834 2625 926 2644 sereno.
942 2631 971 2638 -

203 2646 211 2661 ²
226 2647 301 2679 nug„
319 2649 362 2673 lib.
379 2649 409 2680 V,
426 2657 450 2680 p.
466 2650 497 2680 ll,
512 2656 568 2674 0.1.

1752 189 1811 220 263

1039 254 1083 285 ris
1095 276 1103 291 ‚
1119 253 1257 284 dicentes
1269 252 1460 293 Magistrum
1474 254 1617 285 locutum
1630 263 1709 292 esse,
1725 255 1810 295 quod

1039 306 1092 337 illa
1105 316 1170 337 non
1181 307 1398 346 justificabant
1419 315 1476 346 per
1498 316 1530 337 se
1544 330 1551 344 ‚
1572 307 1625 338 sed
1642 307 1740 347 Hugo
1755 317 1811 348 per

1039 360 1182 390 accidens
1196 369 1204 390 t
1234 359 1303 390 ideo
1326 369 1390 390 non
1415 362 1462 390 est
1485 360 1697 391 contradIctio.
1730 361 1812 391 Sunt

1039 412 1135 443 etiam
1150 412 1222 449 alii,
1244 412 1299 452 qui
1314 412 1423 443 dicunt
1436 412 1520 442 idem
1535 412 1640 452 ipsum
1655 413 1724 443 aliis
1738 422 1811 444 ver-

1039 464 1087 495 bis
1100 488 1107 503 ,
1124 465 1209 505 quod
1222 465 1282 495 ista
1291 465 1467 505 justificant
1481 465 1602 495 ratione
1619 466 1722 505 operis
1736 475 1812 506 ope-

1039 518 1116 556 rati,
1136 518 1190 549 sed
1210 518 1264 549 illa
1283 519 1403 550 ratione
1425 519 1529 558 operis
1546 519 1705 559 operantis
1717 542 1724 556 ‚
1746 529 1808 550 non

1039 570 1159 611 operati
1173 580 1180 601 :
1196 572 1227 601 et
1241 580 1321 611 opus
1342 580 1476 611 operans
1490 574 1536 602 est
1551 571 1628 602 fides
1641 595 1648 609 ‚
1665 572 1718 602 5011
1734 581 1793 612 ope

1038 627 1144 656 ratum
1158 625 1297 656 exterius
1311 627 1357 656 est
1374 626 1608 656 sacramentum
1623 636 1630 656 z
1649 626 1679 656 et
1694 625 1752 656 1100
1766 630 1811 656 esi

1038 678 1160 709 ratione
1180 678 1252 709 fidei
1267 680 1298 709 et
1311 677 1472 709 charitatis
1494 679 1683 717 conjunctae.
1708 678 1768 709 Sed
1786 679 1810 709 si

1038 731 1110 771 quis
1124 730 1274 767 attendat,
1291 731 1342 761 11εο
1357 731 1527 771 positiones
1539 731 1655 762 directe
1670 731 1729 761 sibi
1739 741 1811 763 con-

1037 784 1206 815 tradicunt.
1230 783 1374 814 Primum
1394 784 1522 823 quidem
1537 807 1544 820 ,
1569 784 1644 824 quia
1662 784 1812 824 Magister

1037 845 1103 867 non
1127 836 1230 867 solum
1253 836 1327 867 dicit
1349 837 1435 876 quod
1456 837 1509 867 illa
1527 839 1724 868 sacramenta
1747 847 1812 869 non

1034 889 1262 928 justificabant,
1276 889 1340 919 imo
1353 889 1477 919 etiamsi
1492 890 1525 920 in
1541 890 1602 920 fide
1617 892 1648 920 et
1661 890 1812 921 charitate

1037 942 1151 973 fierent
1165 953 1171 972 :
1196 944 1227 972 et
1240 942 1284 972 sic
1298 951 1355 972 000
1369 951 1425 982 per
1439 952 1471 973 se
1482 966 1492 980 ‚
1513 952 1571 973 nec
1585 952 1641 982 per
1655 943 1809 974 accidens.

1038 993 1160 1025 Rursus
1173 1017 1180 1031 ,
1197 996 1341 1034 utraeque
1356 995 1533 1034 loquuntur
1547 995 1585 1026 de
1599 995 1650 1026 his
1663 996 1697 1026 10
1712 1005 1813 1036 quan—

1037 1049 1107 1078 tum
1121 1049 1195 1078 sunt
1217 1049 1413 1078 sacramenta
1428 1060 1435 1080 :
1453 1050 1483 1079 01
1498 1050 1620 1079 0005101
1634 1049 1719 1088 qnod
1733 1058 1813 1089 opus

1037 1111 1171 1143 operans
1182 1112 1246 1133 non
1259 1105 1305 1134 est
1317 1105 1563 1140 sacramentum,
1580 1103 1634 1134 sed
1648 1113 1727 1144 opus
1739 1113 1813 1144 ope-

1037 1158 1142 1187 ratum
1157 1167 1163 1187 :
1189 1166 1269 1196 ergo
1289 1159 1426 1197 utraque
1440 1157 1593 1188 intellexit
1608 1157 1646 1187 de
1662 1159 1808 1197 operato,

1037 1211 1068 1240 et
1082 1209 1161 1240 illud
1182 1218 1296 1240 verum
1311 1211 1357 1240 est
1372 1220 1378 1240 ε
1399 1212 1430 1240 01
1448 1209 1486 1240 110
1501 1209 1555 1240 1110
1575 1218 1669 1250 opere
1684 1212 1812 1250 operato

1036 1262 1117 1294 dixit
1132 1262 1283 1302 Magister
1297 1262 1382 1302 quod
1395 1263 1499 1293 solum
1513 1262 1728 1302 significabat,
1746 1272 1812 1295 non

1034 1315 1237 1355 Justificabat,
1254 1315 1335 1345 sicut
1346 1315 1485 1355 aspersio
1497 1325 1601 1355 aquae,
1616 1316 1667 1347 vel
1682 1317 1813 1356 sangui-

1037 1368 1096 1398 nis.
1111 1367 1295 1407 Numquam
1305 1367 1391 1398 enim
1399 1368 1594 1407 justificabat
1602 1369 1736 1408 sanguis
1746 1370 1813 1401 hir·-

1037 1430 1148 1451 corum
1162 1430 1322 1461 aspersus,
1339 1421 1463 1452 etiamsi
1478 1421 1512 1452 in
1527 1422 1599 1461 fide,
1616 1425 1646 1453 ct
1661 1422 1813 1454 charitate

1037 1474 1145 1504 fieret:
1164 1476 1195 1505 et
1209 1474 1270 1505 hoc
1289 1474 1382 1505 modo
1397 1484 1455 1505 nec
1470 1484 1526 1515 per
1541 1485 1574 1506 se
1585 1500 1593 1514 ‚
1614 1485 1674 1507 nec
1689 1485 1746 1516 per
1759 1486 1811 1508 ac-

1036 1526 1143 1557 cidens
1158 1537 1165 1558 :
1182 1529 1213 1558 et
1227 1527 1287 1557 hoc
1296 1527 1358 1558 fuit
1371 1528 1447 1558 satis
1463 1528 1636 1568 probabile.
1655 1529 1715 1560 Sed
1731 1532 1814 1561 certe

1036 1579 1137 1610 multo
1160 1580 1355 1620 probabilius
1371 1581 1517 1621 estquod
1540 1583 1694 1621 magister
1716 1583 1814 1622 Hugo

1035 1633 1157 1672 posuit,
1174 1633 1260 1673 quod
1275 1643 1348 1664 cum
1362 1634 1396 1665 in
1410 1634 1464 1665 illo
1479 1644 1574 1675 opere
1588 1638 1717 1676 operato
1733 1638 1814 1668 esset

1034 1687 1184 1727 professio
1200 1688 1274 1719 fidei
1289 1689 1388 1727 facta,
1410 1690 1492 1730 quod
1509 1690 1631 1722 ratione
1645 1691 1719 1722 fidei
1735 1700 1811 1722 con-

1030 1741 1153 1779 junctae
1167 1742 1280 1772 eratin
1293 1741 1355 1772 illis
1368 1743 1472 1783 primo
1487 1745 1517 1774 et
1532 1753 1589 1784 per
1602 1744 1655 1775 illa
1673 1746 1750 1784 (per
1762 1754 1812 1776 ae-

1033 1793 1140 1824 cidens
1154 1795 1279 1833 tamen)
1290 1795 1488 1834 justificatio.
1505 1796 1567 1827 Sed
1579 1796 1613 1827 in
1626 1797 1685 1828 11οο
1698 1799 1745 1828 051
1758 1797 1814 1828 dif-

1033 1845 1165 1876 ferentia
1177 1846 1320 1886 ipsorum
1331 1848 1371 1878 ad
1382 1857 1477 1886 nova,
1495 1849 1580 1889 quod
1590 1849 1623 1880 in
1634 1859 1814 1881 sacramen-

1032 1899 1072 1929 tis
1086 1908 1179 1930 novae
1195 1900 1297 1939 legis,
1321 1903 1479 1941 quantum
1494 1903 1532 1933 ad
1548 1912 1643 1943 opera
1653 1926 1661 1941 ,
1684 1905 1814 1944 operata

1032 1954 1078 1983 est
1088 1953 1274 1992 justificatio
1291 1963 1355 1985 non
1370 1957 1495 1986 tantum
1509 1965 1564 1996 per
1579 1956 1739 1995 accidens,
1757 1958 1813 1988 sed

1032 2005 1127 2036 etiam
1143 2015 1199 2045 per
1213 2015 1257 2036 50.
1282 2006 1386 2046 Hujus
1405 2010 1512 2039 autom
1531 2009 1664 2048 signum
1679 2009 1813 2041 evidens

1032 2058 1136 2098 primo
1148 2061 1312 2090 ostensum
1327 2063 1374 2090 est
1387 2061 1421 2091 in
1435 2061 1529 2092 modo
1543 2062 1745 2101 significandi
1758 2063 1811 2094 ho⁴

1031 2121 1106 2142 rum
1132 2114 1405 2144 sacramentorum
1417 2138 1425 2152 ‚
1450 2116 1482 2145 et
1505 2114 1645 2146 illorum.
1673 2116 1706 2146 Si
1735 2125 1810 2148 vero

1030 2165 1187 2204 quaeritur
1201 2165 1281 2196 ratio
1292 2188 1300 2203 ‚
1318 2167 1402 2198 unde
1416 2166 1477 2198 hoc
1494 2169 1560 2206 est,
1578 2170 1663 2208 patet
1675 2178 1807 2210 respon-

1030 2217 1077 2249 sio
1091 2227 1130 2248 ex
1144 2218 1301 2258 praedictis
1312 2242 1320 2257 ‚
1344 2220 1420 2260 quia
1443 2221 1609 2252 0005011105
1625 2232 1806 2254 sacramen-

1030 2272 1136 2301 torum
1158 2280 1222 2302 non
1242 2274 1288 2302 est
1309 2272 1394 2303 aliud
1413 2283 1512 2313 quam
1533 2275 1679 2315 quaedam
1695 2276 1808 2308 efficax

1029 2323 1185 2355 ordinatio
1196 2324 1235 2355 ad
1244 2325 1456 2365 recipiendam
1467 2328 1604 2366 gratiam
1616 2337 1654 2358 ex
1662 2329 1807 2368 pactione

1028 2377 1138 2408 divina
1152 2389 1158 2409 :
1175 2378 1236 2408 1100
1247 2380 1354 2410 autem
1367 2379 1425 2410 fuit
1436 2380 1541 2411 solum
1554 2381 1588 2411 in
1599 2382 1807 2413 sacramentis

1028 2440 1122 2463 novae
1138 2432 1218 2471 legis
1230 2456 1238 2470 ‚
1258 2435 1290 2464 et
1305 2443 1370 2464 non
1384 2435 1521 2474 veteris,
1543 2435 1605 2466 nisi
1619 2435 1653 2466 in
1666 2435 1806 2468 circum-

1027 2485 1154 2523 cisione,
1171 2486 1247 2526 quia
1263 2486 1308 2517 ibi
1323 2487 1383 2518 suit
1397 2487 1510 2527 pacilo.
1527 2488 1629 2526 Quare
1643 2490 1753 2521 autem
1772 2490 1805 2522 in

1027 2537 1094 2568 istis
1107 2540 1154 2569 est
1167 2539 1269 2579 pactio
1284 2541 1314 2570 01
1328 2539 1504 2579 0111100110,
1521 2541 1555 2572 in
1569 2541 1632 2572 illis
1647 2550 1713 2573 non
1724 2565 1732 2580 ‚
1749 2552 1805 2583 pa-

1027 2593 1090 2629 tet,
1109 2591 1186 2631 quia
1199 2593 1277 2623 tunc
1295 2592 1356 2623 fuit
1374 2594 1500 2634 tempus
1519 2594 1656 2635 figurae,
1675 2597 1706 2627 et
1727 2596 1803 2628 vin-

1059 2652 1092 2683 (a)
1111 2652 1170 2677 Caet.
1187 2652 1247 2676 edit.
1265 2653 1371 2677 1011000.

1838 699 1920 725 Impro-

1855 731 1911 750 batia

1834 761 1934 781 concilia·

1846 791 1916 812 lionis.
