2017 2948
625 119 719 150 DIST.
743 119 805 150 XV.
831 118 945 149 PART.
970 118 993 148 ll

224 187 468 225 inhonestatem,
480 190 510 219 et
521 187 604 227 juris
614 186 866 217 interdictionem
879 196 886 216 ι
901 185 938 217 Et
952 194 992 216 ex

225 241 274 270 his
289 244 395 280 patent
408 242 538 280 obJecta.

111 295 173 335 ¹J-cffp3
185 295 211 315 ad
266 294 354 330 Quod
370 294 455 325 enim
464 294 588 330 dicitur,
601 292 685 332 quod
696 292 733 322 de
744 292 855 331 iniquo
863 301 927 322 non
938 301 993 331 po-

107 332 210 376 i-„L'E'L‚„.
229 349 285 376 test
300 347 367 377 fieri
384 347 594 385 eleemosyna,
609 345 796 383 intelligitur
807 345 844 374 de
856 354 892 374 eo
906 344 990 384 quod

227 399 334 438 inique
348 399 536 439 possidetur,
553 401 583 428 et
600 399 716 437 injusto
732 398 834 427 titulo.

267 455 295 482 1.
313 452 400 489 Quod
415 452 562 491 objicitur
576 451 613 481 ad
625 452 818 481 contrarium
831 475 837 489 ⁷
855 453 996 491 procedit

226 505 399 535 secundum
416 505 510 534 aliam
526 505 621 534 viam.

267 560 285 587 2
301 559 330 587 et
346 560 373 587 3.
392 558 438 588 Ad
454 557 531 587 illud
546 557 629 597 quod
640 557 790 595 objicitur
804 557 842 587 de
857 566 997 588 necessa-

228 610 282 640 riis
309 612 339 640 et
367 610 557 650 superfluis,
584 610 751 640 dicendum
781 610 867 649 quod
886 619 996 640 neccs-

228 662 350 693 sarium
373 663 489 692 dicitur
511 663 677 701 dupliciter
700 672 707 693 :
737 663 786 693 vel
817 663 995 693 secundum

228 718 351 746 naturae
371 716 610 753 aictitudinem,
637 717 687 746 vel
709 717 884 746 secundum
909 725 997 746 com-

229 778 358 799 munem
382 778 476 799 usum
496 770 634 800 vivendi.
662 769 694 799 Si
715 770 890 799 secundum
928 778 996 799 arc-

229 822 393 852 titudinem
405 846 413 859 ,
442 832 506 853 non
538 825 681 859 tenetur,
710 832 766 853 nec
802 825 925 862 oportet
971 823 999 852 ei

229 876 365 916 imponi,
380 877 436 916 qui
460 877 618 916 peccavit,
635 877 710 916 quia
732 877 792 906 hoc
815 879 861 906 est
880 877 997 915 perfec-

229 929 324 959 tionis
346 929 495 967 illorum,
523 929 577 968 qui
606 931 709 959 totum
736 929 856 959 victum
885 938 1000 968 expec-

230 985 298 1013 tant
325 992 343 1013 a
359 983 496 1020 Christo,
516 983 595 1013 sicut
615 985 689 1012 sunt
705 983 765 1013 viri
789 983 843 1022 qui
869 985 943 1012 sunt
968 982 999 1012 in

231 1037 314 1065 statu
340 1036 475 1074 perfecto
492 1045 499 1065 ε
516 1038 547 1065 et
573 1035 641 1066 ideo
662 1035 686 1064 si
711 1036 766 1065 fiat
787 1036 998 1074 eleemosyna,

231 1088 322 1118 debet
336 1089 404 1118 fieri
419 1088 457 1118 de
471 1097 508 1118 eo
519 1089 603 1127 quod
620 1090 760 1127 superest
775 1088 849 1118 huic
859 1097 1001 1118 necessa-

230 1141 289 1178 rio,
306 1143 336 1170 et
349 1141 428 1171 bene
450 1143 496 1171 est
518 1141 735 1172 satisfactoria.
757 1141 827 1172 Alio
842 1142 937 1172 modo
953 1141 998 1172 di-

230 1194 313 1224 citur
328 1194 551 1231 necessarium⁷
569 1195 654 1233 quod
670 1194 796 1233 expedit
811 1195 935 1225 homini
952 1203 1001 1224 se-

231 1247 371 1277 cundum
396 1256 600 1278 communem
631 1247 763 1278 modum
791 1248 930 1279 vivendi.
959 1248 1002 1279 De

231 1309 295 1340 quo
310 1300 382 1331 dicit
402 1300 614 1339 Augustinus,
631 1301 715 1340 quod
731 1301 830 1331 multa
842 1301 1003 1341 superflua

231 1353 348 1383 hahere
367 1353 575 1392 probabimur
589 1378 596 1392 ,
613 1354 639 1383 si
666 1353 732 1384 sola
756 1355 933 1385 necessaria
956 1357 1003 1385 te-

232 1417 382 1449 neamus;
404 1411 434 1438 et
456 1409 494 1439 de
521 1409 574 1439 tali
599 1410 635 1439 fit
657 1410 783 1449 proprie
803 1410 1004 1450 eleemosyna

233 1462 456 1499 satisfactoria3
487 1462 524 1492 de
555 1463 715 1502 superfluo
744 1472 820 1494 vero
850 1472 915 1494 non
945 1464 981 1494 fit
993 1488 1000 1501 ,

233 1517 391 1554 quantum
427 1518 474 1546 est
505 1515 543 1546 de
573 1516 679 1554 rigore
709 1516 852 1555 Justitiae.
884 1516 1003 1547 Tamen

233 1568 337 1606 credo,
354 1569 439 1609 quod
451 1569 567 1600 divinae
584 1570 808 1600 misericordiae
824 1570 1003 1609 benignitas

233 1625 319 1653 tanta
333 1626 389 1659 est,
407 1623 490 1662 quod
503 1625 606 1653 totum
625 1625 773 1663 acceptat,
795 1626 825 1654 et
840 1624 929 1663 quasi
946 1633 1002 1664 pro

233 1674 333 1705 nihilo
348 1675 448 1706 salvat
462 1684 528 1706 nos.
554 1675 592 1706 Et
617 1676 660 1706 sic
674 1679 758 1716 patet
785 1677 946 1716 responsio
961 1678 1000 1708 ad

229 1729 400 1768 utramque
414 1731 548 1768 partem.

493 1834 672 1872 QUAESTIO
695 1835 732 1865 ll.

353 1917 398 1943 An
409 1915 514 1951 jejunio
530 1917 666 1951 concinyat
680 1916 838 1949 satisfacere
854 1916 871 1941 ¹.

271 1996 378 2027 Utrum
404 1996 529 2035 ¹jejunio
562 1996 727 2035 contingat
747 1995 944 2033 satisfacere·‚
971 1997 1002 2026 et

230 2049 316 2089 quod
343 2049 398 2087 sic,
423 2049 550 2080 videtur
572 2060 578 2080 :
601 2050 676 2088 quia
699 2050 723 2079 si
751 2049 928 2079 satisfacere
956 2050 1001 2078 est

230 2111 339 2133 causas
355 2104 555 2141 peccatorum
578 2102 742 2140 excidere,
766 2104 796 2132 et
814 2102 875 2132 Deo
896 2102 1002 2132 hono-

229 2165 297 2186 rem
326 2165 382 2195 per
404 2164 531 2195 poenam
549 2155 698 2193 reddere3
723 2164 797 2185 cum
824 2155 856 2184 in
873 2155 1000 2194 Jejunio

230 2209 333 2240 carnis
348 2209 507 2240 incentiva
535 2208 732 2245 excidantur,
749 2210 779 2238 et
801 2207 898 2238 homo
918 2208 1000 2247 seip-

230 2272 303 2294 sum
318 2263 438 2303 puniat,
456 2264 551 2302 patet,
567 2263 626 2292 etc.

111 2008 214 2029 Fundam.

264 2344 330 2372 ¹Cl.
357 2342 427 2366 Alex.
454 2342 547 2371 Aleria,
572 2349 596 2371 p,
626 2341 665 2367 IV,
693 2348 717 2371 *l-
744 2346 805 2364 xiii.
834 2340 941 2363 membr:
970 2342 998 2369 13

232 2382 258 2402 s.
273 2379 374 2406 Timui„
393 2378 454 2405 ΙΙ-Η,
471 2384 496 2407 ¹1·
515 2383 565 2405 xix,
584 2378 630 2399 art.
650 2378 672 2404 ις
692 2379 715 2399 et
739 2377 767 2399 tv
788 2378 865 2403 svnt,
884 2376 939 2399 ili-t,
959 2382 1000 2405 xv,

231 2422 255 2445 q.
279 2421 322 2442 ιιι,
341 2416 386 2436 art.
409 2415 433 2439 1,
454 2420 479 2442 «ι.
503 2418 534 2440 il,
557 2412 705 2441 urchardus,
729 2412 757 2434 tV
783 2412 860 2439 sent„
879 2411 936 2434 dist.
957 2417 998 2439 λν,

231 2452 277 2473 art.
303 2454 346 2477 ιιι,
368 2455 391 2478 q.
420 2454 450 2477 113
473 2447 559 2477 suph.
589 2446 691 2476 Brutus„
716 2446 747 2470 iv
774 2446 852 2473 seut„
876 2447 932 2470 dist.
958 2452 1000 2474 xv,

231 2492 255 2516 q.
275 2490 325 2515 x113
341 2484 429 2508 Petrus
445 2483 475 2506 de
490 2483 601 2512 Tarant„
617 2482 646 2505 lv
669 2482 746 2510 sent„
762 2481 820 2505 dist.
838 2488 880 2512 xv,
896 2488 920 2512 ⁴1.
940 2487 999 2505 xiii.

1000 142 1006 148 .
1030 118 1118 149 ART.
1144 118 1181 148 11.
1206 118 1352 154 QUAEST.
1378 119 1413 148 Il.

1756 120 1814 148 615

1088 184 1210 222 Contra,
1231 187 1241 214 1
1262 188 1289 214 ²:
1305 185 1456 216 scindite
1472 185 1567 217 corda
1581 187 1696 223 vestra,
1714 186 1815 216 elnon
1829 196 1862 216 Aa
1882 200 1932 221 opp.

1048 238 1234 270 vestimenta
1250 246 1257 267 z
1274 246 1351 275 ergo
1367 246 1430 267 non
1446 238 1517 268 facit
1532 238 1597 268 vim
1618 239 1700 268 Deus
1720 238 1752 268 in
1769 238 1814 268 af-

1049 291 1184 321 ssictionc
1201 290 1314 327 carnis,
1331 290 1384 320 sed
1399 291 1522 320 mentis.

1089 346 1117 373 Ξ).
1146 343 1223 373 Item
1238 343 1247 359 ³
1267 354 1273 373 :
1293 343 1471 382 corporalis
1486 345 1669 375 exercitatio
1688 343 1732 374 act
1753 351 1817 375 mo-

1051 397 1158 428 dicum
1170 397 1261 428 utitis
1273 400 1318 428 est
1330 397 1446 436 pietas,
1463 397 1506 427 (ut
1521 398 1616 428 multa
1636 408 1641 426 τ
1660 397 1713 427 sed
1728 398 1818 427 satis-

1050 450 1143 480 factio
1162 450 1298 480 multum
1314 452 1359 480 est
1374 449 1459 480 utilis
1474 461 1480 479 :
1498 459 1588 488 ergo,
1606 453 1663 479 etc.

1092 505 1120 533 3.
1136 503 1224 540 Item,
1250 512 1324 533 cum
1347 502 1523 532 sattsfacere
1547 502 1586 532 sit
1608 512 1718 532 causas
1734 504 1818 533 exci-

1052 556 1124 586 dere
1139 555 1435 595 pec‹2·atorum,illud
1450 556 1563 594 punire
1575 557 1621 586 est
1632 556 1818 594 satisfacere.

1052 609 1137 648 quod
1158 611 1204 639 est
1227 618 1321 639 causa
1338 609 1459 648 peccati
1480 620 1486 638 ε
1520 609 1572 639 sed
1595 609 1654 638 hoc
1680 611 1726 638 est
1754 618 1819 647 cor,

1053 671 1116 691 non
1131 671 1176 698 os,
1194 662 1327 692 velcaro
1342 662 1350 677 ‘¹
1370 671 1376 692 :
1391 662 1482 692 Nihil
1503 661 1588 701 quod
1602 663 1704 693 intrat
1727 662 1762 693 in
1775 669 1820 698 OS,

1053 715 1241 754 coinquinat
1268 715 1425 746 hominem
1439 738 1445 751 ‚
1476 714 1532 746 sed
1566 723 1635 754 quse
1664 714 1701 745 de
1733 715 1823 746 corde

1054 771 1172 799 eoeezmt
1195 779 1201 798 :
1219 777 1310 807 crgo,
1327 770 1385 798 etc.

1094 824 1122 852 4.
1142 822 1218 852 Item
1230 822 1331 861 judex
1342 823 1463 860 justus,
1482 822 1654 861 puniendo,
1673 831 1737 852 non
1752 821 1823 852 ani-

1055 875 1224 905 madvertit
1234 875 1267 904 in
1277 875 1535 912 instrumentum,
1548 875 1601 905 sed
1616 875 1648 904 iu
1664 877 1825 905 auctorem

1055 928 1179 957 sceleris
1190 951 1199 965 ,
1216 928 1299 957 unde
1316 937 1377 957 nou
1392 928 1525 967 punitur
1540 928 1684 966 gladius,
1701 928 1754 957 sed
1770 928 1825 957 ho-

1055 985 1169 1015 micida
1187 995 1193 1015 z
1211 994 1290 1023 ergo
1319 994 1392 1015 cum
1416 994 1488 1015 caro
1514 985 1553 1015 sit
1579 985 1825 1015 instrumentum

1056 1038 1137 1068 sicut
1152 1038 1398 1068 instrumentum
1415 1039 1549 1075 motum⁷
1567 1039 1661 1076 patet,
1678 1040 1735 1067 etc.

1097 1092 1124 1121 5.
1148 1090 1226 1121 item
1248 1100 1320 1121 caro
1336 1093 1382 1120 est
1402 1091 1529 1121 inimica
1552 1091 1590 1129 (a)
1609 1090 1707 1120 nostri
1735 1091 1826 1130 spiri-

1057 1144 1107 1172 tus
1123 1144 1132 1160 ⁵
1149 1151 1156 1172 :
1173 1142 1247 1173 Hoec
1270 1142 1333 1173 sibi
1356 1141 1400 1172 ad
1427 1142 1563 1173 invicem
1592 1141 1825 1173 adversantur:

1057 1197 1111 1227 sed
1126 1197 1238 1228 dicitur
1253 1197 1262 1213 ⁵
1281 1208 1287 1228 :
1311 1197 1445 1237 Diliyz‘te
1464 1198 1613 1228 inimicos
1634 1200 1760 1235 vestros,
1776 1197 1824 1228 be-

1057 1252 1205 1290 nefacite,
1223 1253 1279 1282 etc.

1098 1307 1126 1335 6.
1146 1305 1222 1335 Item
1238 1305 1322 1344 quod
1337 1314 1506 1335 commune
1529 1306 1576 1334 est
1597 1304 1679 1343 apud
1705 1313 1825 1343 omnes*‚

1058 1362 1104 1391 est
1124 1360 1268 1390 naturale
1285 1371 1290 1390 :
1311 1360 1364 1390 sed
1380 1360 1495 1390 dicitur
1509 1360 1518 1375 ⁷
1539 1371 1545 1390 z
1569 1360 1663 1391 Nemo
1685 1367 1828 1398 unquam

1059 1422 1184 1445 carnem
1196 1422 1288 1445 suam
1303 1413 1375 1445 odio
1388 1413 1500 1444 habuit
1513 1421 1520 1443 z
1535 1422 1612 1451 ergo
1627 1413 1770 1443 naturale
1781 1415 1827 1443 est

1059 1477 1185 1498 carnem
1201 1468 1306 1498 fovere
1322 1478 1329 1498 z
1347 1477 1423 1506 ergo
1435 1467 1577 1506 affligere
1592 1469 1637 1496 est
1648 1468 1756 1497 contra
1770 1476 1828 1497 na-

1058 1523 1165 1551 turam
1183 1531 1189 1550 :
1208 1521 1261 1551 sed
1281 1521 1465 1560 poenitentia
1485 1522 1530 1550 est
1548 1519 1706 1558 regressio
1730 1520 1768 1549 ab
1790 1529 1827 1551 eo

1058 1574 1142 1614 quod
1169 1577 1215 1604 cst
1235 1576 1350 1614 praeter
1371 1575 1518 1603 naturam
1544 1584 1550 1603 z
1570 1573 1825 1612 e1=g0j‹·juniu1n

1058 1636 1122 1658 non
1137 1630 1183 1657 est
1198 1627 1237 1657 ad
1252 1626 1506 1657 satisfaciendum
1522 1626 1555 1656 in
1570 1626 1764 1666 poenitentia.

1100 1684 1127 1710 7.
1146 1681 1222 1711 Item
1239 1681 1294 1720 qui
1310 1689 1438 1710 carnem
1453 1680 1576 1719 affligit,
1587 1680 1703 1710 amittit
1716 1680 1825 1718 vitam,

1058 1736 1089 1764 et
1114 1734 1265 1764 accelerat
1291 1735 1445 1770 mortem,
1461 1733 1537 1772 quia
1564 1733 1658 1763 estin
1674 1734 1827 1772 e01naj01·

1057 1786 1274 1826 consumptio,
1297 1788 1327 1816 et
1349 1786 1453 1816 minor
1479 1786 1685 1816 restauratio:
1703 1786 1755 1816 sed
1771 1787 1825 1825 qui

1057 1840 1209 1871 accelerat
1232 1841 1378 1876 mortem,
1390 1841 1437 1869 est
1450 1838 1608 1869 homicida
1621 1850 1627 1876 ;
1644 1841 1674 1869 et
1689 1839 1714 1868 si
1729 1838 1827 1878 longo

1057 1896 1198 1932 tempore
1213 1892 1347 1930 differat,
1366 1901 1428 1922 non
1451 1892 1555 1922 refert.
1573 1892 1660 1922 Unde
1674 1892 1826 1932 Hierony-

1057 1956 1129 1977 mus
1145 1947 1154 1963 Β
1172 1957 1178 1976 :
1199 1957 1213 1974 (ι
1225 1945 1293 1977 Non
1309 1945 1403 1975 refert
1419 1946 1528 1975 utrum
1549 1953 1647 1984 parvo
1661 1947 1803 1985 tempore
1816 1969 1823 1983 ‚

1056 1998 1108 2030 vel
1123 2007 1241 2037 magno
1255 1999 1286 2027 te
1301 1997 1473 2028 interimas.
1490 2007 1504 2025 »
1520 1996 1606 2036 Ergo
1621 1997 1675 2036 qui
1686 1997 1825 2036 Jernat,

1056 2054 1102 2082 est
1117 2051 1287 2081 homicida.

1097 2106 1125 2135 8.
1144 2105 1221 2135 Item
1243 2112 1337 2134 omne
1358 2112 1437 2143 opus
1457 2103 1631 2133 discretum
1650 2105 1679 2133 et
1703 2103 1826 2134 virtuo-

1057 2168 1127 2189 sum
1143 2158 1284 2188 consistit
1306 2157 1339 2187 in
1361 2156 1484 2186 medio:
1503 2156 1556 2186 sed
1576 2156 1738 2195 ,ieiunium
1761 2165 1826 2186 non

1056 2211 1198 2243 consistit
1211 2211 1242 2240 in
1260 2210 1376 2247 medio,
1392 2210 1456 2240 imo
1479 2209 1614 2240 declinat
1630 2209 1668 2239 ad
1683 2209 1826 2248 indigen-

1056 2265 1131 2295 tiam
1147 2275 1152 2294 :
1168 2273 1245 2302 ergo
1261 2272 1318 2293 nec
1333 2263 1526 2302 prenitentiae
1541 2264 1598 2299 est,
1611 2271 1668 2291 nec
1682 2262 1822 2292 virtutis.

1056 2335 1331 2364 —'·'J1›sl.,11,t;‘.-
1344 2334 1352 2349 ³
1365 2335 1370 2356 Ι
1385 2334 1456 2359 Tim.v
1471 2340 1506 2361 iv,
1522 2334 1543 2356 S.
1555 2346 1585 2349 —
1596 2333 1605 2348 ¹0
1618 2332 1716 2362 illalts'ae„
1730 2339 1771 2359 xv,
1789 2335 1824 2356 Η.

1056 2382 1085 2386 ·—
1099 2369 1187 2398 wal„
1205 2375 1226 2399 x,
1246 2370 1319 2392 Π.-
1335 2369 1344 2384 ῡ
1358 2368 1460 2395 limem,
1480 2374 1500 2397 Ψ,
1517 2369 1593 2390 41,β
1610 2367 1617 2382 7
1633 2366 1733 2397 Effice,
1750 2374 1773 2396 v,
1786 2371 1824 2391 22⁰.

1056 2418 1085 2422 —
1104 2404 1114 2420 ⁸
1137 2405 1195 2427 llsec
1217 2405 1295 2427 νιϊιιιῑ
1318 2404 1442 2427 habentur
1463 2403 1529 2433 apud
1551 2404 1629 2432 Crat„
1648 2402 1677 2425 (le
1701 2404 1823 2434 Cuma-een,

1056 2440 1112 2463 dist.
1128 2446 1176 2470 550.
1187 2440 1240 2463 Nm
1253 2439 1337 2462 medic.

1090 2480 1119 2509 (a)
1134 2479 1193 2502 Cret.
1208 2478 1267 2502 edil.
1281 2478 1407 2502 inimicus.
