2017 2948
62 1042 166 1063 Fundam.

75 2050 108 2071 Ad
123 2055 173 2076 opp.

704 163 800 195 DIST.
823 163 856 195 V.
882 160 972 193 ART.
993 161 1030 192 II.
1051 158 1199 198 QUAEST.
1223 159 1248 190 Ι.

407 297 646 332 ARTICULUS
672 297 712 329 II.

219 393 378 431 Quantum
394 392 433 422 ad
448 391 622 422 secundum
645 389 831 427 articulum,
851 396 944 428 quae-

178 447 260 477 ritur
270 445 541 486 consequenterde
552 446 703 484 potestate
714 442 943 482 baptizantium

179 509 235 540 per
249 499 515 539 comparationem
529 499 567 528 ad
578 498 737 534 effectum,
750 498 779 527 et
790 496 871 526 circa
886 495 944 526 hoc

179 554 367 593 quaeruntur
379 552 455 582 duo:
466 552 569 591 primo
581 550 734 590 quaeritur
746 551 855 579 utrum
869 548 944 578 mali

179 606 329 644 ministri,
353 606 425 636 licet
444 605 602 642 catholici,
621 605 695 635 dent
713 604 945 634 sacramentum

179 663 209 690 et
223 668 305 697 rem;
320 659 456 690 secundo
468 658 623 698 quaeritur
637 660 747 687 utrum
758 656 899 687 haeretici
916 658 948 685 et

179 712 301 752 praecisi
318 712 356 742 ab
372 711 507 743 Ecclesia
522 711 594 742 dent
610 720 678 741 rem
693 709 895 748 sacramenti,
910 710 947 739 ut

180 766 333 796 catholici.

450 825 626 863 QUAESTIO
649 826 672 856 l.

214 908 258 935 An
278 908 344 934 mali
366 907 484 933 ministri
505 905 567 932 (lent
586 907 793 936 sacramentum,
814 906 839 930 et
860 912 914 931 rem

468 951 629 977 sacramenti
645 949 661 976 ¹.

222 1029 310 1067 Quod
330 1028 404 1059 mali
422 1027 557 1058 ministri
573 1027 647 1057 dent
660 1035 730 1056 rem
749 1025 949 1063 sacramenti,

184 1084 333 1124 probatur
348 1081 454 1112 multis
469 1079 726 1117 auctoritatibus,
745 1087 818 1118 quae
833 1078 952 1108 haben-

182 1139 233 1167 tur
248 1136 281 1166 in
292 1135 406 1172 littera,
422 1134 562 1164 maxime
580 1133 656 1163 ista:
678 1144 692 1161 «
708 1132 740 1163 Si
756 1141 835 1172 quos
849 1131 950 1171 bapti-

181 1189 262 1220 zavit
276 1189 434 1225 ebriosus,
450 1186 618 1224 homicida,
633 1185 766 1223 adulter,
785 1185 816 1223 {si
837 1185 952 1224 baptis-

184 1251 254 1273 mus
279 1240 392 1272 Christi
415 1242 475 1278 est,
501 1239 644 1270 Christus
676 1238 823 1278 baptizat.
848 1249 862 1265 ›>
891 1237 951 1268 Sed

184 1295 324 1326 Christus
339 1293 474 1333 baptizat
489 1291 711 1323 sanctificando
724 1302 731 1321 ε
750 1300 828 1330 ergo
844 1293 874 1322 et
890 1300 954 1321 ma-

184 1349 233 1380 lus
249 1347 392 1378 minister
407 1345 562 1376 similiter.

225 1402 302 1432 Item
322 1400 447 1433 ratione
471 1399 612 1429 videtur:
636 1397 710 1437 quia
732 1398 757 1428 si
778 1397 955 1438 baptismus

185 1454 261 1485 mali
276 1452 415 1483 hominis
430 1460 493 1482 non
509 1451 597 1482 daret
613 1451 762 1489 gratiam,
778 1452 854 1481 tunc
869 1451 954 1482 salus

186 1508 293 1538 nostra
308 1505 458 1545 penderet
475 1513 515 1535 ex
533 1504 636 1534 aliena
650 1503 735 1534 vita:
759 1504 843 1543 quod
859 1504 885 1534 si
901 1514 956 1535 ne-

186 1561 301 1592 farium
321 1561 366 1590 est
382 1559 500 1594 dicere,
521 1559 552 1588 et
572 1557 745 1596 injustum,
768 1559 853 1596 patet
871 1559 955 1598 quod

187 1614 262 1645 mali
278 1612 411 1643 ministri
427 1611 593 1642 conferunt
610 1619 679 1640 rem
694 1610 894 1641 sacramenti.

229 1667 306 1698 Item
322 1666 393 1706 plus
413 1664 549 1705 pertinet
562 1663 703 1694 doctrina
723 1663 762 1694 ad
777 1663 936 1695 doctorem
947 1689 954 1703 ,

188 1730 284 1761 quam
299 1719 475 1760 baptismus
486 1718 526 1749 ad
538 1717 765 1757 baptizantem:
783 1717 836 1748 sed
854 1718 957 1749 malus

187 1775 294 1806 doctor
306 1773 357 1804 dat
369 1773 544 1803 doctrinam
554 1771 670 1801 bonam
681 1773 711 1801 et
721 1780 844 1809 sanam,
859 1781 956 1811 quam

188 1827 341 1858 Dominus
365 1825 533 1865 praecepit²
559 1824 699 1863 accipere
721 1834 726 1853 :
754 1832 832 1862 ergo
856 1825 957 1855 multo

189 1880 300 1911 fortius
314 1880 371 1910 iste
381 1879 437 1918 qui
452 1878 599 1917 baptizat,
612 1877 759 1917 quamvis
775 1877 890 1916 malus,
906 1887 958 1918 po-

189 1935 248 1964 test
266 1933 340 1963 dare
355 1932 475 1962 bonum
495 1930 702 1970 baptismum,
721 1930 788 1961 sive
810 1931 959 1962 effectum

190 1985 349 2026 baptismi.

231 2043 259 2070 1.
277 2038 391 2071 Contra
406 2038 416 2053 ³
433 2047 439 2068 ε
473 2037 662 2069 Maledicam
685 2037 958 2070 benedictionibus

190 2093 316 2130 vestris,
332 2092 447 2123 dicitur
461 2091 675 2121 sacerdotibus
692 2091 795 2129 malis,
807 2093 838 2122 et
851 2091 958 2122 Glossa

191 2145 392 2185 Hieronymi:
416 2156 429 2171 «
445 2143 603 2183 Quidquid
618 2152 636 2173 a
651 2143 741 2173 vobis
756 2143 956 2175 benedictum

190 2199 301 2237 suerit,
316 2208 335 2229 a
350 2207 400 2228 me
419 2197 630 2227 maledicetur.
648 2208 662 2225 »
683 2196 767 2235 Ergo
782 2197 837 2236 qui
853 2197 958 2237 bapti-

192 2255 280 2283 zatur
291 2261 310 2282 a
325 2251 407 2281 malo
422 2249 596 2286 sacerdote,
613 2250 799 2280 maledictus
814 2252 875 2281 est:
894 2260 959 2282 non

192 2314 271 2344 ergo
285 2304 395 2344 recipit
406 2312 463 2343 per
477 2304 546 2342 ejus
555 2303 770 2342 ministerium
786 2304 936 2343 gratiam.

233 2362 262 2389 2.
276 2357 388 2388 1tem⁴:
408 2356 455 2387 Ab
465 2356 629 2388 immundo
643 2357 722 2396 quid
732 2357 961 2390 mundabitur?

193 2412 254 2444 Sed
268 2410 413 2442 sacerdos
426 2409 529 2440 malus
542 2411 587 2440 est
603 2410 804 2442 immundus:
827 2420 905 2451 ergo
920 2411 959 2441 ab

193 2466 275 2506 ipso,
296 2464 347 2495 vel
366 2472 422 2504 per
436 2463 557 2503 ipsum,
580 2471 643 2493 non
661 2463 822 2495 confertur
836 2464 867 2495 in
883 2465 962 2505 bap-

191 2519 285 2549 tismo
301 2517 414 2557 gratia,
428 2524 501 2556 quae
516 2515 650 2546 mundat
665 2516 817 2547 animam.

226 2598 287 2628 ¹Cs.
304 2598 373 2621 Alex.
388 2597 484 2626 Ateus„
499 2603 524 2626 p.
544 2596 587 2623 tv,
608 2602 633 2626 q.
649 2601 705 2625 ν111,
720 2596 815 2619 memb.
832 2598 855 2626 6,
874 2599 920 2620 art.
937 2600 961 2622 12.

195 2633 247 2664 ΞΗ
261 2634 324 2658 Guil.
337 2633 462 2662 Altisiod,
485 2632 515 2656 lV
532 2632 610 2662 Seni„
623 2632 685 2655 tract
707 2632 731 2662 3,
743 2638 798 2663 cap.
813 2633 961 2663 V11;St.cph.

1711 155 1769 185 863

1041 231 1070 258 3.
1088 227 1166 258 Item
1183 225 1304 257 ratione
1319 225 1458 263 videtur,
1474 224 1549 264 quia
1564 223 1646 253 sicut
1659 228 1769 253 sensus

1001 283 1031 312 et
1047 281 1151 311 motus
1170 280 1276 310 fluunt
1294 288 1312 310 a
1331 279 1431 318 capite
1447 278 1481 308 in
1501 277 1645 308 membra
1661 282 1770 314 corpo-

1001 334 1093 372 ralia,
1109 335 1140 364 et
1159 333 1198 363 ab
1213 342 1278 363 uno
1292 332 1438 362 membro
1460 331 1493 360 in
1508 330 1609 366 aliud,
1627 329 1670 359 ita
1689 330 1720 359 et
1737 327 1770 358 in

1001 396 1132 427 corpore
1147 386 1296 426 mystico:
1314 393 1394 424 ergo
1410 384 1435 414 si
1450 383 1630 414 membrum
1644 381 1768 412 aridum

1002 449 1067 470 non
1077 440 1176 470 defert
1189 447 1327 476 sensum,
1345 437 1487 468 sacerdos
1502 436 1557 476 qui
1572 437 1617 465 est
1632 435 1665 464 in
1682 442 1768 464 mor-

1004 494 1057 524 tali
1071 496 1208 534 peccato,
1221 492 1408 533 baptizando
1418 500 1483 522 non
1498 489 1618 521 confert
1633 486 1770 527 gratiam

1002 548 1167 587 baptizato.

1043 603 1072 631 4.
1089 601 1167 631 Item
1182 600 1281 631 oratio
1295 599 1427 631 vitiatur
1444 607 1483 628 ex
1502 596 1579 628 vitio
1593 594 1726 631 orantis,
1743 595 1773 624 et

1004 655 1108 695 potius
1121 656 1261 685 meretur
1280 654 1376 684 homo
1391 653 1489 689 iram,
1506 659 1603 690 quam
1619 649 1771 688 gratiam;

1004 708 1089 739 unde
1104 707 1291 747 Gregorius:
1314 719 1328 735 «
1343 707 1419 737 Cum
1434 706 1472 743 is,
1492 704 1546 744 qui
1561 702 1718 743 displicet,
1735 701 1775 732 ad

1005 760 1263 791 intercedendum
1275 760 1420 795 mittitur,
1431 758 1499 788 irati
1509 757 1635 788 animus
1646 756 1685 786 ad
1694 755 1775 786 dete—

1005 814 1091 844 riora
1105 816 1335 853 provocatur.»
1353 812 1439 852 Ergo
1454 811 1629 851 baptismus
1645 809 1776 841 vitiatur

1006 877 1045 899 ex
1062 867 1139 899 vitio
1153 867 1355 908 baptizantis,
1373 868 1426 897 aut
1434 866 1459 896 si
1470 874 1535 896 non
1544 864 1688 901 vitiatur,
1701 872 1775 894 cum

1007 921 1089 952 Deus
1108 921 1229 961 Judicet
1256 920 1294 951 de
1322 920 1471 960 operibus
1495 917 1668 948 secundum
1694 916 1775 946 inte-

1007 975 1105 1013 riora,
1129 976 1159 1005 et
1177 974 1321 1005 sacerdos
1338 974 1377 1004 sit
1392 974 1552 1009 mortuus,
1570 972 1601 1001 et
1615 978 1695 1009 opus
1710 970 1778 1009 ejus

1009 1030 1184 1063 mortuum,
1197 1029 1344 1058 mortuus
1359 1028 1466 1056 autem
1478 1033 1543 1055 non
1558 1023 1708 1060 vivificet,
1727 1031 1780 1061 pa-

1008 1084 1051 1112 tet
1066 1081 1149 1121 quod
1165 1081 1268 1111 malus
1284 1079 1427 1110 sacerdos
1442 1078 1583 1109 conferre
1597 1085 1661 1107 non
1679 1077 1780 1115 potest

1011 1135 1148 1175 gratiam
1164 1134 1389 1164 vivificantem.

1051 1191 1079 1219 5.
1099 1188 1175 1218 Item
1190 1186 1348 1227 quaeritur
1366 1187 1475 1216 utrum
1490 1185 1595 1223 peccet
1617 1184 1643 1213 is
1658 1182 1714 1222 qui
1728 1191 1780 1213 ac-

1010 1241 1138 1273 ceditad
1150 1240 1344 1271 sacerdotem
1356 1238 1495 1274 malum,
1513 1239 1543 1268 et
1557 1236 1682 1268 videtur
1697 1235 1781 1275 quod

1010 1295 1075 1325 sic:
1099 1294 1174 1333 quia
1194 1293 1228 1323 in
1250 1292 1322 1332 lege
1339 1293 1348 1308 ⁵
1363 1293 1556 1332 praeceptum
1579 1291 1647 1320 erat
1668 1290 1782 1328 fugere

1011 1347 1215 1378 immundum
1237 1345 1441 1385 corporaliter
1458 1355 1464 1376 :
1483 1353 1561 1384 crgo
1576 1343 1783 1384 spiritualiter

1012 1401 1089 1432 illud
1104 1401 1255 1431 debemus
1269 1400 1448 1430 observare.

1052 1457 1081 1484 6.
1099 1454 1177 1484 Item
1197 1455 1262 1483 esto
1276 1452 1370 1492 >quod
1384 1451 1527 1482 sacerdos
1546 1452 1630 1491 petat
1644 1450 1781 1490 pretium

1012 1516 1070 1547 pro
1092 1507 1259 1547 baptismo,
1283 1505 1441 1545 numquid
1457 1506 1503 1535 est
1517 1504 1547 1534 ei
1569 1503 1732 1534 dandum?
1752 1503 1785 1533 Si

1012 1560 1067 1597 sic,
1085 1569 1157 1590 cum
1172 1562 1257 1590 emat
1271 1560 1517 1596 sacramentum,
1529 1559 1575 1587 est
1589 1556 1740 1593 simonia3
1758 1556 1785 1586 si

1013 1622 1097 1650 non,
1120 1615 1174 1644 aut
1188 1612 1365 1643 remanebit
1385 1621 1450 1642 non
1470 1611 1663 1651 baptizatus,
1681 1611 1711 1640 et
1726 1609 1787 1639 hoc

1013 1669 1059 1697 est
1074 1666 1264 1706 periculum,
1282 1668 1337 1696 aut
1352 1665 1528 1705 baptizatus
1545 1663 1612 1695 sine
1626 1663 1786 1694 sacerdote

1012 1723 1128 1760 praeter
1142 1719 1370 1751 necessitatem.

1287 1833 1512 1865 CONCLUSIO.

1017 1921 1105 1948 Malus
1119 1919 1240 1947 sacerdos
1254 1926 1306 1946 non
1320 1920 1423 1945 tantum
1435 1919 1637 1948 sacramentum,
1649 1917 1694 1944 sed
1705 1918 1788 1943 eciam

1053 1973 1108 1991 rem.
1122 1964 1281 1991 sacramenti
1298 1964 1425 1998 prcestau
1446 1963 1513 1996 quia
1532 1962 1644 1988 interius
1664 1962 1789 1996 operatur

1053 2010 1130 2040 Deus,
1148 2010 1171 2035 et
1188 2016 1240 2034 non
1255 2008 1385 2034 minister.

1058 2093 1148 2132 Resp.
1165 2092 1204 2122 ad
1218 2101 1287 2130 arg.
1314 2090 1484 2121 Dicendum
1508 2089 1593 2129 quod
1615 2089 1716 2120 malus
1738 2098 1789 2119 sa-

1017 2144 1125 2175 cerdos
1140 2152 1204 2173 non
1220 2145 1344 2173 tantum
1360 2142 1606 2177 sacramentum,
1626 2140 1679 2170 sed
1693 2140 1788 2170 etiam

1017 2207 1084 2228 rem
1101 2197 1169 2233 dat3
1188 2205 1251 2226 non
1267 2195 1348 2235 ipse,
1367 2195 1420 2225 sed
1445 2194 1541 2231 Deus,
1566 2194 1660 2233 cujus
1676 2203 1780 2224 sacra-

1019 2253 1125 2281 menta
1146 2252 1220 2280 sunt
1237 2250 1319 2279 bona
1340 2250 1370 2278 et
1385 2247 1562 2287 impolluta.
1588 2247 1620 2276 111
1635 2247 1790 2286 baptismo

1019 2304 1103 2334 enim
1123 2312 1186 2333 non
1208 2301 1357 2339 mundat,
1378 2310 1482 2340 neque
1505 2300 1635 2330 interius
1654 2299 1791 2339 baptizat

1020 2357 1172 2391 minister,
1192 2355 1244 2386 sed
1261 2355 1352 2385 Deus.
1370 2354 1430 2384 Sed
1446 2362 1519 2384 cuni
1535 2353 1617 2383 Deus
1636 2352 1720 2383 lavet
1739 2352 1790 2382 in-

1019 2411 1117 2441 terius
1130 2409 1326 2450 praecedente
1342 2408 1458 2439 lotione
1473 2407 1637 2443 exteriori,
1656 2408 1686 2436 et
1701 2407 1790 2436 exte-

1020 2464 1085 2494 rior
1114 2463 1289 2503 displiceat,
1315 2461 1390 2501 quia
1411 2461 1521 2491 lavans
1544 2459 1701 2499 displicet,
1727 2469 1791 2499 quo

1024 2561 1124 2589 aculus„
1143 2561 1172 2584 lV
1194 2561 1273 2590 Sena,
1296 2559 1352 2582 dist.
1372 2564 1395 2585 v,
1410 2565 1436 2587 ⁴1.
1454 2563 1497 2585 1113
1523 2558 1610 2579 Petrus
1632 2556 1662 2579 de
1680 2557 1791 2587 Tarant„

1023 2599 1049 2621 tv
1075 2597 1153 2627 Sem„
1177 2596 1233 2620 dist.
1261 2602 1320 2625 v,q.
1344 2600 1403 2617 Δ1111.
1426 2605 1456 2610 —
1477 2592 1484 2605 ’-’
1500 2591 1602 2620 Mutila„
1624 2598 1701 2621 xxm,
1719 2592 1742 2616 3.
1761 2606 1791 2610 —

1020 2633 1029 2649 ⁸
1044 2632 1162 2663 Mulach.‚
1177 2637 1204 2662 11,
1220 2633 1241 2654 2.
1253 2644 1282 2648 —-
1300 2631 1309 2646 ὁ
1325 2628 1411 2655 Eccli..
1431 2633 1519 2657 xixiv,
1536 2629 1588 2650 1.-
1606 2627 1615 2643 ⁵
1627 2627 1715 2658 Levit„
1728 2633 1751 2656 v,
1767 2628 1790 2652 2.
