2017 2948
120 1610 125 1615 ‚
134 1597 222 1618 Divisio.

788 139 1095 173 SENTENTIARUM
1119 140 1192 172 ΗΒ.
1217 140 1266 172 lV.

232 212 336 255 magis
356 210 559 255 operatorius
578 214 641 252 est,
660 214 696 243 ut
717 210 781 242 sint
800 220 873 253 quae
895 212 1004 249 erant,
1028 213 1058 241 et
1079 209 1112 240 in
1137 208 1226 241 aliud
1246 210 1513 241 commutentur?
1530 207 1569 240 Et
1583 208 1628 240 sic
1642 207 1729 251 quod
1745 212 1814 241 erat

233 269 325 314 panis
347 273 422 302 ante
443 268 735 307 consecrationem,
757 267 825 311 jam
849 277 966 310 corpus
987 265 1103 298 Christi
1129 270 1175 298 cst
1196 271 1265 310 pust
1286 265 1559 297 consecrationum

233 148 290 176 464

1583 277 1589 296 z
1614 265 1692 308 quia
1713 276 1818 298 sermo

232 327 352 360 Christi
375 331 556 359 creaturam
582 330 707 365 mutat3
733 328 764 356 ct
788 325 832 356 sic
856 335 895 356 cx
919 335 1000 368 panc
1026 323 1062 355 fit
1086 334 1202 368 corpus
1224 324 1361 363 (ltu-isti,
1386 328 1417 355 vt
1441 323 1552 355 vinum
1579 334 1653 354 cum
1678 333 1763 366 aqua
1786 322 1820 354 in

233 385 364 417 calicem
382 385 516 417 missum
541 385 577 415 tit
599 382 732 425 sanguis
753 381 992 413 consecratione
1013 381 1102 413 verbi
1123 381 1271 412 cwlestis.
1292 394 1306 410 n
1327 381 1405 412 Item
1421 380 1628 421 Augustinus
1645 385 1652 400 ²
1671 391 1678 411 z
1699 394 1714 410 α
1730 378 1821 412 Sicut

233 453 290 486 per
309 442 469 486 Spiritum
491 445 637 474 sanctum
659 451 735 471 vcra
757 438 878 471 Christi
898 449 972 470 caro
996 438 1065 471 sine
1086 438 1172 471 coitu
1193 443 1340 474 creatur:
1366 438 1410 469 ita
1432 448 1488 481 pcr
1512 437 1662 469 cumdem
1685 448 1723 468 ex
1747 436 1823 469 suh-

233 501 351 533 stantia
376 500 467 544 panis
489 504 519 531 ct
545 498 611 530 viui
640 497 726 530 idem
754 508 872 540 corpus
894 496 1015 529 Christi
1043 501 1073 529 ct
1097 496 1230 537 sanguis
1254 501 1471 528 consecratur.
1503 496 1627 540 Corpus
1651 494 1769 528 Christi
1793 497 1824 526 et

233 558 352 592 veritas
375 562 436 599 cst,
455 561 484 589 ct
505 556 612 599 figura
629 568 635 587 :
655 555 774 587 veritas
787 582 795 593 ,
812 554 890 586 dum
907 564 1024 597 corpus
1039 553 1157 586 Christi
1183 558 1213 585 ct
1229 553 1361 595 sanguis
1380 553 1498 585 virtute
1514 553 1655 597 Spiritus
1668 551 1770 585 sancti
1785 562 1824 583 ex

232 617 326 660 panis
350 615 485 658 vinique
516 613 697 646 substantia
716 612 877 652 eflicitur3
907 611 1015 654 figura
1041 622 1117 643 vcro
1140 615 1185 642 cst
1211 611 1243 642 id
1270 611 1356 654 quod
1381 610 1522 642 exterius
1543 610 1726 642 sentitur.»
1745 609 1824 641 Item

233 673 393 706 Eusebius
413 672 600 704 Emissenus
619 683 624 703 :
645 685 659 701 (ι
678 670 856 702 Invisibilis
876 669 1022 702 sacerdos
1042 669 1186 701 visibiles
1205 673 1368 701 creaturas
1392 669 1425 700 iu
1450 668 1663 701 substantiam
1684 667 1827 712 corporis

234 735 265 763 et
286 730 455 773 sanguinis
479 729 548 771 sui,
573 729 672 761 verbo
695 739 771 768 suo,
797 731 917 760 secreta
942 730 1095 770 potestate
1118 730 1308 758 commutat.
1334 740 1348 755 n
1376 726 1421 758 Ex
1444 725 1495 758 his
1517 725 1654 769 aliisque
1675 724 1827 769 pluribus

233 792 356 822 constat
373 799 487 820 verum
503 798 620 830 corpus
634 786 753 819 Christi
768 790 799 818 et
813 784 1008 828 sanguinem
1025 783 1059 816 in
1075 783 1168 816 altari
1185 795 1268 823 esse,
1286 783 1387 815 immo
1408 783 1573 825 integrum
1593 782 1759 816 Christum
1781 781 1826 814 ibi

234 846 295 879 sub
310 850 451 890 utraque
466 845 589 889 specie,
607 849 638 877 et
652 843 867 877 substantiam
885 842 977 887 panis
994 841 1028 874 in
1043 852 1174 885 corpus,
1190 841 1325 885 vinique
1341 841 1554 873 substantiam
1574 840 1609 873 iu
1627 839 1824 883 sauguinem

233 903 391 938 converti.

425 1024 630 1056 EXPOSITIO
653 1023 816 1055 TEXTUS.

273 1104 338 1129 Satis
358 1111 509 1134 responsum
531 1106 568 1126 est
588 1103 725 1132 haercticis,
746 1105 771 1126 et
791 1101 976 1132 objectionibus

535 1146 638 1169 eorum,
657 1140 705 1162 etc.

276 1216 379 1256 Supra
400 1215 581 1255 reprobavit
608 1213 758 1251 Magister
782 1221 923 1242 errorem
949 1220 1005 1250 po-

235 1269 379 1300 nentium
395 1277 510 1308 corpus
528 1267 641 1298 Christi
660 1275 723 1295 nou
740 1275 806 1295 esse
823 1274 898 1295 vere
912 1265 944 1294 in
960 1264 1006 1293 al-

236 1323 310 1360 tari,
330 1325 360 1353 et
376 1322 435 1353 hoc
457 1319 675 1360 respondendo
695 1327 806 1348 eorum
831 1317 1007 1357 sophisticis

235 1377 487 1417 obJectionihu53
504 1376 538 1405 in
557 1376 645 1414 parte
670 1373 729 1402 ista
750 1373 915 1402 veritatem
933 1370 1006 1401 fidei

236 1430 420 1467 confirmat,
442 1427 610 1459 ostendens
637 1426 722 1466 quod
750 1434 865 1464 corpus
893 1423 1006 1454 Christi

237 1493 312 1515 vere
334 1486 380 1514 est
404 1484 435 1513 iu
458 1482 547 1512 altari
568 1480 733 1520 multiplici
757 1478 961 1515 auctoritate3
979 1480 1009 1508 et

239 1537 384 1568 similiter
397 1545 470 1566 cum
494 1535 554 1564 hoc
576 1533 743 1564 ostendens
762 1541 825 1571 qua
839 1532 955 1562 virtute
971 1531 1010 1560 sit

239 1590 283 1620 ibi
299 1599 307 1621 :
326 1592 356 1620 et
368 1589 463 1619 habet
476 1588 546 1618 haec
561 1595 633 1626 pars
646 1587 708 1615 tres
722 1587 824 1624 partes
837 1595 844 1614 :
859 1584 891 1614 in
907 1586 1010 1623 prima

239 1643 373 1674 resumit
387 1649 527 1672 errorem
541 1639 687 1678 superius
702 1637 839 1677 positum
861 1645 933 1666 cum
952 1646 1011 1666 sua

241 1697 362 1727 ratione
375 1719 383 1733 ,
399 1697 434 1725 ut
450 1694 554 1733 ipsum
575 1691 731 1730 infringat
746 1689 887 1720 veritatis
904 1692 1010 1719 osten-

241 1751 346 1786 sione3
361 1750 393 1779 in
409 1747 562 1784 secunda,
580 1744 808 1776 manifestando
822 1743 988 1775 veritatem
999 1767 1008 1781 ,

242 1802 401 1833 convincit
421 1809 560 1832 errorem
573 1823 581 1836 ‚
598 1798 662 1828 ibi:
680 1797 754 1828 Hoec
769 1799 797 1828 et
818 1796 869 1827 Itis
890 1796 1012 1827 similia

241 1856 416 1895 objiciunt,
432 1857 504 1891 etc.;
523 1854 553 1883 in
570 1852 661 1883 tertia
675 1850 832 1881 concludit
848 1849 1012 1879 veritatem

239 1912 307 1950 ,iam
331 1910 513 1949 probatam,
528 1907 571 1937 ibi
593 1917 600 1937 z
621 1907 676 1937 Eoe
701 1905 748 1935 Itis
779 1905 915 1943 aliisque
938 1912 1010 1935 con-

242 1968 322 2003 stat,
338 1967 396 1994 etc.
416 1963 520 1994 Prima
537 1963 624 2001 parte
640 1962 670 1990 et
690 1959 804 1989 ultima
818 1957 1012 1988 remanenti-

242 2018 302 2048 bus
318 2016 481 2052 indivisis,
504 2013 609 2044 media
630 2012 784 2042 dividitur
804 2011 838 2040 in
860 2011 939 2041 duas
958 2021 964 2041 :
981 2010 1013 2040 in

243 2070 349 2110 prima
363 2067 497 2099 ostendit
509 2065 626 2105 duplici
640 2064 835 2100 auctoritate,
849 2064 934 2102 quod
947 2072 1015 2094 cor-

244 2133 303 2164 pus
318 2122 431 2153 Christi
445 2130 520 2152 vere
534 2120 634 2159 potest
655 2126 724 2149 esse
740 2118 774 2147 in
788 2117 896 2155 altari3
914 2118 947 2147 in
965 2126 1014 2148 se-

245 2176 349 2208 cunda
362 2174 497 2206 ostendit
511 2172 594 2212 quod
614 2180 678 2202 non
695 2171 798 2201 solum
815 2173 1011 2210 potestesse,

245 2231 310 2260 imo
324 2237 399 2261 vere
412 2229 458 2258 est
474 2228 543 2267 post
558 2225 826 2255 consecrationem
836 2247 844 2261 ,
860 2223 903 2253 ibi
918 2234 925 2254 :
938 2224 1015 2255 Item

246 2286 319 2315 ante
349 2280 597 2313 benedictionem
625 2278 692 2309 alia
718 2277 838 2316 species
866 2277 1016 2308 nomina-

246 2341 310 2375 tur,
328 2338 388 2367 etc.
404 2334 443 2366 Et
458 2334 603 2371 utraeque
618 2330 818 2361 auctoritates
833 2329 951 2360 habent
966 2338 1014 2359 se-

246 2399 318 2422 cum
333 2389 471 2420 rationes
487 2386 682 2425 conjunctas.
705 2382 785 2413 Nam
808 2383 920 2422 primae
944 2383 1016 2414 duae

246 2444 370 2479 dicunt,
386 2440 472 2481 quod
491 2438 582 2471 verbi
603 2437 728 2474 virtus,
745 2438 775 2467 et
789 2436 892 2467 virtus
916 2436 1014 2476 Spiri-

246 2499 297 2528 tus
308 2495 405 2526 saneti
414 2519 422 2533 ‚
437 2502 509 2534 quae
523 2491 626 2533 potuit
649 2490 682 2521 in
694 2491 785 2520 utero
798 2488 942 2528 Virginis
955 2489 1015 2520 mi-

247 2549 397 2586 rabiliter,
412 2551 444 2579 et
456 2548 570 2588 praeter
581 2544 725 2577 ordinem
739 2544 863 2573 naturae
882 2543 1017 2573 formare

281 2620 286 2632 ¹
301 2618 411 2642 nabetur
426 2616 455 2640 de
471 2616 594 2643 consecr„
608 2613 665 2637 dist..
681 2617 710 2641 ιι,
724 2618 749 2635 c.
764 2610 829 2639 Quia
845 2617 941 2641 corpus.

1065 1016 1178 1046 corpus
1194 1006 1323 1043 Christi,
1343 1008 1444 1045 potest
1459 1005 1604 1035 similiter
1616 1029 1623 1042 ‚
1639 1005 1703 1035 imo
1722 1004 1832 1035 fortius

1064 1060 1253 1090 substantias
1270 1059 1301 1088 in
1313 1059 1354 1096 id,
1368 1058 1451 1098 quod
1460 1067 1524 1088 non
1534 1060 1623 1088 erant
1633 1058 1686 1097 (a),
1697 1059 1830 1088 mutare.

1065 1113 1217 1143 Similiter
1226 1113 1297 1142 duae
1306 1113 1473 1151 sequentes
1482 1111 1586 1141 dicunt
1595 1111 1690 1150 quod,
1701 1110 1784 1150 quod
1794 1111 1829 1150 (b)

1065 1167 1154 1205 panis
1175 1167 1378 1195 convertatur
1399 1165 1431 1194 in
1453 1173 1565 1194 verum
1588 1173 1722 1203 corpus,
1739 1166 1769 1194 et
1791 1163 1832 1193 ibi

1064 1220 1102 1249 sit
1118 1220 1152 1257 (ε’)
1172 1228 1302 1257 corpus,
1316 1218 1371 1247 ubi
1386 1220 1452 1247 crat
1468 1217 1571 1256 panis,
1590 1217 1647 1246 hoc
1662 1217 1697 1246 fit
1715 1219 1833 1246 secreta

1063 1275 1228 1312 potestate,
1243 1274 1273 1301 et
1291 1272 1410 1301 virtute
1426 1270 1560 1310 Spiritus
1575 1270 1684 1300 sancti.

1393 1354 1461 1375 DUB.
1485 1354 1506 1374 1.

1195 1407 1260 1432 Sintis
1278 1414 1428 1438 responsum
1446 1409 1484 1430 est
1500 1406 1638 1435 haereticis,
1657 1408 1704 1429 etc.

1105 1470 1219 1500 Contra
1245 1482 1251 1500 ;
1279 1470 1354 1509 quia
1378 1470 1429 1499 his
1456 1469 1578 1499 duabus
1605 1467 1835 1507 objectionibus

1066 1524 1131 1563 ipse
1144 1532 1208 1553 non
1224 1522 1398 1562 respondit,
1413 1522 1529 1552 seilicet
1543 1522 1580 1551 de
1593 1521 1835 1551 manducatione

1067 1576 1189 1607 Domini
1216 1576 1315 1606 nostri
1336 1599 1343 1613 ‚
1368 1575 1452 1615 quod
1476 1575 1602 1606 videtur
1624 1584 1691 1605 esse
1715 1574 1834 1605 irreve-

1066 1630 1193 1666 rentiae;
1217 1632 1247 1659 et
1270 1629 1308 1660 de
1333 1629 1520 1659 formatione
1542 1629 1680 1668 corporis
1699 1627 1834 1665 Christi,

1067 1683 1149 1722 quod
1165 1682 1290 1712 videtur
1305 1691 1373 1712 esse
1387 1681 1566 1712 dementiae.

1108 1735 1198 1774 Rcsp.
1228 1735 1397 1765 Dicendum
1420 1734 1504 1773 quod
1527 1734 1641 1764 solutio
1666 1734 1763 1773 hujus
1785 1742 1834 1764 se-

1068 1788 1160 1819 cundi
1170 1788 1292 1818 articuli
1308 1787 1424 1827 patebit
1440 1787 1472 1816 in
1482 1787 1623 1826 sequenti
1637 1786 1835 1817 distinctione

1068 1842 1105 1872 dc
1128 1841 1346 1872 conversione.
1373 1840 1510 1870 Alterius
1538 1848 1633 1876 vero,
1659 1839 1775 1869 scilicet
1799 1839 1838 1869 de

1070 1895 1287 1933 irreverentia,
1300 1896 1384 1934 patet
1399 1902 1437 1923 ex
1453 1892 1674 1932 sequentibuS,
1686 1891 1762 1931 quia
1773 1899 1838 1922 non

1071 1948 1280 1979 manducatur
1300 1946 1541 1978 manducatione
1558 1945 1673 1975 carnali
1685 1969 1693 1982 ,
1709 1944 1763 1974 sed
1779 1943 1839 1983 spi-

1070 2001 1195 2038 rituali,
1220 2002 1300 2032 sicut
1326 2000 1481 2030 medicina
1504 1998 1665 2029 salutifera
1691 2008 1697 2028 :
1725 1999 1756 2027 et
1779 1996 1839 2027 hoc

1071 2064 1135 2086 non
1147 2058 1194 2085 est
1209 2053 1431 2090 irreverentia,
1448 2052 1513 2082 imo
1537 2050 1642 2089 magis
1661 2051 1838 2081 irreveren-

1072 2109 1114 2139 tia
1128 2107 1251 2138 Domini
1265 2109 1465 2137 contemnere
1479 2103 1680 2135 medicinam.

1394 2181 1461 2202 DUB.
1487 2180 1519 2201 11.

1208 2235 1234 2259 si
1252 2236 1348 2258 tantum
1365 2233 1442 2257 valuit
1460 2239 1543 2256 sermo
1561 2231 1636 2261 Etiae,
1654 2233 1702 2255 etc.

1113 2298 1272 2335 Quaeritur
1294 2298 1333 2328 de
1356 2297 1417 2328 hoc
1439 2295 1595 2327 Ambrosii
1618 2294 1737 2331 verbo,
1758 2291 1842 2323 unde

1073 2352 1132 2383 hoc
1152 2351 1264 2382 habuit
1285 2359 1390 2381 sermo
1408 2361 1415 2380 ε
1432 2351 1487 2380 aut
1502 2358 1521 2379 a
1542 2357 1576 2379 se
1587 2372 1596 2387 ,
1611 2348 1669 2378 aut
1690 2343 1818 2377 aliunde
1833 2353 1839 2372 :

1074 2415 1138 2436 non
1153 2415 1173 2436 a
1185 2414 1218 2436 se
1230 2428 1238 2442 ,
1253 2406 1394 2442 constat;
1411 2412 1476 2434 non
1491 2401 1636 2439 aliunde,
1651 2401 1688 2431 ut
1702 2397 1839 2434 videtur,

1073 2459 1226 2499 quoniam
1251 2461 1398 2498 appetere
1425 2456 1476 2487 vel
1499 2457 1605 2496 petere
1625 2450 1839 2491 consumptio-

1074 2522 1147 2543 nem
1181 2512 1318 2543 aliorum
1338 2536 1346 2549 ‚
1376 2519 1440 2541 non
1469 2513 1515 2540 est
1545 2506 1734 2542 charitatis,
1767 2513 1842 2534 cum

1075 2610 1082 2640 (
1097 2573 1275 2641 )(Ξ)ἰοιέί.εάίΐ.
1285 2579 1337 2598 uon
1345 2574 1437 2597 erat.-
1449 2572 1481 2603 (b)
1494 2570 1535 2596 Al.
1544 2577 1589 2593 non
1599 2568 1720 2599 repetitur
1732 2566 1842 2597 quod.—

1084 2617 1096 2633 ι·
1152 2627 1158 2633 .
1179 2608 1206 2634 Ἰ..
