2017 2948
230 215 268 244 36
799 209 1108 244 SENTENTIARUM
1128 209 1203 243 LIB.
1226 211 1280 244 111.

225 281 380 319 quantum
395 277 435 308 ad
448 279 555 309 aetum
568 278 780 316 essentialem,
790 279 834 309 sic
848 288 913 309 non
927 280 994 308 tan-

225 334 293 362 tum
322 330 437 371 aequali
458 331 624 362 dilectione
648 332 755 362 omnia
778 332 903 370 diligit3
927 331 993 361 imo

223 386 348 414 tantum
359 393 426 415 uno
440 387 470 415 et
485 384 596 415 eodem
610 387 692 422 actu,
710 384 842 424 simplici
863 387 893 415 et
908 384 990 414 indi-

222 436 360 474 visibili,
386 437 475 467 nullo
502 438 644 474 variato,
670 437 758 467 nullo
784 437 992 476 multiplicato

222 491 306 529 (quae
320 490 449 530 quidem
469 493 515 520 est
537 490 645 520 divina
663 490 741 529 usia}
753 514 762 527 ,
778 490 883 529 diligit
900 499 943 526 se,
961 492 991 520 et

219 543 327 574 omnia
345 542 417 573 alia.
435 542 468 573 Si
487 552 564 573 vero
586 543 756 582 loquamur
771 543 809 573 de
826 543 990 573 dilectione

219 598 374 635 quantum
398 595 437 626 ad
461 595 630 626 efficaciam
644 620 652 633 ,
679 595 745 626 sive
771 598 927 635 quantum
950 596 990 626 ad

218 647 367 679 effectum
385 651 641 687 consequentem,
659 648 702 678 sic
717 657 788 678 cum
804 648 935 678 effectus
949 648 989 679 ab

217 700 287 741 ipsa
301 700 465 732 dilectione
481 700 534 731 Dei
548 700 751 740 procedentes
763 701 825 731 sint
839 701 987 739 ordinati,

217 755 246 784 et
261 762 329 784 sese
344 753 540 789 excedenteS,
557 753 726 783 dicendum
743 756 789 783 est
804 754 887 793 quod
906 753 988 784 Deus

215 815 280 836 non
294 815 406 836 omnes
425 808 585 836 creaturas
606 805 711 845 diligit
732 806 906 846 aequaliter.
924 807 988 837 Ali-

214 861 263 889 ter
276 861 377 899 potest
391 858 453 889 dici
463 882 471 896 ,
487 861 518 889 et
538 859 629 898 quasi
643 859 677 888 111
692 859 776 889 idem
792 860 884 897 redit,
901 860 986 899 quod

214 919 288 942 cum
309 911 443 950 diligere
462 912 546 942 idem
567 912 616 949 sit,
639 912 725 951 quod
748 912 828 943 velle
851 913 984 951 bonum,

213 964 380 1004 aequalitas
399 964 574 995 dilectionis
595 967 697 1004 potest
718 965 836 995 attendi
851 966 986 1006 duplici-

212 1019 261 1048 ter
277 1028 284 1047 :
297 1020 352 1048 aut
365 1026 406 1047 ex
419 1020 507 1057 parte
520 1020 607 1047 actus
620 1017 759 1056 volendi,
771 1022 827 1049 aut
841 1028 881 1049 ex
895 1022 984 1059 parte

211 1070 302 1101 voliti
323 1070 398 1101 boni
416 1081 422 1100 :
441 1070 467 1100 si
489 1079 530 1101 ex
554 1072 642 1110 parte
665 1074 753 1101 actus
775 1072 922 1110 volendi,
940 1074 984 1104 sic

211 1123 321 1154 omnia
334 1122 439 1162 diligit
454 1123 630 1163 aequaliter,
647 1125 722 1163 quia
736 1134 800 1155 non
820 1127 926 1165 magis
938 1127 984 1157 in-

211 1178 299 1207 tense
313 1176 383 1207 vult
397 1176 478 1207 Deus
495 1176 616 1207 bonum
635 1177 727 1208 alicui
743 1179 807 1216 rei,
825 1188 922 1218 quam.
937 1180 982 1210 al-

210 1230 282 1268 teri,
305 1231 370 1260 imo
390 1230 459 1269 ipso
480 1239 608 1261 summo
628 1240 736 1262 amore
753 1241 810 1262 suo
831 1232 899 1262 vult
925 1233 982 1264 bo-

210 1292 290 1315 num
314 1283 504 1323 cuicumque
534 1283 623 1321 vult;
651 1285 677 1314 si
701 1287 807 1315 autem
831 1295 871 1316 ex
895 1289 984 1325 parte

211 1337 285 1368 boni
300 1337 401 1373 voliti,
417 1337 460 1367 sic
472 1346 545 1367 cum
562 1340 666 1377 maius
681 1339 800 1369 honum
820 1339 899 1370 velit
913 1341 981 1378 uui,

211 1399 309 1430 quam
323 1390 432 1428 alteri,
447 1399 512 1420 non
529 1393 575 1420 est
596 1391 698 1421 dicere
715 1392 797 1431 quod
814 1393 922 1423 omnia
935 1393 984 1424 di-

210 1442 293 1482 ligat
305 1443 483 1483 aequaliter,
500 1443 554 1473 sed
570 1444 717 1483 quaedam
732 1445 883 1483 maxime,
899 1455 983 1485 quae-

210 1496 283 1527 dam
318 1505 395 1527 vero
419 1497 569 1534 minime,
596 1497 770 1527 secundum
795 1499 881 1537 quod
913 1499 983 1529 vult

210 1549 446 1580 communicare
472 1549 566 1579 alicui
593 1550 733 1589 partium
769 1550 909 1589 bonum,
932 1551 983 1582 vel

210 1611 381 1642 magnum,
405 1602 457 1633 vel
478 1603 669 1633 maximum.
694 1603 731 1634 Et
757 1605 908 1643 quoniam
933 1615 981 1636 se-

211 1655 350 1687 cundum
370 1656 463 1685 istam
479 1656 566 1685 viam
583 1656 755 1695 procedunt
770 1658 907 1688 rationes
931 1667 981 1688 os-

210 1708 374 1739 tendentes
408 1708 493 1747 quod
529 1708 610 1739 Deus
639 1718 704 1739 non
735 1710 847 1749 diligat
876 1712 983 1741 omnia

210 1760 386 1801 aequaliter,
409 1761 490 1791 sicut
512 1757 672 1801 aspicienti
694 1765 798 1802 patet,
819 1763 889 1794 ideo
908 1767 983 1794 sunt

211 1813 429 1844 concedendae.
452 1813 681 1845 Verumtamen
709 1815 762 1846 illa
784 1816 883 1854 ratio,
910 1826 982 1856 quae

211 1869 339 1906 sumpta
353 1869 400 1897 est
414 1875 455 1897 ex
467 1867 578 1897 ordine
593 1867 754 1898 charitatis
767 1871 900 1907 nostrae,
918 1879 981 1900 non

208 1919 305 1955 valet,
321 1919 396 1958 quia
415 1919 539 1950 dilectio
559 1923 667 1951 nostra
689 1921 823 1951 diversis
843 1923 982 1953 motibus

210 1974 358 2002 movetur
381 1972 466 2002 circa
487 1972 613 2003 diversa
631 1973 815 2013 diligibilia,
837 1975 892 2014 qui
913 1985 983 2015 pos-

211 2026 286 2054 sunt
300 2033 369 2055 esse
381 2024 508 2062 intensi,
525 2028 556 2056 et
571 2026 694 2056 remissi
706 2037 713 2063 ;
731 2036 797 2058 non
816 2027 860 2058 510
875 2031 981 2059 autem

209 2079 257 2107 est
271 2085 311 2107 ex
325 2079 415 2116 parte
429 2077 494 2108 Dei.

251 2131 279 2159 1.
307 2129 355 2160 Ad
383 2129 460 2160 illud
488 2139 565 2161 vero
592 2131 679 2170 quod
704 2132 869 2172 objicitur,
895 2134 981 2173 quod

210 2182 379 2222 oequaliter
393 2186 438 2213 est
453 2184 483 2214 εἰ
497 2191 575 2214 cura
589 2184 628 2215 cle
641 2185 798 2223 omnibus,
811 2185 981 2217 dicendum

209 2235 295 2275 quod
315 2236 481 2275 oequaliler
498 2236 552 2266 illa
566 2246 631 2267 non
645 2237 785 2268 excludit
802 2238 980 2269 ordinatam

209 2287 285 2318 boni
299 2289 633 2326 communicationem,
649 2290 702 2320 sed
720 2291 858 2321 excludit
875 2300 981 2330 perso-

208 2349 326 2372 narum
346 2343 576 2382 acceptionem:
601 2352 673 2382 quae
688 2344 815 2383 quidem
833 2346 879 2374 est
900 2344 978 2374 inae-

209 2394 344 2434 qualitas
375 2404 442 2426 non
471 2396 575 2426 solum
608 2396 755 2427 deficiens
787 2397 827 2427 ab
860 2397 980 2428 unitate

208 2447 408 2487 aequalitatis,
433 2458 546 2479 verum
574 2449 667 2479 etiam
693 2458 713 2479 a
742 2449 978 2489 pulchritudine

207 2499 343 2537 ordinis,
359 2503 391 2531 et
410 2501 481 2532 ideo
502 2502 757 2542 reprehensibilis
771 2506 829 2538 est,
843 2512 900 2534 nec
916 2502 977 2534 ha-

206 2549 259 2582 bet
272 2552 306 2582 in
322 2552 384 2583 Deo
399 2555 543 2594 reperiri.
579 2570 584 2572 -

245 2605 276 2635 Ξ.
296 2605 345 2636 Ad
367 2606 446 2637 illud
467 2607 554 2647 quod
575 2607 736 2647 objicitur,
759 2607 845 2647 quod
871 2608 975 2647 prima

205 2665 302 2688 causa
319 2667 384 2689 uno
402 2660 496 2691 modo
513 2670 546 2691 se
560 2661 655 2692 habet
671 2661 710 2692 ad
725 2661 845 2699 omnia,
865 2661 972 2692 dicen-

1047 278 1124 308 dum
1148 278 1234 318 quod
1252 279 1332 311 illud
1350 288 1466 312 verum
1484 282 1531 312 est
1551 281 1709 320 quantum
1727 281 1769 314 ad
1785 281 1819 313 id

1047 331 1130 370 quod
1146 334 1191 362 est
1209 341 1250 362 ex
1266 335 1354 372 parte
1370 333 1441 371 Dei;
1457 333 1511 364 sed
1527 336 1635 364 tamen
1650 335 1817 373 creaturae,

1046 383 1127 414 sicut
1149 384 1216 423 ipse
1235 385 1320 422 dicit,
1341 395 1405 417 non
1424 386 1626 417 uniformiter
1643 396 1677 417 se
1699 387 1820 418 habent

1046 435 1084 465 ad
1099 436 1204 475 ipsum
1221 447 1228 466 :
1245 440 1275 467 et
1289 438 1443 477 quoniam
1459 437 1591 478 diliyere
1606 437 1659 468 Dei
1675 446 1739 468 non
1753 439 1820 468 tan-

1047 491 1115 519 tum
1131 489 1205 520 dicit
1221 491 1304 530 quod
1320 493 1418 522 estex
1428 494 1515 531 parte
1528 491 1641 531 ipsius,
1653 491 1707 521 sed
1723 491 1818 522 etiam

1046 543 1195 573 effectum
1218 546 1380 582 creatum,
1409 544 1483 575 hinc
1505 546 1570 582 est,
1592 544 1677 584 quod
1697 545 1819 576 ratione

1045 594 1130 625 illius
1143 598 1244 635 potest
1257 596 1376 627 attendi
1390 596 1599 636 inaequalitas.

1086 650 1114 678 3.
1145 648 1193 678 Ad
1217 649 1294 679 illud
1315 649 1400 688 quod
1423 650 1581 688 objicitur,
1597 649 1682 689 quod
1706 649 1817 682 eadem

1044 699 1209 732 dilectione
1223 701 1327 740 diligit
1341 701 1422 732 Deus
1437 701 1553 732 filium
1566 711 1673 740 suum,
1684 704 1716 732 et
1729 711 1818 734 crea-

1044 754 1161 789 turam,
1179 753 1348 784 dicendum
1364 754 1461 794 quod,
1472 754 1621 794 quamvis
1639 754 1763 786 dilectio
1777 755 1818 786 sit

1043 805 1154 836 eadem
1168 809 1326 846 quantum
1339 807 1378 837 ad
1393 807 1548 838 rationem
1563 807 1743 848 principalis
1751 808 1817 848 sig-

1043 859 1178 895 nificati,
1210 862 1316 890 tamen
1343 862 1549 891 connotatum
1575 862 1623 891 cst
1651 860 1755 899 aliud,
1784 862 1816 892 et

1041 911 1139 942 aliud.
1154 912 1234 943 Nam
1248 922 1323 943 cum
1338 913 1455 943 dicitur
1467 913 1552 953 quod
1568 913 1672 952 diligit
1685 913 1813 951 Filium,

1041 974 1107 995 non
1122 968 1312 997 connotatur
1325 966 1367 996 ibi
1381 966 1509 1006 aliquod
1519 966 1641 997 bonum
1654 969 1813 1006 creatum3

1041 1018 1107 1048 imo
1123 1022 1314 1050 connotatur
1329 1020 1574 1050 communicatio
1590 1019 1665 1050 boni
1681 1020 1812 1058 summi,

1041 1073 1071 1101 et
1096 1072 1224 1103 infiniti.
1253 1072 1332 1103 Cum
1355 1082 1432 1104 vero
1450 1073 1575 1110 dicitur,
1599 1072 1684 1112 quod
1709 1072 1815 1113 diligit

1040 1127 1229 1163 creaturam,
1256 1128 1448 1156 connotatur
1465 1125 1714 1156 communicatio
1738 1126 1814 1157 boni

1040 1178 1135 1208 creati
1157 1181 1187 1208 et
1208 1179 1289 1209 finiti
1307 1189 1314 1209 :
1330 1181 1361 1209 et
1381 1188 1421 1210 ex
1443 1179 1503 1210 hac
1519 1181 1607 1219 parte
1625 1179 1746 1210 dictum
1767 1182 1814 1211 est

1040 1231 1124 1270 quod
1139 1232 1338 1272 inaequalitas
1352 1234 1453 1272 potest
1466 1232 1597 1263 attendi.

1079 1287 1109 1314 4.
1127 1285 1175 1315 Ad
1190 1285 1267 1315 illud
1283 1285 1366 1324 quod
1378 1285 1536 1325 objicitur,
1548 1285 1634 1325 quod
1643 1285 1725 1316 sicut
1733 1294 1810 1326 cog-

1039 1337 1151 1373 noscit,
1168 1337 1211 1368 sic
1225 1338 1341 1377 diligit,
1357 1338 1526 1369 dicendum
1537 1338 1622 1378 quod
1636 1338 1663 1369 si
1676 1338 1812 1379 diliqere

1039 1390 1212 1430 accipiatur
1228 1400 1286 1430 pro
1301 1391 1368 1430 ipso
1387 1393 1459 1421 actu
1475 1390 1639 1430 diligendi,
1657 1391 1702 1422 sic
1715 1391 1813 1423 habet

1039 1444 1216 1481 veritatem,
1237 1445 1312 1484 quia
1333 1444 1417 1475 idem
1435 1446 1482 1475 est
1497 1444 1530 1474 in
1545 1444 1608 1475 Deo
1622 1444 1765 1484 diligere,
1781 1446 1813 1476 et

1039 1505 1248 1536 cognoscere;
1273 1498 1297 1527 si
1321 1507 1397 1528 vero
1416 1507 1474 1537 pro
1492 1500 1660 1529 connotato
1684 1498 1809 1536 effectu,

1039 1550 1083 1579 sic
1112 1559 1176 1580 non
1197 1550 1292 1581 habet
1314 1551 1493 1587 veritatem,
1519 1551 1597 1591 quia
1621 1560 1813 1591 cognoscere

1039 1593 1104 1633 non
1131 1606 1280 1634 connotat
1303 1604 1468 1642 effectum,
1495 1604 1577 1634 sieut
1603 1604 1762 1643 diligere:
1781 1606 1814 1636 et

1038 1655 1109 1686 ideo
1129 1665 1194 1686 non
1219 1659 1321 1696 potest
1343 1657 1462 1688 attendi
1484 1656 1605 1696 gradus
1625 1659 1656 1687 et
1679 1657 1757 1689 ordo
1778 1657 1813 1688 111

1039 1709 1219 1748 cognitione
1238 1709 1294 1741 Dei
1312 1710 1434 1741 ratione
1449 1710 1619 1748 connotati,
1635 1710 1813 1742 secundum

1039 1762 1124 1802 quod
1140 1763 1172 1793 in
1187 1763 1364 1794 dilectione.

1079 1817 1108 1846 5.
1132 1816 1181 1847 Ad
1199 1817 1277 1847 illud
1296 1816 1381 1856 quod
1399 1816 1562 1855 objicitur.
1578 1816 1662 1856 quod
1682 1816 1721 1848 de
1739 1825 1811 1858 per-

1037 1869 1172 1900 fectione
1195 1872 1225 1900 et
1247 1869 1410 1900 nobilitate
1424 1869 1600 1900 dilectionis
1619 1871 1667 1900 est
1680 1870 1810 1909 magni·

1038 1921 1126 1959 tudo,
1149 1922 1215 1952 sive
1233 1922 1441 1960 immensitas,
1462 1922 1545 1953 sicut
1563 1922 1602 1953 de
1620 1921 1812 1962 perfectione

1039 1975 1229 2013 cognitionis
1253 1977 1299 2006 est
1325 1975 1395 2015 ipsa
1418 1974 1610 2015 limpiditas,
1641 1974 1812 2007 dicendum

1038 2028 1125 2068 quod
1145 2037 1260 2060 verum
1281 2031 1338 2067 est,
1359 2030 1515 2068 quantum
1534 2030 1580 2058 est
1595 2036 1636 2058 ex
1651 2030 1741 2067 parte
1761 2028 1811 2069 ip-

1037 2082 1103 2112 sius
1130 2084 1218 2112 actus
1244 2082 1406 2120 diligendi.
1441 2081 1529 2112 Unde
1559 2080 1811 2121 unumquodque

1037 2133 1141 2173 diligit
1161 2133 1243 2164 Deus
1257 2134 1422 2164 dilectione
1436 2133 1646 2173 permaxima,
1662 2141 1721 2164 nec
1741 2142 1810 2165 ma-

1037 2186 1087 2225 gds
1119 2186 1292 2217 delectatur
1319 2186 1401 2217 Deus
1428 2186 1464 2216 in
1495 2185 1661 2217 dilectione
1689 2186 1788 2218 unius
1797 2210 1808 2226 ,

1037 2249 1134 2279 quam
1159 2241 1193 2270 in
1211 2240 1376 2271 dilectione
1397 2239 1537 2270 alterius.
1562 2238 1646 2270 Deus
1669 2239 1756 2270 enim
1775 2239 1811 2271 in

1037 2293 1198 2333 diligendo
1212 2294 1363 2333 seipsum,
1378 2295 1409 2324 et
1423 2293 1524 2332 seipso
1539 2292 1685 2330 fruendo,
1705 2292 1810 2332 diligit

1036 2350 1164 2384 caetera,
1189 2347 1232 2378 ita
1255 2347 1342 2387 quod
1367 2347 1475 2378 omnia
1499 2345 1678 2385 diligendo,
1705 2346 1809 2386 seipso

1036 2400 1163 2436 fruitur,
1189 2402 1219 2430 et
1239 2408 1365 2430 summe
1382 2400 1414 2430 111
1436 2399 1538 2439 seipso
1555 2398 1700 2436 delectat;
1724 2400 1808 2430 atta-

1035 2461 1109 2482 men
1130 2452 1294 2483 dilectione
1315 2453 1457 2483 maxima
1477 2454 1508 2483 et
1525 2460 1652 2482 summa
1673 2450 1808 2490 quihus-

1035 2505 1108 2535 dam
1129 2506 1344 2536 communicat
1365 2507 1488 2545 majora
1504 2505 1598 2542 bona,
1615 2503 1806 2543 quibusdam

1034 2559 1167 2589 minora.
1181 2558 1269 2590 Unde
1278 2559 1359 2589 sicut
1370 2558 1494 2590 dilectio
1506 2557 1562 2589 Dei
1571 2557 1606 2587 in
1619 2565 1652 2588 se
1665 2558 1713 2587 est
1725 2557 1804 2588 frui-

1032 2612 1087 2650 tio,
1113 2612 1180 2652 ipsa
1202 2614 1310 2643 tamen
1329 2611 1429 2643 relata
1447 2611 1487 2642 ad
1502 2612 1684 2641 creaturam
1703 2611 1806 2650 potest

1032 2666 1092 2697 dici
1112 2675 1190 2697 usus
1209 2666 1331 2697 ratione
1347 2664 1527 2702 connotati3
1543 2663 1588 2695 sic
1605 2663 1754 2703 quamvis
1767 2663 1803 2694 in
