2017 2948
887 189 1077 221 DlSTINCT.
1101 189 1149 220 IX.
1738 193 1796 223 435

212 264 243 293 et
265 260 434 301 Ecclesiae,
452 270 552 304 quam
575 263 812 291 sacramentum
836 257 997 301 significat
1010 284 1017 298 ‚
1035 261 1154 290 manet.
1174 256 1256 289 Nam
1279 257 1337 301 qui
1362 257 1526 290 discordat
1540 269 1559 290 a
1573 258 1701 291 Christo
1716 284 1724 299 ,
1740 269 1798 292 nec

211 329 341 351 carnem
356 317 474 350 Christi
489 316 683 357 manducat,
698 327 756 348 nec
772 316 965 358 sanguinem
980 315 1063 347 bibit
1082 327 1088 346 :
1106 314 1165 347 etsi
1189 318 1285 347 tantae
1309 314 1356 347 rei
1383 319 1624 348 sacramentum
1650 315 1689 348 ad
1711 316 1799 359 judi-

212 376 298 408 cium
321 375 371 407 sui
393 374 538 419 quotidie
560 373 704 416 accipiat.
730 372 941 416 Spiritualem
964 372 1248 404 manducationem
1264 372 1475 414 Augustinus
1499 371 1737 415 distinguensa
1751 384 1799 406 sa-

213 432 469 473 cramentali‚ait
484 434 492 450 ¹
510 443 517 462 :
535 431 603 464 «Ut
617 431 696 475 quid
714 441 806 474 paras
823 434 982 470 ventrem,
1003 434 1033 462 ct
1048 430 1177 462 dentem
1196 442 1202 461 :
1220 429 1326 471 crede,
1345 433 1375 461 et
1394 429 1611 461 manducasti.
1630 442 1645 459 >³
1665 429 1801 462 Credere

213 491 299 522 enim
314 490 349 522 in
364 501 438 522 eum
453 515 460 530 ‚
478 489 537 522 hoc
552 493 599 521 est
613 487 779 520 comedere
796 499 912 531 panem
927 492 957 519 ct
977 487 1104 520 vinnm.
1123 487 1186 526 Qui
1202 487 1304 520 credit
1326 487 1360 519 in
1385 498 1481 529 eum,
1510 487 1687 519 manducat
1710 497 1799 520 eum.

213 548 292 580 Item
307 551 319 569 2
341 560 347 579 :
370 560 386 577 «
400 547 473 586 Quo
497 546 592 579 modo
610 545 858 578 manducandus
873 549 920 577 est
934 545 1105 577 Christus?
1119 545 1191 583 Quo
1208 544 1303 577 inodo
1317 544 1385 588 ipse
1402 544 1480 576 dicit
1494 543 1503 559 ³
1519 556 1525 576 :
1543 545 1606 585 Qui
1622 544 1803 577 manducat

214 616 345 638 carnem
361 615 487 646 meam,
505 610 535 636 ec
552 603 632 636 bibit
646 603 841 647 sanquinem
856 613 965 634 meum
978 628 986 641 ,
1004 602 1039 634 in
1055 613 1106 634 me
1120 609 1233 634 manet
1248 628 1256 642 ,
1276 608 1305 634 et
1321 612 1377 646 eqo
1393 601 1428 634 in
1444 613 1490 634 eo.
1509 602 1543 634 Si
1558 602 1593 634 in
1609 613 1659 634 me
1675 606 1801 643 manet,

214 667 245 695 et
260 673 319 705 ego
334 662 367 694 in
383 674 420 695 eo
434 688 441 703 ‚
459 666 536 694 tunc
550 661 650 701 bibit3
668 661 725 704 qui
741 672 817 693 vero
832 660 865 692 in
882 671 933 692 mc
949 670 1015 692 non
1039 663 1167 700 manet,
1186 670 1243 691 nec
1259 670 1318 702 ego
1334 659 1367 691 in
1383 659 1440 692 illo
1460 671 1466 691 ε
1484 663 1515 692 et
1530 659 1556 691 si
1571 659 1686 703 accipit
1700 670 1804 691 sacra-

216 724 361 752 mentum
374 746 381 760 ,
398 719 537 763 acquirit
553 729 710 761 magnum
727 721 938 749 tormentum.
956 730 972 747 n
991 717 1071 749 Item
1089 719 1098 734 Β
1118 729 1124 748 :
1149 729 1163 746 «
1179 716 1270 749 Nulli
1286 716 1520 759 ambigendum
1536 721 1582 749 est
1597 720 1675 749 tunc
1690 728 1804 760 quem-

216 789 314 821 quam
331 777 475 820 corporis
489 802 496 814 ,
513 780 544 808 et
564 775 736 817 sanguinis
752 774 882 806 Domini
897 774 1085 818 participem
1103 773 1172 807 fieri
1191 800 1198 816 ‚
1216 774 1348 818 quando
1363 774 1483 806 Christi
1507 774 1691 807 membrum
1707 773 1807 806 effici-

217 838 270 866 tur
287 846 294 866 t
312 845 370 866 nec
385 833 521 865 alienari
536 833 576 865 ab
591 832 682 865 illius
697 832 789 875 panis
803 858 810 872 ,
827 831 1000 875 calicisque
1016 832 1178 863 consortio
1193 857 1200 872 ,
1218 831 1344 864 etiamsi
1369 835 1545 875 antequam
1568 832 1663 864 illum
1689 842 1806 875 panem

217 892 309 931 edat,
327 895 357 923 ct
372 890 505 922 calicem
524 889 613 922 bibat
627 916 634 930 ‚
651 889 690 921 de
706 889 765 921 hoc
790 889 906 921 saeculo
930 889 963 920 in
982 889 1110 920 unitate
1124 888 1267 932 corporis
1288 888 1407 920 Christi
1422 889 1617 921 constitutus
1632 888 1782 921 abscedat
1799 901 1806 920 :

217 949 295 993 quia
318 948 407 980 illius
428 947 619 980 sacramenti
642 946 800 979 beneficio
822 957 886 978 non
912 945 1062 989 privatur
1078 971 1085 986 ,
1101 945 1235 989 quando
1252 945 1308 977 ille
1331 945 1449 978 habere
1464 945 1539 987 hoc,
1557 945 1646 989 quod
1661 946 1745 978 illud
1760 957 1810 978 sa-

217 1010 418 1038 cramentum
448 1005 575 1048 signat,
607 1004 784 1036 invenitur.
812 1005 848 1035 In
876 1003 933 1035 illo
963 1003 1051 1035 enim
1077 1007 1277 1035 sacramento
1299 1013 1416 1046 corpus
1441 1007 1472 1034 et
1495 1002 1689 1046 sanguinem
1711 1014 1809 1035 suum

219 1063 311 1095 nohis
325 1062 566 1095 commendavit
582 1088 589 1101 ,
606 1061 694 1105 quod
710 1065 741 1093 et
764 1061 838 1093 fecit
859 1060 1017 1105 nosipsos.
1044 1059 1126 1092 Nam
1150 1064 1180 1092 et
1204 1071 1264 1092 nos
1285 1071 1402 1104 corpus
1424 1060 1527 1104 ipsius
1552 1060 1627 1092 facti
1648 1071 1774 1093 sumus.
1792 1073 1807 1090 »

220 1122 299 1152 item
314 1122 324 1138 ⁸
340 1132 347 1151 :
367 1134 381 1151 «
399 1120 462 1158 Qui
479 1119 638 1151 discordat
654 1130 672 1150 a
687 1118 813 1151 Christo
829 1144 836 1158 ,
854 1129 919 1149 non
944 1117 1117 1149 manducat
1139 1129 1268 1149 carnem
1295 1117 1383 1161 ejus,
1408 1129 1466 1150 nec
1490 1118 1685 1161 sanguinem
1707 1118 1810 1160 bibit,

219 1178 277 1210 etsi
294 1181 389 1210 tantae
406 1177 449 1209 rei
468 1180 707 1209 sacramentum
724 1175 761 1207 ad
775 1175 938 1218 judicium
954 1175 1014 1207 sibi
1029 1175 1175 1218 quotidie
1191 1175 1317 1218 accipit.
1337 1188 1352 1205 >³

265 1235 339 1268 Haec
352 1234 452 1267 verba
475 1238 506 1266 et
528 1234 591 1266 alia
606 1233 798 1277 hujusmodi
814 1259 822 1273 ,
840 1232 897 1264 nbi
912 1233 951 1264 de
965 1232 1127 1276 spirituali
1144 1232 1394 1264 manducatione
1409 1232 1530 1274 agitur,
1544 1232 1678 1276 quidam
1696 1233 1811 1266 obtuso

220 1292 314 1324 corde
334 1292 498 1334 legentes,
516 1291 634 1323 erroris
659 1290 798 1332 caligine
823 1289 963 1322 involuti
986 1294 1081 1328 sunt,
1101 1289 1179 1322 adeo
1196 1294 1231 1321 ut
1247 1290 1513 1333 praesumpserint
1529 1290 1634 1323 dicere
1650 1302 1767 1334 corpus
1782 1294 1813 1323 et

221 1349 414 1392 sanguinem
431 1348 550 1381 Christi
566 1360 584 1380 a
605 1348 698 1380 bonis
720 1352 847 1380 tantum
862 1347 945 1379 sumi
961 1373 968 1388 ,
984 1352 1014 1380 et
1030 1359 1096 1379 non
1111 1359 1128 1379 a
1152 1348 1256 1380 malis.
1282 1347 1344 1380 Sed
1359 1352 1368 1368 θ
1384 1347 1611 1381 indubitanter
1634 1348 1812 1381 tenendum

221 1411 267 1439 est
281 1418 299 1439 a
313 1406 407 1442 honis
422 1406 507 1438 sumi
523 1432 530 1447 ,
549 1417 614 1438 non
631 1406 726 1437 inodo
743 1405 1039 1445 sacramentaliter,
1057 1405 1110 1437 sed
1134 1409 1164 1437 et
1188 1405 1402 1449 spiritualiter
1419 1418 1426 1446 3
1443 1417 1462 1438 a
1478 1406 1571 1438 malis
1588 1417 1665 1438 vero
1683 1410 1810 1438 tantum

221 1464 517 1505 sacramentaliter,
536 1463 568 1495 id
592 1467 656 1504 est,
673 1463 733 1495 sub
758 1466 958 1495 sacramento
971 1488 979 1502 ,
997 1463 1116 1494 scilicet
1142 1462 1202 1494 sub
1227 1462 1329 1506 specie
1345 1462 1467 1495 visibili
1490 1474 1621 1495 carnem
1638 1463 1759 1496 Christi
1774 1463 1813 1496 de

221 1522 357 1564 Virgine
373 1526 537 1565 sumptam
553 1547 561 1561 ,
578 1525 607 1553 et
624 1520 816 1563 sanguinem
834 1531 891 1564 pro
908 1520 1000 1551 nobis
1023 1520 1134 1551 fusum
1149 1520 1234 1551 sumi
1252 1532 1259 1551 ι
1281 1520 1335 1552 sed
1361 1531 1426 1552 non
1443 1520 1611 1563 mysticam
1625 1546 1633 1562 ,
1655 1532 1728 1565 quae
1744 1524 1814 1553 tan-

222 1584 293 1612 tum
309 1579 470 1611 bonorum
493 1582 550 1610 est.
580 1577 674 1617 Quod
700 1577 838 1609 subditis
863 1577 1020 1621 probatur
1046 1576 1248 1609 testimoniis.
1266 1577 1443 1620 Gregorius
1458 1577 1467 1592 '¹
1487 1589 1493 1609 ι
1517 1578 1603 1610 «Est
1627 1578 1760 1622 quidem
1782 1578 1815 1611 in

224 1636 445 1681 peccatoribus
460 1635 595 1678 indigne
610 1635 816 1667 sumentibus
830 1646 907 1667 vera
921 1634 1040 1667 Christi
1055 1646 1128 1666 caro
1142 1661 1150 1676 ,
1168 1639 1198 1666 et.
1212 1646 1309 1667 verus
1324 1635 1457 1677 sanguis
1473 1661 1480 1675 ,
1499 1635 1551 1667 sed
1570 1636 1727 1677 essentia,
1749 1647 1815 1669 non

223 1694 346 1726 salubri
368 1693 552 1726 efficientia.
570 1705 585 1723 >³
605 1693 684 1725 Item
708 1692 915 1735 Augustinus
928 1697 938 1713 ⁸
958 1704 964 1724 τ
984 1706 999 1723 ‹<
1018 1692 1112 1724 Multi
1131 1692 1261 1734 indigne
1281 1692 1444 1735 accipiunt
1463 1704 1581 1736 corpus
1602 1693 1756 1734 Domini,
1778 1693 1817 1726 de

224 1752 344 1795 quibus
362 1751 537 1795 Apostolus
552 1750 597 1782 ait
610 1755 619 1770 ⁹
635 1763 641 1782 ε
662 1750 726 1790 Qui
741 1749 925 1782 manducat
941 1756 970 1782 et
987 1749 1066 1782 bibit
1086 1750 1220 1782 calicem
1236 1750 1373 1783 Domini
1394 1749 1529 1794 indique
1541 1777 1549 1790 ‚
1566 1750 1734 1793 judicium
1756 1750 1818 1783 sibi

225 1808 408 1842 manducat
423 1814 452 1842 et
467 1807 559 1840 bibit.
577 1807 639 1839 Per
654 1807 740 1851 quod
757 1807 928 1848 docemur,
945 1819 1045 1851 quam
1064 1808 1104 1839 sit
1126 1807 1308 1840 cavendum
1327 1807 1410 1840 male
1426 1808 1569 1851 accipere
1586 1808 1720 1840 bonum.
1738 1808 1817 1841 Ecce

226 1867 313 1899 enim
329 1866 450 1898 factum
468 1870 515 1897 est
531 1865 654 1897 malum
671 1890 678 1905 ‚
695 1865 774 1896 dum
791 1865 876 1897 male
897 1864 1052 1908 accipitur
1075 1865 1212 1897 bonnm.
1230 1864 1284 1897 Sic
1298 1876 1314 1896 e
1330 1869 1441 1897 contra
1456 1865 1612 1908 Apostolo
1636 1865 1757 1898 sactum
1772 1869 1819 1898 est

228 1924 371 1962 bonum,
399 1934 473 1955 cum
498 1922 580 1954 bene
608 1922 765 1966 accipitur
789 1922 913 1954 malum
940 1948 947 1963 ‚
980 1922 1100 1955 scilicet
1123 1922 1202 1954 dum
1224 1922 1379 1955 stimulus
1405 1922 1534 1955 Satanae
1561 1922 1718 1966 patienter
1746 1933 1819 1966 por-

230 1986 327 2013 tatur.
359 1980 444 2022 Ergo
481 1984 511 2012 et
540 1979 626 2012 mala
656 1984 793 2023 prosunt
819 1979 913 2012 bonis
932 2006 939 2021 ,
967 1980 1050 2012 sicut
1083 1980 1219 2023 angelus
1252 1979 1379 2013 Satanae
1406 1980 1529 2021 Paulo;
1567 1984 1597 2012 et
1628 1984 1737 2012 sancta
1764 1980 1820 2012 oh-

228 2042 304 2071 sunt
320 2037 414 2070 malis
432 2050 438 2070 :
459 2037 551 2070 honis
568 2041 644 2069 sunt
660 2037 699 2069 ad
715 2037 852 2070 salutem
869 2063 877 2078 ‚
901 2037 995 2069 malis
1020 2037 1057 2069 ad
1079 2037 1253 2081 judicium.
1271 2037 1365 2070 Unde
1388 2037 1448 2081 qui
1472 2037 1662 2079 manducat,
1682 2041 1712 2070 et
1738 2037 1820 2070 bibit

230 2096 363 2139 indigne
377 2121 384 2137 ‚
397 2095 561 2139 judicium
586 2095 647 2127 sibi
671 2095 848 2127 manducat
864 2099 894 2127 et
910 2095 1011 2136 bibit,
1028 2107 1093 2128 non
1109 2095 1187 2139 quia
1211 2106 1261 2127 res
1286 2095 1343 2127 illa
1368 2095 1454 2128 mala
1470 2099 1533 2137 est,
1551 2095 1605 2128 sed
1621 2095 1699 2139 quia
1714 2094 1821 2128 malus

232 2154 313 2186 male
333 2153 470 2197 accipit,
487 2153 573 2198 quod
591 2153 715 2185 bonum
731 2157 788 2185 est.
807 2166 822 2183 n
843 2152 930 2185 Idem
944 2152 964 2167 ¹⁰
983 2165 988 2184 :
1012 2166 1026 2183 «
1046 2153 1181 2195 Indigne
1196 2153 1270 2197 quis
1288 2164 1421 2185 sumens
1446 2164 1563 2197 corpus
1588 2152 1727 2195 Christi,
1754 2163 1821 2184 non

233 2210 353 2251 efficit,
371 2215 407 2243 ut
421 2210 499 2254 quia
514 2210 622 2243 malus
637 2214 683 2242 est
699 2236 707 2249 ,
724 2210 847 2242 malum
865 2209 901 2242 sit
920 2209 1009 2254 quod
1034 2210 1171 2254 accipit3
1189 2210 1240 2242 vel
1264 2210 1342 2255 quia
1366 2221 1432 2243 non
1455 2210 1495 2242 ad
1518 2210 1657 2243 salutem
1683 2209 1818 2253 accipit,

233 2268 280 2300 nil
304 2268 447 2311 accipiat.
478 2268 603 2312 Corpus
636 2267 723 2299 enim
748 2271 779 2299 et
803 2267 937 2309 sanguis
960 2267 1092 2300 Domini
1118 2268 1334 2300 nihilominus
1367 2272 1435 2300 erat
1460 2268 1494 2300 in
1523 2268 1605 2308 illis,
1631 2267 1751 2312 quibus
1777 2266 1823 2299 ait

235 2325 409 2368 Apostolus
427 2337 433 2356 :
454 2325 517 2364 Qui
528 2324 712 2358 manducat
729 2324 875 2369 indique,
894 2338 909 2355 »
932 2329 991 2357 etc.
1009 2325 1067 2357 His
1082 2325 1220 2369 aliisque
1235 2325 1384 2369 pluribus
1399 2329 1508 2370 aperte
1524 2324 1716 2365 ostenditur,
1734 2323 1821 2367 quod

235 2383 331 2414 etiam
347 2394 365 2414 a
390 2381 484 2414 malis
505 2392 620 2414 verum
645 2393 764 2425 corpus
789 2382 930 2423 Christi,
956 2387 986 2415 et
1011 2382 1143 2426 sanguis
1167 2382 1330 2423 sumitur;
1352 2383 1406 2415 sed
1433 2381 1729 2422 sacramentaliter,
1757 2391 1823 2414 non

235 2439 459 2485 spiritualiter.

269 2550 276 2566 ¹
291 2550 365 2579 Aug„
380 2549 404 2570 ιἰι
418 2547 488 2571 loun.
502 2547 610 2577 Evam„
625 2549 696 2570 tract.
711 2552 771 2577 xxv,
785 2554 811 2570 n.
828 2549 864 2571 ¹2.
875 2560 904 2565 ——
917 2548 925 2561 ²
936 2548 1009 2578 lbz'zl„
1024 2549 1097 2571 tract.
1110 2554 1181 2578 xxvi,
1194 2555 1219 2571 n.
1234 2549 1272 2572 18.
1285 2561 1310 2565 -
1322 2548 1332 2565 ³
1343 2548 1424 2577 loon„
1439 2552 1474 2576 Vl,
1487 2548 1524 2570 57.
1536 2559 1565 2563 —
1577 2546 1587 2562 δ
1600 2547 1673 2576 Aug„
1685 2545 1714 2569 de
1728 2544 1823 2570 Remed.

234 2584 332 2615 paeniL,
346 2585 371 2607 et
386 2583 492 2607 babetur
503 2582 532 2605 [Ie
548 2582 671 2611 Consecrq
687 2581 744 2606 dist.
761 2587 788 2612 11,
804 2588 825 2606 c.
836 2582 1004 2611 Quomodo.—
1020 2583 1027 2597 ⁵
1044 2583 1090 2611 ld.,
1104 2583 1134 2605 (le
1147 2583 1258 2606 Sacram.
1272 2583 1341 2612 fidel.
1354 2595 1383 2599 —
1395 2582 1404 2595 ⁶
1419 2582 1454 2604 De
1471 2581 1593 2611 Consecra,
1608 2580 1666 2604 dist.
1681 2586 1709 2610 η,
1723 2587 1746 2604 c.
1763 2581 1825 2610 Quia

236 2626 330 2649 passus.
341 2631 372 2636 —-
383 2618 391 2633 ⁷
407 2619 492 2648 Gregl,
507 2616 618 2647 Dialoq„
632 2616 676 2640 lib.
690 2617 732 2641 lv.
744 2616 793 2634 —³
803 2618 877 2648 Augq
889 2618 913 2641 in
929 2618 999 2642 loun.
1014 2618 1121 2648 Evanq„
1137 2619 1208 2642 tract.
1226 2623 1297 2647 xxvi,
1310 2624 1334 2641 n.
1354 2620 1389 2641 Η.
1401 2628 1430 2634 —-
1444 2616 1454 2633 ⁹
1470 2617 1476 2640 l
1493 2616 1561 2645 Cor„
1576 2621 1611 2646 xi,
1627 2617 1666 2640 29.
1677 2629 1706 2634 —
1720 2616 1826 2646 ¹⁰Aug„

237 2653 266 2677 ‹le
280 2655 350 2685 Bapt.
365 2655 427 2678 cont.
444 2654 544 2683 Donat„
558 2652 601 2677 lib.
619 2653 650 2682 V,
668 2659 691 2676 e.
709 2657 770 2682 V111,
785 2659 809 2677 ιι.
827 2653 849 2676 9.

1836 1261 1867 1282 De
1876 1267 1933 1282 erro·

1835 1297 1858 1311 re
1869 1297 1920 1316 quo-

1827 1322 1932 1348 rumdam,

1840 1353 1877 1380 qui
1887 1353 1918 1373 di-

1839 1387 1889 1404 cunt
1910 1390 1922 1404 a

1851 1415 1912 1435 bonis

1840 1448 1921 1467 tantum

1843 1478 1920 1499 corpus

1840 1499 1932 1525 Christi'

1830 1535 1893 1556 sumi.
