2017 2948
42 1189 119 1215 Opinio
130 1193 147 1210 1.

57 1357 133 1383 Opinio

51 1395 142 1409 comnin-

43 1419 82 1439 nis,

57 1569 134 1596 Opinio

49 1601 146 1621 aliorum.

43 1934 139 1960 improb.

785 155 881 187 DlST.
906 155 956 187 IX.
978 154 1068 186 ART.
1092 154 1131 185 11.

168 224 221 254 sed
244 225 277 254 in
301 223 424 254 Christo
446 231 510 253 non
534 221 644 252 hahuit
666 221 761 252 talem
788 223 936 253 effectura

169 276 387 307 manducatio:
405 284 494 314 ergo,
512 277 570 306 etc.
816 282 819 286 ·

208 332 236 360 3.
254 329 347 367 Item,
365 329 449 368 qnod
472 337 537 358 non
559 327 825 358 sacramentaliter
846 337 934 358 man-

167 382 344 419 ducaverit,
359 381 504 411 videtur:
525 380 600 419 quia
620 380 812 411 manducare
831 389 936 411 sacra-

168 434 345 465 mentaliter
358 435 404 464 est
418 432 609 463 manducare
626 435 860 463 sacramentum
877 434 935 463 sub

167 487 343 518 velamine:
364 486 416 516 sed
433 485 573 516 Christus
587 485 744 516 velamine
760 495 825 516 non
841 495 935 516 man-

167 539 315 570 ducavit:
331 547 419 578 ergo,
436 540 494 568 ete.
511 537 614 568 Minor
628 540 722 577 patet,
739 539 816 578 quia
830 542 936 578 aperte

167 595 269 624 totum
284 592 505 632 cognoscebat.

206 649 236 677 4.
254 647 346 684 Item,
368 647 395 676 si
415 646 682 676 sacramentaliter
700 648 841 684 tantum,
863 655 935 677 cum

166 700 224 730 iste
238 699 278 729 sit
291 699 405 730 modus
422 698 545 729 debitus
560 698 662 736 malis,
678 699 744 739 ipse
757 701 864 730 antem
880 701 936 730 aut

166 753 304 793 sumpsit
313 753 432 793 optimo
440 752 545 789 modo,
560 754 614 782 ant
622 752 710 782 nullo
721 752 814 782 modo
825 761 935 792 sump-

164 805 214 843 sit,
231 808 262 836 et
275 806 332 837 iste
346 806 459 836 modus
473 814 537 835 non
552 808 598 836 est
612 805 761 845 optimus,
776 814 856 844 ergo
872 814 935 835 non

164 859 309 890 convenit
323 859 363 890 ei.

435 938 661 970 CONCLUSIO.

164 1015 286 1042 Christus
306 1014 483 1041 Eucham'sa'oe
503 1017 698 1041 sacramentam
718 1016 821 1040 tantum
845 1021 935 1040 sacra-

199 1059 350 1085 mentaliter
376 1060 504 1093 sumpsit,
530 1066 581 1084 non
606 1057 731 1084 sumendo
758 1066 812 1084 rem
841 1065 934 1084 sacra-

198 1103 293 1133 mmzli,
309 1102 379 1136 quod
394 1104 423 1128 z'n
437 1102 584 1136 eaeemplum
599 1103 675 1133 fecit.

203 1175 295 1215 Resp.
311 1176 351 1206 ad
365 1185 436 1216 arg.
458 1175 630 1206 Dicendum
645 1176 730 1215 quod
745 1176 875 1215 quidam
891 1176 935 1207 di-

162 1237 231 1260 cere
254 1229 439 1267 voluerunt,
460 1229 544 1269 quod
569 1229 656 1260 nullo
675 1229 770 1259 modo
790 1230 933 1269 sumpsit,

161 1282 234 1322 quia
245 1282 303 1312 sibi
314 1291 378 1313 non
388 1283 583 1322 competebat
593 1292 600 1319 ;
615 1284 838 1313 verumtamen
851 1292 936 1313 nunc

161 1335 373 1365 communiter
385 1335 504 1372 dicunt,
521 1336 606 1374 qnod
627 1335 772 1365 Christus
799 1336 935 1366 mandu-

162 1389 243 1419 cavit
259 1389 539 1426 sacramentaliter,
556 1389 636 1419 sicut
653 1389 726 1419 dicit
742 1388 862 1419 Esicius
881 1390 933 1429 (a),

162 1441 245 1480 quod
263 1438 385 1480 primus
399 1442 486 1479 bibit,
504 1452 543 1472 ne
565 1442 617 1472 alii
634 1445 743 1482 potum
765 1444 936 1481 sanguinis

161 1493 378 1524 abhorrerent.
406 1494 466 1525 Sed
489 1494 526 1524 de
550 1495 705 1534 spirituali
727 1496 856 1534 quidam
886 1497 932 1526 di-

162 1549 237 1577 00111
252 1547 336 1586 quod
359 1547 404 1577 sic
421 1558 428 1578 z
453 1547 561 1578 dicunt
580 1548 685 1586 enim,
708 1549 792 1588 quod
812 1549 870 1579 fuit
891 1550 933 1579 ibi

162 1600 238 1630 unio
254 1609 310 1639 per
333 1600 368 1639 (b)
392 1602 497 1630 actum
517 1601 654 1638 amoris,
676 1603 706 1631 et
731 1602 861 1632 effectus
876 1602 936 1632 fnit

163 1662 227 1683 non
243 1653 275 1683 in
288 1662 332 1690 se,
348 1653 399 1684 sed
416 1654 449 1683 in
460 1654 611 1684 membris
624 1664 631 1684 :
646 1656 681 1684 ut
696 1654 777 1684 sicut
792 1655 935 1686 Christus

162 1715 227 1737 non
241 1706 301 1736 sibi
322 1707 449 1744 meruit,
470 1708 523 1738 sed
539 1708 642 1745 nobis,
658 1708 701 1737 sic
719 1708 837 1738 virtute
850 1709 934 1739 illius

162 1759 413 1790 manducationis
433 1761 562 1797 meruit,
578 1763 613 1791 ut
636 1761 778 1791 membra
795 1762 935 1801 corporis

161 1813 209 1843 sui
223 1813 328 1852 magis
342 1813 510 1843 unirentur
524 1813 592 1843 sibi.
608 1813 668 1844 Sed
683 1814 708 1843 si
723 1814 807 1844 istud
820 1823 934 1845 verum

162 1868 252 1903 esset,
269 1868 346 1896 tunc
359 1866 491 1895 haberet
505 1865 652 1896 effectum
669 1867 701 1896 in
717 1875 781 1896 non
797 1868 935 1899 mandu-

162 1921 263 1956 cante,
280 1921 310 1949 et
324 1919 358 1948 in
369 1918 554 1949 dormiente.
567 1919 712 1958 Amplius
725 1930 731 1950 ε
748 1919 817 1959 ipso
832 1920 934 1960 bapti-

163 1975 242 2009 zato,
254 1980 316 2001 non
326 1973 429 2001 055001
444 1971 496 2001 alii
510 1971 687 2011 baptizandi
698 1973 745 2010 (cl.
760 1972 932 2011 Postremo,

162 2024 333 2065 spiritualis
371 2025 571 2055 manducatio
610 2025 684 2055 dicit
725 2026 932 2057 intentionem

162 2078 289 2109 unionis
310 2078 529 2108 manducantis
553 2078 590 2108 asl
616 2079 842 2111 manducatum
863 2084 933 2112 actu

160 2131 211 2161 vel
227 2131 352 2168 habitu3
366 2140 502 2170 quorum
515 2133 663 2162 neutrum
675 2133 732 2163 fuit
747 2133 780 2163 in
799 2133 931 2166 Christo.

162 2184 333 2223 Propterea
347 2183 526 2219 dicendum,
539 2185 624 2224 quod
639 2186 721 2216 sicut
738 2187 932 2226 baptismum

162 2239 286 2267 tantum
297 2237 563 2267 sacramentaliter
574 2239 721 2278 suscepit,
732 2242 762 2270 et
772 2250 835 2271 non
846 2251 913 2272 rem
923 2266 930 2280 ,

161 2290 206 2320 sic
220 2291 249 2320 et
264 2289 324 2320 hoc
347 2293 591 2322 sacramentnm.
614 2291 651 2322 Et
674 2292 734 2323 1100
755 2294 885 2333 quidem
900 2296 931 2326 in

161 2342 346 2383 exemplum
358 2343 440 2373 fecit.

203 2395 287 2426 1.Ad
299 2395 375 2426 illud
387 2404 464 2435 ergo
478 2397 563 2435 quod
575 2397 733 2437 objicitur,
747 2401 831 2439 quod
843 2411 931 2435 man—

160 2449 288 2480 ducavit
300 2448 515 2488 spiritualiter,
532 2450 607 2489 qnia
620 2450 678 2481 fuit
689 2452 722 2482 in
736 2461 773 2483 eo
788 2457 928 2494 cognitio

160 2503 191 2533 et
204 2501 338 2539 dilectio,
354 2502 521 2532 dicendum
536 2503 620 2542 quod
635 2503 695 2534 1100
716 2515 779 2536 000
803 2509 928 2548 sufficit,

193 2583 223 2612 (a)
243 2582 298 2612 Leq.
321 2582 469 2614 Hesychius,
486 2595 514 2600 —
536 2583 565 2613 (b)
588 2583 657 2607 Edit.
680 2585 733 2609 l'cn.
748 2587 812 2611 deest
832 2596 884 2619 per.
900 2605 930 2609 —

162 2617 191 2647 (c)
204 2617 264 2642 Goet.
281 2617 342 2641 edit.
358 2624 410 2642 uon
428 2620 487 2642 sunt
501 2618 541 2642 alii
556 2618 683 2649 baptizati.

1701 152 1760 180 443

993 222 1053 252 nisi
1067 221 1162 252 etiam
1177 221 1215 251 sit
1230 220 1272 250 ibi
1290 219 1499 259 incorporatio
1511 243 1519 257 ,
1535 227 1608 259 quae
1621 226 1685 248 non
1700 225 1759 256 po—

993 276 1054 306 tuit
1068 284 1134 305 esse
1149 275 1182 305 in
1196 275 1265 314 ipso
1276 298 1284 312 ,
1302 274 1379 313 qnia
1394 281 1458 303 non
1474 275 1540 303 erat
1563 272 1706 302 diversus
1720 269 1759 299 ab

994 337 1041 365 eo,
1058 328 1107 358 cni
1123 329 1342 367 incorporatur
1356 326 1415 356 isla
1433 325 1685 355 manducatione.

1033 385 1062 412 2.
1079 382 1126 412 Ad
1141 381 1219 412 illud
1241 380 1324 420 quod
1340 379 1498 416 objicitur,
1515 377 1599 417 quod
1616 378 1682 406 erat
1698 376 1763 406 via-

993 438 1052 472 tor,
1075 435 1243 466 dicendum
1258 434 1342 474 quod
1358 441 1470 463 verum
1486 433 1532 461 est
1553 441 1560 460 ε
1579 429 1631 459 sed
1646 428 1760 458 nihilo-

995 489 1099 519 minus
1118 491 1185 519 erat
1199 488 1443 528 comprehensor
1458 483 1716 525 perfectissimus,
1733 483 1764 511 01

994 543 1174 573 nullatenus
1198 544 1320 582 poterat
1342 541 1504 581 proficere,
1527 547 1584 568 nec
1605 535 1764 566 charitatis

992 597 1120 633 habitu,
1148 605 1204 626 1100
1225 595 1358 626 fervoris
1378 596 1478 625 motu.
1503 591 1589 622 Unde
1611 592 1658 620 est
1680 588 1765 628 quod

992 649 1074 689 quis,
1086 651 1384 688 quantumcumque
1394 647 1560 688 perfectus,
1572 644 1648 674 dum
1657 644 1764 672 tamen

991 712 1056 733 non
1069 703 1108 733 sit
1129 703 1256 739 beatus,
1273 702 1298 731 51
1320 700 1449 740 recipiat
1472 698 1568 737 digne
1584 704 1762 727 sacramen-

992 758 1081 792 tum,
1103 755 1277 785 intenditur
1301 755 1333 784 in
1356 763 1393 784 eo
1419 752 1555 783 charitas
1582 752 1689 786 motu,
1713 747 1764 778 vel

992 809 1114 840 habitu.

1032 865 1060 892 3.
1077 861 1124 892 Ad
1138 861 1215 891 illud
1229 861 1313 900 quod
1326 860 1485 899 ohJicitur,
1500 857 1586 897 quod
1599 865 1662 886 non
1675 864 1765 886 man-

992 915 1119 945 ducavit
1133 912 1412 949 sacramentaliter,
1435 912 1510 951 quia
1525 919 1589 940 non
1604 909 1662 939 sub
1677 907 1763 938 vela-

992 967 1077 997 mine
1089 991 1096 1004 ,
1122 967 1290 997 dicendum
1308 965 1390 1005 quod
1407 965 1445 995 ad
1464 964 1589 1003 plenam
1609 962 1765 991 rationem

992 1019 1229 1050 sacramentalis
1256 1016 1508 1048 manducationis
1533 1024 1596 1045 non
1622 1016 1764 1053 oportet,

991 1073 1075 1112 quod
1095 1073 1202 1102 veniat
1223 1071 1353 1110 signum
1374 1072 1528 1109 tanquam
1549 1068 1694 1099 velamen
1710 1076 1766 1097 ve-

992 1127 1059 1156 lans
1073 1136 1080 1163 3
1097 1126 1149 1156 sed
1164 1125 1281 1155 sufficit
1297 1148 1304 1161 ,
1321 1126 1356 1154 ut
1371 1123 1476 1153 veniat
1492 1125 1643 1160 tanquam
1661 1119 1766 1159 signi-

992 1180 1089 1209 ficans
1103 1190 1109 1209 :
1135 1178 1218 1217 quod
1234 1179 1341 1207 autem
1357 1176 1456 1213 velet,
1478 1175 1537 1205 hoc
1552 1177 1597 1204 est
1613 1183 1668 1213 per
1682 1173 1766 1203 acci-

992 1233 1068 1262 dens
1079 1256 1086 1269 ,
1111 1232 1186 1271 quia
1199 1230 1310 1261 oculus
1330 1229 1440 1259 videns·
1460 1237 1523 1258 non
1539 1229 1586 1257 est
1603 1226 1765 1256 illumina·-

992 1288 1043 1315 tns
1059 1285 1149 1325 plene
1165 1295 1172 1314 :
1195 1283 1279 1314 unde
1295 1282 1428 1312 velando
1443 1281 1620 1316 illuminat,
1644 1279 1764 1309 illumi-

992 1338 1095 1368 nando
1113 1337 1206 1367 velat.

1032 1394 1060 1421 si.
1078 1391 1125 1421 Ad
1140 1390 1217 1420 illud
1233 1389 1317 1429 quod
1333 1388 1492 1427 objicitur,
1510 1387 1593 1426 quod
1611 1386 1685 1416 mali
1700 1388 1766 1417 tan-

991 1447 1059 1475 tum
1087 1443 1256 1474 comedunt
1288 1440 1568 1477 sacramentaliter,
1597 1440 1765 1469 dicendum

992 1497 1075 1537 quod
1094 1496 1207 1535 aliquis
1221 1494 1491 1525 sacramentaliter
1506 1495 1629 1522 tantum
1643 1493 1763 1531 recipit,

990 1551 1065 1589 qnia
1082 1559 1145 1579 0011
1167 1551 1213 1579 051
1228 1548 1360 1578 idoneus
1385 1547 1424 1576 ad
1446 1545 1642 1585 spiritualem
1657 1546 1765 1575 effica-

990 1605 1084 1634 ciam.
1102 1603 1161 1633 Sed
1178 1603 1238 1632 hoc
1257 1602 1359 1641 potest
1380 1599 1497 1639 duplici
1513 1608 1580 1629 esse
1595 1598 1633 1629 de
1649 1607 1762 1636 causa;

990 1660 1046 1688 aut
1070 1658 1196 1696 propter
1230 1654 1343 1694 gratiae
1375 1652 1603 1692 plenitudinem
1617 1676 1624 1689 ,
1650 1654 1680 1681 et
1705 1651 1765 1682 hoc

992 1709 1190 1749 perfectionis
1215 1710 1273 1745 est,
1289 1707 1366 1737 etin
1386 1706 1450 1736 solo
1472 1705 1594 1739 Christo
1611 1705 1687 1741 fuit3
1710 1707 1765 1734 aut

990 1762 1050 1792 hoc.
1065 1764 1111 1791 est
1129 1762 1255 1800 propter
1272 1759 1370 1799 ipsius
1385 1757 1628 1797 ineptitudinem
1640 1779 1649 1793 ,
1666 1759 1696 1786 et
1711 1757 1763 1785 in—

990 1815 1192 1854 dignitatem,
1210 1815 1240 1843 et
1255 1813 1298 1843 sic
1312 1814 1357 1842 051
1372 1812 1404 1842 in
1421 1810 1636 1850 peccatoribus
1650 1821 1657 1847 ;
1674 1811 1704 1840 et
1719 1809 1762 1839 sic

991 1870 1076 1908 patet
1094 1867 1182 1897 illud.

1220 1984 1463 2018 ARTICULUS
1490 1984 1529 2015 ΙΙ.

1029 2087 1272 2126 Consequenter,
1293 2087 1450 2125 quantum
1465 2085 1503 2115 ad
1520 2083 1693 2114 secundum
1709 2092 1760 2112 ar-

989 2141 1141 2177 ticulum,
1161 2139 1316 2179 qneeritur
1330 2138 1367 2168 de
1384 2137 1627 2168 manducatione
1640 2136 1673 2166 in
1688 2144 1758 2174 spe-

989 2194 1078 2231 ciali,
1106 2193 1173 2223 sive
1199 2193 1236 2222 de
1261 2191 1504 2222 manducatione
1529 2190 1705 2225 malornm;
1731 2190 1761 2218 et

988 2247 1070 2277 circa
1090 2247 1149 2277 1100
1163 2248 1354 2285 quaeruntnr
1369 2247 1506 2285 quatuor
1521 2255 1527 2274 2
1553 2244 1655 2283 primo
1669 2251 1758 2282 (1000-

989 2301 1069 2330 ritur
1090 2292 1200 2330 utrum
1224 2300 1296 2329 mali
1321 2301 1448 2329 sumant
1468 2297 1619 2328 veraciter
1645 2304 1760 2335 corpus

987 2353 1097 2383 Christi
1111 2362 1120 2392 ;
1139 2352 1275 2383 secundo
1288 2376 1296 2390 ,
1314 2354 1423 2382 utrum
1440 2351 1489 2381 ille
1505 2351 1561 2390 qui
1576 2351 1621 2380 est
1636 2349 1668 2379 in
1686 2358 1760 2387 pec-

986 2408 1054 2437 cato
1070 2416 1109 2437 cx
1124 2408 1209 2436 certa
1224 2406 1352 2436 scientia
1362 2428 1373 2443 ,
1393 2404 1560 2434 manducet
1573 2401 1757 2433 damnabili-

986 2462 1043 2496 ter;
1061 2459 1163 2496 tertio,
1182 2461 1289 2489 utrum
1305 2466 1430 2497 semper
1446 2456 1618 2487 mortaliter
1634 2457 1756 2494 peccet;

987 2513 1099 2551 quarto
1114 2512 1270 2551 quaeritur
1285 2514 1394 2542 utrum
1416 2512 1520 2550 peccet
1536 2507 1756 2539 damnabiliter

986 2564 1041 2604 qui
1066 2573 1181 2604 corpus
1206 2564 1320 2595 Christi
1344 2563 1397 2594 dat
1421 2563 1471 2600 ei,
1496 2570 1590 2602 quern
1614 2561 1672 2591 scit
1691 2569 1757 2591 esse

986 2619 1192 2658 peccatorem.
