2017 2948
131 800 164 820 Ad
184 806 234 826 opp.

249 135 308 165 558

247 202 393 232 voluntas
407 204 454 233 est
468 202 501 232 in
524 203 672 234 omnihus
685 204 801 243 justis;
826 204 1018 243 impossibile

247 257 293 284 est
307 255 392 285 enim
403 278 413 293 ,
436 256 520 295 quod
539 256 579 286 sit
600 256 746 287 voluntas
762 259 845 287 recta
861 257 928 287 sine
944 257 1018 288 hoc.

248 306 346 338 Habet
361 308 457 338 etiam
473 308 594 348 aliquid
608 309 863 348 imperfectionis,
880 310 961 339 sicut
974 312 1019 340 est

247 360 348 391 luctus
360 370 418 400 pro
434 364 559 401 peccato
575 364 752 401 perpetrato
765 373 771 399 ;
788 364 818 392 et
830 363 950 392 ratione
962 363 1020 393 hu-

243 414 297 452 jus
319 423 384 444 non
405 415 577 445 attenditur
596 415 769 451 connexio,
795 424 854 445 nec
875 415 1018 453 duratio;

247 466 312 497 imo
326 468 431 506 potius
444 468 479 498 fit
493 468 667 505 evacuatio,
687 470 838 507 tanquam
853 470 922 507 eJus
935 469 1019 508 quod

247 522 293 548 est
309 528 348 549 ex
364 522 465 559 parte.

495 626 519 662 Q
527 625 550 656 U
558 625 595 657 AE
601 625 621 657 S
627 625 650 656 T
660 626 699 657 10
729 627 737 657 l
748 627 770 658 1.

264 706 308 731 An
320 707 480 740 poem'temz'a
493 707 530 732 sit
541 707 627 734 virtus
642 708 785 741 generalis,
798 709 840 734 vel
852 710 976 743 specialis
989 710 1007 736 ¹.

293 784 405 816 Utrum
423 786 606 825 poenitentia
622 787 662 817 sit
676 787 777 818 virtus
791 788 965 826 generalis,
982 799 1021 819 an

250 838 408 878 specialis3
419 841 449 869 et
459 839 635 869 ostenditur
645 840 727 879 quod
737 841 906 879 generalis.
921 845 948 872 ⁴1.
962 842 1023 872 Au<

251 892 400 930 gustinus
420 893 452 922 in
474 892 555 922 libro
571 894 710 932 quinque
724 894 976 933 Responsionum
988 899 998 914 ²
1013 906 1019 924 z

255 956 270 973 «
285 943 471 975 Poenitentia
485 947 531 975 est
544 946 691 984 quaedam
708 956 758 977 res
773 948 893 986 optima
906 951 934 978 et
950 958 1020 987 per-

251 997 348 1035 fecta,
375 1007 484 1028 omnes
506 998 646 1029 defectus
670 1008 823 1030 revocans
845 1001 883 1030 ad
908 1002 1024 1040 perfec-

251 1052 332 1080 tum.
347 1061 361 1078 υ
382 1049 443 1080 Sed
463 1050 524 1080 alio
543 1051 653 1082 habitu
675 1055 871 1083 restauratur
885 1054 1023 1085 defectus

250 1103 521 1142 concupiscibilis,
546 1106 577 1134 et
600 1104 784 1135 irascibilis:
819 1116 897 1145 ergo
922 1108 1021 1146 poeni-

251 1156 347 1186 tentia
369 1157 496 1196 respicit
514 1166 625 1187 omnes
639 1157 766 1188 habitus
783 1169 788 1188 :
812 1160 864 1189 sed
884 1160 943 1189 hoc
959 1170 1023 1191 uon

250 1212 356 1248 posset
372 1209 492 1247 facere,
517 1210 541 1239 si
564 1212 646 1241 esset
666 1212 807 1251 specialis
826 1212 928 1243 virtus
945 1222 952 1243 ι
972 1223 1021 1244 er-

250 1271 293 1300 go
304 1287 312 1301 ⁷
330 1265 388 1293 etc.

289 1317 318 1346 2.
348 1316 428 1347 Item
453 1317 575 1348 ratione
606 1317 743 1355 videtur,
776 1319 852 1357 quia
880 1319 1022 1358 ejusdem

248 1370 375 1400 virtutis
393 1372 437 1400 est
458 1370 627 1408 delectari,
654 1372 746 1411 cujus
765 1374 811 1401 est
836 1372 973 1410 tristari,
994 1375 1024 1403 et

247 1423 394 1453 detestari
426 1424 629 1463 oppositum:
665 1424 719 1454 sed
745 1425 946 1455 continentiae
973 1428 1019 1456 est

247 1475 392 1506 delectari
415 1476 453 1506 de
477 1478 548 1506 actu
574 1477 745 1507 castitatis:
775 1486 855 1516 ergo
879 1478 1022 1516 ejusdem

247 1532 293 1559 est
305 1529 454 1560 detestari
469 1532 576 1560 actum
597 1530 836 1561 incontinentiae
850 1555 858 1567 ,
881 1534 911 1561 et
925 1532 969 1562 sic
985 1533 1023 1562 de

247 1584 315 1614 aliis
330 1595 337 1614 2
357 1584 410 1614 sed
426 1585 611 1623 poenitentia
625 1585 797 1615 detestatur
810 1595 905 1616 omne
916 1596 1021 1626 pecca-

202 1637 204 1639 ’
248 1638 336 1675 tum,
354 1637 420 1667 sive
435 1637 563 1677 expellit
578 1649 584 1667 ε
605 1647 685 1677 ergo
700 1639 885 1678 poeniteutia
900 1642 947 1670 est
959 1641 1022 1671 vir-

128 2076 232 2097 Fundam.

248 1690 300 1718 tus
315 1691 497 1720 communis·
517 1693 547 1721 ct
562 1692 731 1730 generalis.

289 1744 317 1772 3.
335 1742 412 1773 Item
423 1744 433 1759 ³
448 1744 575 1774 habitus
590 1747 829 1783 cognoscuntur
844 1755 899 1785 per
914 1748 1001 1777 actus
1011 1771 1020 1785 ,

249 1797 279 1825 et
294 1798 381 1826 aetus
396 1805 452 1836 per
465 1797 586 1835 objecta
600 1808 606 1827 ι
625 1798 679 1828 sed
692 1798 850 1837 ohJeetum
867 1800 1022 1838 poeniten-

249 1848 301 1878 tiae
327 1851 372 1879 est
394 1852 559 1889 peccatum
583 1850 617 1880 in
642 1852 827 1889 communi,
855 1853 931 1892 quia
956 1853 1024 1893 ipsa

249 1910 342 1932 omne
362 1904 524 1941 peccatum
545 1902 728 1942 detestatur,
749 1907 780 1934 et
797 1913 892 1936 omne
907 1916 1016 1946 pecca-

250 1957 316 1985 tum
334 1955 462 1995 expellit
476 1965 484 1986 :
502 1965 582 1995 ergo
595 1957 779 1996 poenitentia
795 1961 842 1989 est
857 1959 959 1990 virtus
970 1969 1023 2000 ge-

249 2008 363 2038 neralis
378 2011 408 2039 et
425 2010 615 2040 communis.

290 2062 424 2094 Contra:
460 2064 640 2103 spiritualis
663 2066 791 2096 virtutis
817 2069 864 2097 est
888 2067 1021 2108 diligere

247 2116 368 2146 bouum
378 2117 453 2156 quia
464 2117 596 2155 bonum,
609 2118 723 2148 scilicet
735 2119 914 2150 charitatis:
929 2130 1019 2160 ergo,

249 2179 268 2200 a
283 2169 400 2208 simili,
424 2170 567 2210 specialis
582 2171 709 2201 virtutis
728 2175 774 2202 est
796 2173 883 2203 odire
899 2174 950 2204 vel
965 2175 1021 2205 de—

249 2223 356 2253 testari
374 2223 494 2254 malum
510 2224 586 2263 quia
598 2224 720 2255 malum
735 2234 743 2255 ι
760 2226 814 2256 sed
830 2226 889 2257 hoc
901 2229 947 2257 est
959 2236 1021 2267 poe-

246 2276 387 2306 nitentiae
404 2287 410 2307 :
428 2286 529 2316 ergo,
547 2279 604 2307 etc.

288 2329 365 2360 Item
390 2329 532 2369 specialis
557 2329 630 2359 doni
654 2332 700 2360 est
723 2331 872 2370 refugere
900 2333 1019 2364 malum

247 2383 425 2414 faciendum
438 2408 445 2421 ‚
466 2383 532 2413 sive
547 2382 703 2413 declinare
719 2393 738 2413 a
753 2385 836 2414 malo
850 2408 857 2421 ‚
876 2387 911 2415 ut
924 2386 1018 2417 timo-

246 2437 290 2466 ris
305 2448 311 2467 :
333 2446 412 2475 ergo
427 2436 569 2476 specialis
584 2437 709 2467 virtutis
724 2439 771 2467 est
786 2438 935 2476 refugere
951 2449 1020 2470 ma-

282 2497 341 2528 ¹Cf.
357 2498 427 2522 Alex.
443 2498 540 2527 Meus„
555 2505 580 2529 p.
597 2499 639 2528 lv,
658 2506 682 2530 q.
699 2505 754 2529 ΧΠ,
769 2500 878 2524 membr.
896 2502 917 2528 1,
934 2502 980 2524 art.
998 2504 1020 2530 ¹,

248 2533 264 2564 ἓ
278 2534 306 2563 2;
322 2535 348 2557 S.
366 2533 466 2563 Thom.‚
482 2541 507 2564 p.
523 2534 566 2562 ΙΙΙ,
589 2540 614 2564 q.
631 2539 725 2564 Lxxxv,
745 2535 792 2558 art.
809 2536 877 2565 :het
892 2536 924 2560 lv
941 2536 1019 2567 Seni„

249 2568 307 2592 dist.
333 2575 386 2598 xiv,
410 2576 434 2600 q.
457 2575 475 2600 1,
494 2571 541 2593 art.
566 2571 592 2600 i,
615 2577 640 2601 q.
664 2575 710 2601 1115
730 2569 859 2601 Richard„
884 2572 915 2595 lV
941 2572 1020 2603 Seni„

250 2603 306 2627 dist.
318 2609 371 2632 xiv,
385 2611 409 2635 q.
422 2610 454 2634 11;
467 2604 555 2635 Steph.
569 2604 671 2634 Brulef„
685 2605 714 2629 tV
724 2605 803 2636 δοιῇ,
815 2605 872 2629 dist.
886 2612 938 2637 xiv,
951 2613 1019 2638 q.11;

809 137 1117 168 SENTENTIARUM
1141 137 1214 168 LlB.
1238 136 1287 168 IV.

1076 204 1143 235 lum
1156 205 1223 243 jam
1240 205 1355 235 factum
1372 216 1378 236 ε
1404 205 1457 236 sed
1482 205 1540 236 hoc
1562 207 1608 236 est
1631 205 1821 244 poenitentiae
1838 217 1845 236 ε

1077 266 1175 297 ergo⁷
1195 260 1252 288 etc.

1120 310 1196 341 ltein
1222 311 1405 350 poenitenua
1424 311 1589 342 ordinatur
1609 312 1647 342 ad
1674 321 1775 342 unum
1795 321 1846 344 ac-

1077 365 1146 393 tum
1170 366 1292 393 lantum
1313 364 1400 394 liberi
1417 365 1558 403 arbitrii,
1584 374 1646 395 nou
1661 365 1701 395 ad
1716 373 1846 403 omnes,

1077 416 1152 455 quia
1165 416 1268 446 solun]
1282 416 1321 446 ad
1333 417 1488 456 poenitere
1503 420 1533 448 et
1547 418 1668 448 dolere:
1686 426 1774 456 ergo,
1789 419 1847 448 etc.

1351 531 1575 563 CONCLUSIO.
1625 526 1629 527 ⁷

1079 616 1238 642 Paenitentia
1252 618 1288 643 esc
1301 617 1428 651 spec-talis
1443 618 1537 650 virtus,
1549 618 1613 651 quia
1627 618 1737 652 respicit
1750 617 1851 644 malum

1115 660 1162 686 sula
1178 662 1285 687 ratione
1300 662 1368 687 mali
1380 662 1499 695 proprii,
1515 669 1532 687 ιι
1545 669 1571 688 se
1585 663 1679 688 contra
1693 662 1775 688 Deum
1785 669 1851 696 per-

1114 706 1225 738 petrau,
1240 707 1319 739 prout
1335 705 1409 731 homo
1424 713 1456 731 ecc
1471 705 1516 732 hoc
1533 705 1629 738 diqnus
1645 707 1682 732 est
1694 706 1798 741 puniri.

1121 788 1209 828 Rusp.
1239 790 1277 819 ad
1305 799 1376 828 arg.
1404 790 1574 820 Dicendum
1602 790 1687 830 quod
1711 790 1764 821 hic
1790 790 1850 821 fuit

1079 841 1198 881 duplex
1214 843 1339 882 positio.
1356 843 1489 880 Quidam
1505 844 1591 874 enim
1608 843 1779 874 voluerunt
1799 843 1848 874 di-

1079 904 1164 931 cere,
1181 896 1266 935 quod
1283 899 1329 926 est
1348 897 1452 926 virtus
1475 896 1632 935 generalis
1654 899 1683 927 et
1708 899 1755 927 est
1779 905 1853 936 pars

1076 949 1208 987 justitiae
1224 949 1399 987 generalis,
1421 950 1514 988 cujus
1536 951 1582 979 est
1606 949 1708 980 facere
1730 949 1851 980 bonum

1079 1005 1107 1031 ct
1126 1003 1280 1033 ‹les-linare
1296 1012 1313 1032 a
1331 1003 1432 1033 malo:
1452 1003 1534 1033 unde
1548 1003 1627 1033 sicut
1646 1003 1747 1034 facere
1758 1012 1853 1034 omne

1079 1056 1198 1085 honuni
1210 1059 1256 1086 est
1264 1057 1396 1095 ,justitiae
1407 1056 1574 1095 generalis,
1587 1056 1630 1087 sic
1641 1056 1799 1087 declinare
1811 1056 1851 1087 ab

1079 1109 1164 1139 ouini
1178 1109 1260 1139 malo
1272 1109 1351 1139 facto
1362 1112 1406 1139 cst
1416 1109 1549 1148 justitiae
1562 1109 1738 1147 generalis:
1751 1112 1781 1140 et
1793 1110 1853 1140 hoc

1079 1165 1123 1192 est
1141 1163 1356 1201 poeniteutiae5
1375 1164 1403 1192 et
1424 1162 1492 1192 ideo
1509 1162 1694 1202 pcenitentia
1716 1164 1763 1192 est
1778 1171 1852 1202 pars

1075 1215 1209 1255 Justitiae
1225 1214 1396 1253 generalis.
1421 1214 1457 1244 Et
1474 1215 1626 1254 quoniam
1644 1215 1771 1254 Justitia
1792 1224 1849 1254 ge-

1080 1267 1196 1297 neralis
1211 1268 1326 1297 dicitur
1340 1277 1404 1297 non
1426 1276 1481 1306 per
1505 1267 1779 1306 praedicationem,
1797 1268 1852 1298 sed

1080 1331 1136 1360 per
1169 1322 1340 1360 quamdam
1370 1321 1530 1351 virtutum
1559 1321 1828 1360 aggregationem
1843 1345 1850 1359 ‚

1079 1375 1155 1413 quia
1181 1375 1421 1415 comprehendit
1449 1374 1565 1404 multas
1592 1374 1747 1412 virtutes,
1772 1375 1851 1405 sicut

1078 1437 1143 1458 uua
1158 1428 1250 1458 vinea
1269 1428 1388 1458 multas
1403 1427 1499 1465 vites,
1515 1429 1550 1458 ut
1576 1427 1650 1458 dicit
1671 1426 1854 1467 Chrysosto-

1079 1490 1151 1511 mus
1170 1493 1176 1511 z
1201 1481 1244 1511 sic
1267 1481 1452 1520 poenitentia
1476 1480 1714 1520 comprehendit
1737 1490 1852 1512 omnes

1078 1535 1223 1572 virtutes.
1242 1535 1394 1573 quoniam
1410 1534 1536 1574 quando
1552 1534 1683 1573 poenitet
1706 1534 1745 1565 de
1767 1534 1852 1564 malo

1079 1588 1228 1625 luxuriae,
1242 1588 1345 1625 tangit
1356 1587 1508 1617 chordam
1521 1588 1740 1626 continentiae;
1754 1596 1852 1628 quan-

1079 1641 1118 1671 do
1133 1640 1170 1669 (le
1186 1640 1270 1670 malo
1285 1640 1457 1679 superbire,
1476 1640 1625 1669 chordam
1642 1640 1849 1671 humilitatis:

1078 1696 1113 1724 ut
1127 1694 1171 1723 sic
1190 1695 1302 1723 venter
1322 1693 1522 1723 conscicntia!
1549 1695 1674 1723 resonet
1697 1693 1731 1723 in
1757 1693 1848 1730 fletu,

1078 1747 1166 1786 quasi
1178 1747 1309 1784 cithara,
1322 1746 1495 1776 secundum
1506 1746 1581 1776 illud
1590 1745 1599 1761 ⁴
1611 1757 1617 1776 ι
1638 1746 1752 1778 Venter
1762 1754 1850 1778 meus

1077 1800 1121 1831 acl
1135 1800 1225 1832 Moab
1240 1800 1336 1840 quasi
1351 1799 1476 1831 cithara
1491 1799 1620 1831 sonabit
1636 1809 1646 1830 :
1665 1800 1742 1839 quia
1758 1799 1784 1829 si
1801 1809 1848 1830 se-

1078 1854 1219 1884 cundum
1233 1862 1344 1883 omnes
1361 1853 1495 1883 virtutes
1508 1853 1613 1883 flenda
1627 1855 1703 1884 sunt
1723 1855 1850 1892 peccata

1077 1907 1194 1945 aliena⁷
1212 1906 1316 1936 multo
1333 1906 1437 1944 magis
1453 1906 1591 1945 propria.
1609 1905 1669 1936 Sed
1684 1906 1753 1936 haec
1769 1905 1851 1945 posi·
1864 1920 1961 1948 ιωρωδ,

1076 1959 1120 1989 tio
1144 1969 1205 1989 non
1233 1961 1335 1999 potest
1361 1961 1458 1995 stare3
1485 1959 1559 1998 (suia
1583 1958 1641 1989 etsi
1666 1958 1851 1998 poenitentia

1077 2013 1224 2053 respiciat
1239 2013 1362 2043 malum
1377 2013 1411 2042 iu
1426 2012 1607 2049 communi,
1624 2013 1731 2042 tamen
1749 2011 1850 2052 respi-
1864 2026 1970 2054 omia,

1077 2068 1117 2098 cit
1135 2067 1193 2098 sub
1206 2067 1333 2106 propria
1350 2066 1486 2104 ratione,
1504 2068 1535 2096 et
1549 2066 1644 2096 habet
1661 2067 1767 2096 actum
1782 2074 1850 2105 spe-

1077 2121 1201 2158 cialem,
1215 2120 1269 2159 qui
1284 2120 1405 2158 indiget
1423 2119 1539 2150 virtute
1554 2128 1619 2149 non
1634 2120 1758 2149 tantum
1771 2127 1850 2158 prae-

1076 2174 1228 2213 cipiente,
1246 2172 1298 2202 sed
1316 2173 1459 2203 eliciente
1475 2181 1481 2201 :
1499 2174 1535 2202 ut
1551 2172 1631 2202 sicut
1649 2171 1697 2202 ira
1718 2180 1774 2211 per
1795 2180 1848 2202 ze-

1076 2227 1162 2265 lum,
1179 2236 1251 2266 quae
1265 2226 1436 2256 detestatur
1449 2234 1542 2256 omne
1555 2227 1719 2265 peccatum
1731 2225 1764 2255 in
1779 2233 1848 2265 pro-

1075 2280 1174 2318 ximo,
1192 2282 1239 2310 est
1254 2279 1396 2319 specialis
1408 2279 1520 2316 virtus,
1537 2278 1613 2318 quia
1628 2278 1757 2318 respicit
1769 2276 1848 2308 illud

1076 2333 1134 2363 sub
1157 2333 1277 2363 ratione
1301 2332 1391 2371 digni
1422 2341 1529 2371 pseua3
1554 2333 1583 2362 et
1603 2331 1780 2362 obedientia
1799 2332 1845 2361 est

1075 2385 1250 2425 spiritualis
1261 2386 1375 2422 virtus,
1393 2385 1468 2424 quia
1482 2384 1607 2424 respicit
1621 2379 1843 2423 exequendum

1075 2439 1134 2469 sub
1153 2439 1274 2469 ratione
1294 2439 1432 2468 mandati
1450 2449 1456 2468 ;
1480 2438 1523 2468 sic
1545 2437 1643 2467 etiam
1665 2434 1845 2476 poenitentia

1076 2502 1164 2525 Petrus
1187 2501 1218 2524 tle
1232 2501 1345 2531 Tarant,
1364 2501 1394 2524 lv
1418 2501 1496 2529 531ιὶἿ
1511 2499 1568 2523 dist.
1588 2504 1642 2529 xiv,
1662 2505 1688 2529 q.
1711 2503 1745 2527 ης
1767 2495 1842 2520 Gahr.

1076 2536 1146 2565 niet„
1160 2537 1192 2561 lV
1206 2538 1284 2565 sent„
1300 2536 1357 2560 dist.
1370 2541 1423 2566 mv,
1436 2543 1461 2566 q.
1478 2541 1497 2559 1.
1507 2548 1538 2552 —
1550 2535 1558 2549 ²
1569 2534 1625 2559 Vid.
1640 2536 1736 2562 nomm,
1749 2538 1775 2562 p.
1789 2532 1843 2560 556,

1075 2579 1152 2603 super
1166 2572 1226 2596 dub.
1242 2577 1305 2596 ixx-
1320 2573 1328 2585 ¹
1346 2572 1430 2598 Arist..
1445 2571 1475 2594 tle
1489 2571 1578 2595 Anima
1591 2587 1597 2599 ,
1612 2569 1656 2594 lib.
1675 2569 1704 2598 ΙΙ,
1720 2568 1788 2592 cont.
1805 2567 1842 2590 ³9.

1075 2621 1104 2625 —
1114 2608 1124 2624 δ
1137 2608 1197 2638 Ιεα.,
1210 2613 1264 2636 xvi,
1283 2610 1319 2632 ¹3.
