2017 2948
269 90 325 118 714

269 153 398 184 Expositio
409 153 502 176 textus.

267 191 329 213 Αιιτ.
346 195 364 213 1.
383 188 477 217 Quzest.
495 189 518 211 1.
533 187 573 211 An
592 193 685 217 corpus
698 187 790 212 Christi
804 187 836 212 sit
850 188 876 211 'm
888 187 960 211 altari

296 223 436 248 secundum
450 222 593 246 veritatem.

266 260 360 288 Quaest.
379 261 404 283 2.
423 261 462 283 An
477 265 570 288 corpus
584 258 677 282 Christi
695 259 726 283 sit
742 259 767 283 in
782 258 854 282 altari
867 264 960 282 sccun-

296 296 356 319 dum
369 301 441 318 suam
453 294 594 318 naturalem
609 295 775 325 quantitatem
785 311 794 324 ‚
807 300 840 317 an
852 294 884 317 sit
898 293 932 317 ibi
941 300 957 318 a

295 330 436 361 quantitate
451 330 618 354 abstractum.

265 367 358 395 Quaest.
381 368 405 389 3.
427 367 464 389 Au
479 372 573 396 corpus
587 365 678 390 Christi
695 365 726 389 sit
740 364 787 388 sub
802 364 851 388 illis
865 365 960 396 specie-

295 402 343 425 bus
357 400 497 424 diffinitive.

264 437 357 464 Quoest.
382 437 404 460 4.
426 437 464 459 An
482 443 574 466 corpus
592 435 683 459 Christi
702 435 733 459 sit
754 435 895 460 dimensive
910 436 958 460 suh

294 471 426 501 speciebus
439 488 445 500 ,
459 471 512 494 sive
528 470 757 501 circumscriptive.

263 507 357 534 Quaest.
373 508 396 531 5.
412 507 450 530 An
465 513 558 537 corpus
573 506 665 530 Christi
678 506 709 530 sit
723 506 748 530 in
761 507 873 538 qualibet
887 508 958 537 parte

293 541 392 565 hostiae.

263 578 331 601 PARs
347 583 375 600 11.

262 612 392 643 Expositio
407 614 501 636 textus.

262 652 325 671 Anr.
342 653 359 671 1.
375 648 470 676 Quaest.
485 649 506 671 1.
524 648 561 671 An
577 647 682 678 aequalis
696 648 812 678 virtutis,
824 648 864 671 vel
879 647 958 677 majo-

291 683 326 706 ris
350 683 382 707 sit
404 690 498 714 panem
517 683 543 706 in
563 690 655 713 corpus
675 683 766 707 Christi
788 685 938 707 convertere
951 701 957 713 ,

292 720 392 748 quantae
407 720 445 742 est
457 718 551 749 aliquid
566 718 596 741 de
612 725 681 741 novo
697 725 793 743 creare.

260 753 354 781 Quoest.
377 755 400 777 2.
416 755 454 777 An
476 753 556 776 virtus
570 753 827 777 transsubstantiandi
839 753 870 777 sit
886 753 957 777 nobi-

291 788 356 818 lior,
375 795 451 819 quam
465 789 546 812 virtus
560 788 730 818 concipiendi.

260 823 355 851 Quaest.
377 825 401 848 3.
419 824 456 848 An
475 824 555 847 virtus
574 823 831 847 transsubstantiandi
851 823 956 847 situata

290 859 370 882 verbo
390 859 504 890 prolato,
519 865 552 882 an
566 859 648 883 solum
671 859 704 882 sit
724 859 804 882 virtus
826 859 904 883 Verbi
918 859 955 882 in-

292 894 380 918 creati.

261 930 356 957 Quaest.
372 930 395 952 4.
411 930 449 952 An
461 929 541 952 virtus
554 929 692 953 verborum
711 929 792 959 possit
806 931 957 953 convertere

292 966 523 995 quantamcumque
538 964 680 988 materiam.

261 1000 325 1022 Aur.
340 1004 366 1022 11.

291 1034 385 1061 Quaest.
398 1035 422 1058 1.
437 1035 476 1058 An
491 1034 625 1058 existentia
640 1034 755 1064 corporis
770 1034 861 1058 Christi
876 1034 901 1057 in
916 1041 954 1057 sa-

291 1070 422 1093 cramento
437 1070 523 1092 altaris
536 1069 567 1092 sit
582 1076 658 1098 supra
671 1069 827 1092 intellectum
840 1069 954 1092 viatoris.

260 1105 355 1132 Quaest.
367 1107 389 1128 2.
401 1106 440 1128 An
453 1104 587 1128 existentia
597 1104 712 1135 corporis
723 1104 816 1128 Christi
830 1105 856 1128 in
871 1111 953 1128 sacra-

289 1141 378 1163 mento
397 1139 483 1163 altaris
502 1140 534 1163 sit
557 1146 634 1170 supra
662 1146 765 1163 sensum
789 1139 954 1169 comprehen-

289 1174 363 1198 soris.

260 1211 332 1233 Disr.
348 1216 384 1234 xi.
402 1211 471 1234 PARS
486 1217 503 1234 1.

259 1245 390 1275 Expositio
408 1248 503 1271 textuS.

260 1283 322 1304 Aur.
342 1286 359 1304 1.

259 1317 353 1343 Quaest.
370 1317 391 1339 1.
412 1317 450 1339 An
463 1316 488 1339 in
502 1318 660 1341 sacramento
672 1316 758 1340 altaria
772 1317 805 1340 sit
821 1323 882 1340 vera
895 1322 953 1340 con-

288 1350 373 1374 versio
385 1351 458 1381 panis
470 1351 497 1374 in
508 1358 602 1382 corpus
616 1352 718 1376 Christi.

260 1385 353 1413 Quaest.
368 1387 393 1409 2.
415 1387 453 1409 An
469 1388 536 1409 totus
554 1386 626 1416 panis
641 1388 805 1410 convertatur
822 1386 848 1410 in
862 1392 954 1416 corpus

289 1421 398 1451 Christi,
420 1428 453 1444 an
473 1421 566 1452 aliquid
580 1424 711 1445 remaneat
725 1423 818 1452 praeter
835 1421 952 1445 acciden-

288 1456 331 1479 tia.

257 1491 351 1519 Quaest.
367 1492 391 1514 3.
407 1492 445 1515 An
457 1491 505 1515 ista
518 1492 652 1515 conversio
666 1492 698 1515 sit
712 1491 870 1515 annihilatio.

213 1548 215 1559 ,
257 1527 354 1554 Quaest.
370 1528 394 1550 4.
413 1528 452 1551 An
466 1527 538 1557 panis
557 1529 720 1551 convertatur
739 1527 765 1551 in
787 1529 868 1551 totum
883 1527 955 1550 Chri-

288 1564 365 1585 stum.

257 1597 351 1624 Quaest.
377 1597 399 1620 5.
415 1597 454 1620 An
470 1596 526 1620 haec
540 1597 675 1620 conversio
692 1596 723 1619 sit
742 1596 834 1626 subita,
849 1603 881 1620 an
896 1603 952 1620 suc-

289 1630 397 1654 cessiva.

258 1666 353 1693 Quaest.
378 1667 400 1689 6.
425 1666 522 1694 Quibus
549 1666 635 1689 verbis
659 1665 751 1690 debeat
777 1665 884 1696 exprimi
907 1665 954 1689 ista

265 1703 268 1705 '
289 1700 434 1724 conversio.

257 1735 326 1759 Pius
342 1741 370 1759 11.

258 1771 389 1800 Exposilio
407 1773 500 1795 textus.

257 1807 320 1830 ART.
336 1812 354 1830 ι.
371 1808 464 1835 Quaest.
488 1808 509 1830 1.
531 1807 569 1830 An
586 1808 774 1830 sacramentum
791 1807 954 1830 Eucharistiae

289 1842 380 1865 debeat
392 1842 481 1865 confici
495 1841 521 1864 in
538 1842 671 1871 speciebus
687 1842 760 1872 panis
780 1844 805 1865 et
816 1842 877 1866 vini.

259 1878 353 1905 Quaest.
374 1878 398 1900 Ξ.
413 1880 452 1900 An
472 1878 579 1906 utraque
600 1877 691 1900 harum
708 1877 852 1907 specierum
873 1877 904 1901 sit
924 1877 954 1900 de

291 1911 436 1942 integritate
451 1912 613 1935 sacramenti.

258 1947 352 1974 Quaest.
368 1948 391 1970 3.
411 1948 450 1970 An
466 1954 531 1977 aqua
548 1947 579 1970 sit
597 1947 627 1970 tle
643 1947 786 1977 integritate
804 1946 955 1971 sacramenti

293 1982 467 2006 Eucharistiae.

260 2017 353 2043 Quaest.
368 2017 390 2040 4.
411 2018 446 2040 An
459 2016 509 2040 hoc
523 2018 711 2040 sacramentum
729 2017 808 2047 possit
823 2016 913 2040 confici
930 2017 955 2040 in

291 2052 362 2074 omni
377 2058 443 2081 pune
458 2053 483 2075 et
495 2051 563 2075 vino.

260 2087 322 2109 ART.
341 2091 370 2109 11.
387 2086 480 2114 Quaest.
497 2088 518 2110 1.
536 2087 624 2110 L'trum
640 2086 755 2110 Christus
775 2086 913 2110 confecerit
930 2087 956 2110 in

291 2127 391 2151 azymo,
403 2127 436 2144 an
448 2121 473 2144 in
486 2122 647 2145 sermentato.

261 2157 354 2183 Quaest.
374 2157 398 2179 2.
418 2157 507 2180 Utrum
523 2157 638 2180 Christus
651 2157 676 2180 in
687 2163 763 2180 coena
775 2157 872 2181 dederit
883 2157 957 2181 disci-

291 2190 356 2220 pulis
366 2198 459 2221 corpus
470 2191 623 2221 impassibile
639 2194 664 2214 et
678 2192 830 2216 immortale.

262 2226 335 2249 Disr.
354 2231 401 2250 x11.
417 2227 486 2250 PARS
499 2232 517 2250 1.

262 2261 392 2290 Expositis>
405 2263 498 2284 textus.

263 2297 324 2319 ART.
341 2301 359 2320 1.
375 2297 470 2324 Quaest.
487 2298 509 2320 1.
530 2298 569 2320 An
586 2296 706 2327 possibile
720 2297 752 2320 sit
765 2297 884 2321 accidens
902 2304 957 2322 esse

293 2330 347 2354 sine
360 2331 476 2362 sth'ecto
492 2331 567 2355 etiam
578 2338 624 2362 per
638 2331 796 2355 miraculum.

265 2366 360 2393 Quzest.
375 2368 398 2390 2.
414 2368 453 2390 An
465 2369 600 2398 congruat,
614 2367 682 2398 quod
695 2367 722 2391 in
736 2367 784 2391 hoc
798 2371 957 2393 sacramento

294 2401 345 2424 sint
360 2402 458 2432 species
472 2402 527 2426 siue
542 2402 666 2433 subjecto.

264 2436 357 2463 Qnaest.
370 2438 394 2461 3.
406 2439 443 2461 An
458 2437 490 2461 sit
501 2444 600 2468 verum,
612 2438 754 2462 accidentia
769 2445 823 2463 esse
835 2439 889 2463 sine
900 2440 957 2463 sub-

292 2471 371 2501 jecto.

265 2507 326 2530 Λιῑτ,
350 2512 378 2531 11.
401 2508 496 2535 Quurst.
515 2511 535 2532 1.
552 2510 590 2532 An
611 2509 709 2539 speeies
725 2509 790 2538 illae,
814 2508 865 2532 sive
890 2510 959 2534 ucci-

296 2540 390 2572 dmtia,
407 2543 503 2572 possint
515 2544 630 2567 converti
648 2543 673 2567 in
692 2543 847 2569 alimentum.

1003 86 1131 118 INDEX.

992 154 1036 176 452

991 223 1035 246 453

992 330 1036 353 456

992 401 1035 424 458

991 472 1036 494 459

989 542 1032 564 ⁴61

989 576 1035 599 463

989 613 1033 636 464

990 718 1033 741 465

989 789 1033 812 467

981 895 1030 918 468

988 966 1032 988 470

989 1000 1030 1022 471

988 1070 1032 1092 472

987 1176 1030 1199 474

986 1212 1030 1234 475

986 1247 1030 1269 477

987 1281 1031 1304 478

986 1353 1031 1375 479

986 1457 1030 1479 480

986 1492 1030 1515 482

985 1564 1029 1586 483

985 1632 1030 1655 485

987 1701 1031 1724 487

986 1736 1031 1759 488

988 1772 1030 1794 490

987 1843 1031 1866 493

988 1912 1032 1935 494

988 1983 1032 2006 496

989 2053 1032 2076 498

989 2123 1032 2146 500

989 2194 1033 2216 502

989 2228 1033 2252 504

988 2265 1034 2287 506

989 2335 1034 2358 509

990 2406 1034 2428 510

990 2476 1035 2499 5¹2

991 2546 1035 2568 513

1093 154 1188 182 Qumst.
1201 156 1224 178 2.
1236 156 1273 178 An
1285 156 1424 180 accidentia
1434 158 1545 182 babeant
1557 159 1606 183 vim
1618 162 1784 186 convertendi

1123 189 1170 212 alia
1185 189 1211 213 in
1225 193 1428 222 sacramentum,
1444 195 1530 224 utpote
1545 194 1605 218 dum
1617 195 1678 220 vino
1695 200 1785 221 conso-

1123 225 1194 248 crato
1210 225 1346 255 apponitur
1359 233 1434 257 aqna.

1093 259 1186 287 Quaest.
1202 261 1226 283 3.
1241 262 1280 284 Au
1295 261 1437 286 accidentia
1451 264 1615 294 operationes
1627 265 1726 298 aliquas
1739 267 1784 291 ha-

1124 294 1200 318 beant
1215 302 1260 325 per
1271 298 1387 320 naturam
1396 315 1402 327 ,
1413 304 1445 321 an
1458 304 1505 328 per
1518 300 1675 326 miraculum.

1093 330 1207 388 Αηέίηιιι.
1220 331 1315 359 Quoest.
1330 334 1351 355 1.
1364 333 1402 356 Αιι
1414 340 1474 357 vera
1486 334 1574 359 tractio
1584 336 1627 360 fiat
1637 337 1664 361 in
1676 342 1786 369 corpote

1174 365 1223 389 isti.

1093 400 1185 428 Quaest.
1200 402 1224 424 2.
1239 402 1277 425 An
1292 402 1319 425 in
1331 403 1464 432 speciebus
1479 404 1512 428 sit
1525 411 1587 429 vera
1597 406 1694 432 tractio.

1092 435 1186 463 Quaest.
1210 437 1232 459 3.
1257 438 1295 460 An
1321 440 1406 465 partes
1428 441 1580 464 sacramenti
1601 442 1764 468 Eucharistiae
1774 462 1781 472 ,

1122 470 1182 494 dum
1196 471 1320 502 frangitur
1333 472 1359 495 in
1375 473 1447 497 altari
1457 492 1465 504 ,
1480 474 1574 506 aliquid
1590 477 1732 508 significent
1741 498 1748 509 ,
1760 481 1786 504 et

1122 505 1192 536 quid.

1092 541 1160 564 PAns
1179 546 1208 565 ιι.

1092 576 1223 606 Expositio
1241 579 1336 601 textus.

1093 612 1154 635 Aur.
1171 619 1189 635 ι.
1205 614 1298 640 Quaest.
1315 615 1338 636 1.
1360 614 1397 637 An
1420 618 1607 640 sacramentum
1624 617 1786 643 Eucharistiae

1122 646 1214 670 habeat
1228 647 1366 672 efficaciam
1381 649 1406 672 in
1421 650 1534 679 quolibet
1545 651 1601 675 viro
1612 652 1692 683 justo.

1091 681 1185 710 Quaest.
1202 684 1225 706 ⁶2.
1241 684 1278 706 An
1291 683 1384 707 habeat
1402 684 1539 709 efficaciam
1554 687 1580 710 in
1598 687 1683 718 aliquo
1694 695 1784 719 peeca-

1122 719 1177 740 tore
1187 734 1194 746 ,
1210 717 1328 742 videlicet
1342 719 1385 749 qui
1398 722 1436 743 est
1448 720 1473 743 ln
1487 723 1594 750 peccato
1609 723 1720 748 maruli.

1091 752 1186 780 Quaest.
1206 754 1229 776 3.
1249 754 1287 776 An
1311 755 1463 778 sacramenti
1487 756 1652 782 Eucharistiae
1675 759 1788 784 efficacia

1121 786 1153 810 sit
1175 788 1292 812 remissio
1314 789 1465 821 venialium,
1489 793 1515 814 et
1536 794 1709 823 augmentatio
1735 795 1786 819 vir·

1120 823 1212 846 tutum.

1091 859 1153 881 Αιιτ.
1170 863 1200 881 ιι.
1219 860 1312 886 Quaest.
1334 862 1355 884 1.
1376 861 1413 883 An
1428 867 1536 885 necesse
1550 862 1583 886 sit
1594 863 1626 886 ad
1640 863 1690 888 hoc
1705 871 1786 889 sacra-

1120 895 1235 916 mentum
1250 894 1380 918 accedere.

1091 928 1186 955 Quaest.
1210 929 1234 953 2.
1256 930 1293 952 An
1312 930 1415 954 habenti
1432 930 1574 956 libertatem
1591 934 1731 958 accedendi
1752 935 1785 960 ad

1122 963 1285 988 Eucharistiae
1300 969 1489 990 sacramentum
1510 967 1541 990 sit
1560 968 1652 992 metius
1669 970 1785 1001 trequen-

1121 999 1173 1021 tare
1183 1017 1190 1027 ,
1201 1007 1233 1022 an
1248 1000 1318 1024 tarde
1334 1001 1465 1025 accedere.

1090 1033 1186 1060 Quaest.
1202 1036 1224 1057 3.
1247 1036 1285 1058 An
1304 1035 1383 1059 homo
1397 1036 1487 1060 debeat
1505 1044 1532 1061 se
1546 1039 1676 1064 retrahere
1689 1039 1721 1064 ab
1733 1041 1784 1065 hoc

1120 1072 1281 1093 sacramento
1294 1073 1400 1101 propter
1413 1071 1600 1097 immunditiam
1616 1076 1783 1105 corporalem.

1089 1104 1159 1127 DJST.
1181 1110 1239 1128 xlii.

1089 1139 1218 1168 Expositio
1233 1141 1325 1163 textus.

1089 1174 1151 1198 Αιιτ.
1168 1180 1186 1197 ι.
1202 1175 1296 1202 Quaest.
1312 1177 1335 1199 1.
1355 1176 1394 1199 Au
1416 1176 1579 1202 Eucharistiae
1597 1181 1783 1204 sacramentum

1120 1209 1199 1238 possit
1212 1210 1295 1233 omnis
1309 1211 1427 1235 sacerdos
1441 1212 1576 1236 conficere.

1088 1245 1185 1272 Ouaest.
1201 1246 1225 1268 2.
1241 1246 1279 1268 An
1294 1246 1341 1269 soli
1353 1246 1497 1270 sacerdotes
1509 1247 1608 1278 possint
1621 1249 1757 1275 conficere.

1087 1280 1180 1307 Quaest.
1201 1281 1223 1304 3.
1241 1281 1277 1303 An
1301 1282 1414 1310 potestas
1433 1283 1600 1306 consecrandi
1619 1284 1783 1309 Eucharistioe

1118 1318 1306 1339 sacramentum
1321 1315 1352 1339 sit
1370 1317 1450 1347 maff's
1468 1317 1495 1340 in
1509 1318 1651 1349 sacerdote,
1665 1325 1741 1350 quam
1755 1320 1782 1344 in

1118 1350 1208 1373 verbo.

1087 1385 1182 1412 Quaest.
1198 1386 1220 1408 4.
1240 1387 1278 1409 An
1294 1386 1386 1410 melior
1406 1387 1438 1411 sit
1453 1387 1530 1411 missa
1544 1388 1606 1412 boni
1625 1389 1777 1421 sacerdotis,

1117 1427 1192 1450 quam
1205 1421 1275 1445 mali.

1087 1457 1148 1479 Aur.
1169 1462 1196 1480 11.

1087 1491 1181 1518 Quaest.
1203 1494 1224 1515 1.
1242 1494 1279 1515 An
1296 1499 1389 1523 corpus
1403 1493 1494 1517 Christi
1509 1495 1652 1525 trajiciatur
1671 1495 1699 1520 tn
1717 1502 1781 1520 ven-

1116 1528 1181 1550 trem
1195 1528 1283 1552 muris.

1086 1562 1181 1589 Quaest.
1198 1563 1222 1585 2.
1241 1564 1279 1586 An
1295 1571 1388 1594 corpus
1408 1565 1500 1590 Christi
1517 1565 1655 1590 descendat
1674 1565 1700 1590 iu
1721 1572 1783 1590 ven-

1118 1598 1180 1619 trem
1195 1597 1314 1621 hominis.

1087 1631 1156 1654 Disr.
1174 1636 1226 1654 xxv.
1244 1633 1312 1655 PARS
1328 1639 1347 1656 1.

1087 1665 1217 1695 Expositio
1235 1668 1328 1690 textus.

1087 1700 1149 1723 ΛΒΤ.
1164 1706 1173 1724 1
1202 1701 1297 1729 Quaest.
1313 1703 1335 1724 1.
1351 1703 1389 1725 An
1400 1704 1551 1732 poenitentia
1564 1705 1596 1728 sit
1609 1705 1699 1729 virtus.

1087 1735 1182 1762 Quaest.
1198 1737 1221 1759 2.
1238 1736 1327 1759 Utrum
1341 1736 1493 1767 poenitentia
1506 1738 1539 1762 sit
1549 1738 1630 1762 virtus
1641 1739 1781 1770 gener-fliz

1117 1776 1150 1793 an
1161 1770 1287 1800 specialis.

1087 1805 1181 1832 Quaest.
1204 1806 1227 1828 3.
1246 1807 1284 1829 Αιι
1298 1806 1448 1836 pcenitentia
1467 1808 1498 1832 sit
1518 1808 1598 1832 virtus
1617 1809 1777 1840 theologica,

1118 1845 1150 1863 an
1168 1840 1310 1865 cardinalis.

1087 1876 1149 1898 Aur.
1164 1881 1191 1898 ιι.
1207 1876 1299 1903 Quaest.
1311 1878 1336 1899 1.
1349 1878 1387 1900 An
1400 1878 1552 1908 poenitentia
1563 1878 1595 1902 sit
1608 1878 1635 1902 in
1648 1878 1781 1909 irascibili,

1118 1916 1150 1932 an
1164 1910 1188 1933 in
1202 1911 1335 1941 rationali,
1347 1918 1379 1935 an
1392 1912 1417 1935 iu
1432 1912 1635 1942 concupiscibili,
1646 1913 1714 1936 auin
1725 1919 1783 1943 syn-

1119 1945 1211 1968 deresi.

1088 1980 1182 2008 Quaest.
1193 1981 1217 2005 2.
1229 1981 1268 2004 An
1280 1982 1429 2011 poenitentia
1441 1982 1522 2006 virtus
1532 1982 1628 2006 oriatur
1638 1989 1670 2007 ex
1679 1983 1780 2007 timore.

1088 2015 1183 2043 Quaest.
1199 2016 1222 2039 3.
1238 2017 1275 2039 An
1289 2017 1439 2046 poenitentia
1449 2017 1480 2040 sit
1492 2017 1575 2048 prima
1586 2017 1674 2042 virtus.

1089 2051 1158 2074 Pius
1175 2056 1203 2074 ιι.

1090 2086 1220 2115 Expositio
1235 2088 1328 2110 textus.

1088 2123 1150 2144 Aur.
1162 2127 1180 2144 1.
1192 2122 1285 2149 Quaest.
1303 2124 1324 2145 1.
1336 2123 1374 2145 An
1385 2122 1515 2153 contingat
1529 2129 1544 2145 a
1557 2129 1618 2146 vera
1631 2122 1782 2153 paenitentia

1120 2155 1220 2179 cadere.

1089 2191 1183 2218 Quaest.
1199 2192 1223 2214 2.
1244 2192 1283 2215 An
1303 2191 1433 2222 contingat
1448 2198 1494 2221 per
1508 2192 1683 2222 poenitentiam
1700 2198 1782 2216 resur-

1121 2233 1180 2256 gere
1191 2244 1197 2255 ,
1211 2226 1260 2250 hoc
1275 2228 1312 2250 est
1326 2227 1501 2257 poenitentiam
1515 2227 1610 2251 iterari.

1090 2262 1187 2289 Quaest-
1204 2263 1226 2285 3.
1250 2263 1287 2285 An
1307 2262 1391 2285 omnis
1410 2268 1488 2292 agens
1507 2262 1684 2293 poenitentiam
1707 2269 1783 2293 super

1120 2297 1220 2327 culpam
1233 2297 1346 2321 inveniat
1358 2297 1468 2328 venium,
1481 2300 1714 2329 quantumcumque
1725 2305 1783 2328 pec-

1121 2332 1224 2356 caverit.

1090 2369 1151 2392 Aur.
1168 2374 1197 2392 ιι.
1213 2369 1308 2396 Quaest.
1329 2370 1351 2393 1.
1374 2369 1412 2392 An
1430 2375 1535 2393 necesse
1554 2369 1585 2393 sit
1603 2375 1735 2400 resurgere
1756 2369 1782 2393 in

1120 2403 1210 2434 mquali
1223 2404 1358 2435 charitate,
1368 2405 1409 2428 vel
1422 2404 1498 2428 etiam
1510 2404 1535 2428 in
1546 2404 1645 2435 majori.

1090 2440 1186 2467 Quaest.
1208 2441 1232 2463 ΕΞ.
1254 2442 1292 2464 Αι]
1310 2440 1458 2471 poenitentia
1475 2440 1589 2464 restituat
1610 2440 1635 2463 in
1649 2439 1782 2470 pristinum

1122 2474 1238 2504 gradum.

1091 2510 1185 2537 Quaest.
1202 2511 1224 2533 3.
1241 2511 1278 2533 An
1295 2510 1443 2540 poenitentia
1456 2510 1571 2534 restituat
1585 2510 1683 2535 homiui
1702 2517 1779 2541 opera

1122 2545 1188 2568 bona
1202 2545 1272 2575 prius
1288 2545 1438 2570 mortificata
1452 2552 1498 2576 per
1512 2546 1620 2575 culpam.

1815 233 1862 257 5¹⁸

1815 305 1862 329 5¹8

1816 375 1860 399 52¹

1817 410 1862 435 523

1814 515 1862 540 524

1814 551 1860 574 525

1816 585 1861 610 ³26

1817 656 1862 680 528

1815 725 1861 750 ⁵30

1814 832 1857 855 5³¹

1814 902 1859 925 533

1814 1007 1859 1032 5³⁴

1813 1112 1858 1136 5³8

1813 1145 1857 1170 540

1814 1217 1858 1241 543

1814 1251 1859 1275 ⁵4⁵

1810 1357 1855 1380 546

1810 1427 1856 1450 547

1812 1462 1857 1486 548

1813 1533 1858 1556 559

1811 1603 1890 1635 ⁵⁵2-»

1798 1635 1857 1660 ‘553

1811 1671 1856 1695 55³

1813 1706 1858 1729 556

1811 1775 1856 1798 558

1812 1845 1857 1869 559

1812 1948 1857 1971 560

1813 1984 1858 2006 564

1813 2018 1858 2041 565

1813 2053 1858 2076 566

1813 2088 1858 2111 570

1812 2157 1857 2181 576

1813 2227 1857 2251 577

1813 2333 1858 2356 578

1813 2405 1858 2428 580

1812 2474 1857 2497 582

1813 2544 1856 2567 583
