2017 2948
155 955 187 976 Ad
203 962 255 982 opp.

282 199 292 225 1
304 198 322 225 6

278 264 402 293 videtur
417 263 501 302 quod
526 263 612 293 nullo
626 263 719 294 modo
734 263 900 300 contingat
919 262 961 292 ibi
981 271 1048 291 1550

277 325 376 356 spem.

318 369 397 399 11001
416 370 423 385 ¹
439 369 687 402 :Nuncmcmenc
697 369 777 409 fides
797 376 877 407 spes,
890 368 1045 404 charitas,

276 422 341 453 tria
355 422 431 459 laec,
461 427 533 461 etc„
560 424 667 455 Glossa
690 435 696 454 ι
723 435 736 450 «
759 423 910 459 Charitas,
937 421 998 451 fide
1017 423 1047 450 et

275 484 329 514 spe
343 475 583 514 discedentibus,
609 477 806 517 permanebit
820 478 922 513 aucta,
941 475 991 505 cui
1008 475 1046 504 ss-

274 528 328 559 des
343 531 374 559 et
384 538 454 569 spes
468 530 519 560 hic
534 540 599 561 nou
615 533 747 570 possunt
758 529 875 560 deesse.
889 540 903 557 »
920 528 951 557 Si
966 536 1045 565 ergo

275 582 408 613 deerunt
419 583 478 613 sibi
489 583 521 613 in
532 583 643 623 patria,
660 583 786 614 videtur
797 581 881 621 quod
894 588 1046 612 evacuen-

274 637 327 666 tur
342 645 397 675 per
408 636 555 675 gloriam.

314 689 402 725 Item,
419 689 498 720 sicut
513 700 544 720 sc
559 690 654 720 habet
668 690 746 720 sides
760 690 904 728 respectu
919 695 984 717 non
995 687 1042 717 vi-

272 742 309 780 si,
322 742 365 772 sic
378 752 411 773 se
427 743 520 774 hahet
532 753 600 783 spes
611 745 754 782 respectu
766 751 830 772 non
852 741 953 772 habiti
971 750 978 770 :
992 739 1044 770 sed

272 795 349 825 fides
357 796 534 827 necessario
547 798 720 826 evacuatur
731 794 975 835 superveniente
986 793 1045 823 cla-

271 857 307 878 ra
334 848 454 879 visione
480 860 486 879 :
514 858 591 888 ergo
618 851 649 880 et
676 857 745 888 5905
760 873 767 886 ,
800 847 1044 888 superveniente

271 902 564 941 comprehensione,
577 902 644 932 sive
657 901 831 932 verissima
842 901 992 931 tentione.

310 955 369 986 Sed
380 958 498 993 contra,
510 959 523 986 t
536 957 545 972 ²
557 967 563 985 ι
579 956 655 995 Spes
666 955 791 987 illorum
803 954 1044 986 immortalitate

268 1009 362 1048 plena
377 1013 442 1047 est;
455 1010 562 1040 Glossa
574 1021 580 1040 :
594 1009 631 1049 (a)
654 1009 899 1039 «indefectiva»
918 1008 1004 1046 Ergo
1017 1008 1043 1038 51

269 1071 340 1102 5905
368 1063 534 1093 beatorum
562 1072 626 1093 non
657 1062 776 1099 deficit,
804 1062 930 1092 videtur
958 1061 1042 1100 quod

269 1124 339 1155 spes
352 1125 415 1146 non
427 1116 542 1146 habeat
556 1116 704 1146 evacuari
722 1116 754 1145 in
765 1115 873 1145 beatis.
893 1115 925 1145 Si
943 1117 977 1145 tu
993 1115 1042 1145 di-

269 1178 320 1198 cas
335 1169 419 1208 quod
442 1169 483 1199 ibi
500 1170 671 1209 accipiatur
689 1178 759 1209 spes
775 1178 832 1209 pro
848 1169 915 1208 ipsa
931 1178 964 1198 re
977 1178 1042 1208 spe-

268 1224 346 1260 rata,
369 1223 518 1261 objicitur
546 1225 623 1253 tunc
649 1224 687 1253 de
702 1223 770 1262 ipso
795 1224 866 1253 actu
882 1222 1039 1262 sperandi,

268 1275 322 1314 qui
351 1275 412 1305 suit
439 1276 472 1306 in
501 1276 623 1306 Christo
651 1276 825 1306 secuudum
854 1276 939 1315 quod
969 1275 1042 1306 dicit

268 1326 375 1357 Glossa
391 1337 486 1367 super
501 1328 577 1358 illud
599 1328 713 1358 Psalmi
728 1329 738 1344 θ
754 1337 761 1358 :
778 1328 815 1358 In
836 1330 874 1365 le,
892 1328 1039 1364 Domine,

267 1382 407 1419 speravi.
422 1381 455 1411 Si
470 1391 549 1420 ergo
561 1381 701 1412 Christus
715 1381 811 1411 simul
824 1381 883 1411 suit
897 1390 1039 1420 compre-

267 1433 384 1464 hensor
397 1437 426 1465 et
440 1435 553 1473 viator,
566 1434 692 1465 videtur
706 1434 791 1474 quod
806 1434 901 1465 simul
921 1434 1041 1474 possint

267 1490 349 1518 stare
362 1490 450 1518 001115
464 1491 494 1519 01
509 1489 637 1519 habitus
656 1489 721 1528 spei
739 1497 814 1519 cum
829 1487 1040 1528 complemen-

268 1542 300 1570 to
317 1541 452 1579 praemii.

306 1595 335 1624 ΞΖ.
347 1593 437 1632 Item,
446 1594 641 1634 ubicumque
651 1597 750 1634 potest
758 1603 824 1625 esse
831 1594 1036 1632 desiderium,

266 1646 309 1676 ibi
326 1649 425 1686 potest
440 1656 507 1677 esse
527 1656 596 1686 spes
612 1658 618 1677 :
637 1647 690 1678 sed
706 1647 740 1677 in
763 1650 881 1678 zeterna
904 1648 1037 1678 beatitu-

265 1699 338 1730 dine
361 1703 407 1730 est
431 1710 595 1731 summum
621 1701 833 1737 desiderium,
863 1702 1038 1732 secundnm

265 1753 348 1791 quod
370 1753 518 1783 scribitur
533 1756 561 1782 ⁴:
582 1753 719 1792 Inquem
735 1753 919 1785 desiderant
934 1756 1040 1794 αηῃθίί

262 1807 458 1845 prospicere:
474 1815 551 1845 ergo
563 1806 689 1837 videtur
704 1807 789 1846 quod
804 1807 836 1837 in
853 1807 889 1846 (b)
905 1807 971 1847 ipsa
984 1817 1036 1838 511-

264 1869 362 1899 perna
382 1860 573 1891 beatitudine
602 1861 767 1899 contingat
790 1861 921 1900 reperiri
949 1871 1037 1901 spem

264 1915 421 1952 quantum
436 1913 475 1943 ad
491 1914 638 1944 habitum
653 1916 683 1944 et
702 1916 826 1944 motum
844 1924 851 1944 ε
868 1924 958 1953 ergo,
977 1917 1035 1945 etc.

305 1968 334 1996 3.
351 1966 429 1996 Item
445 1967 560 1997 animae
576 1967 674 1997 beatae
691 1967 724 1996 iu
740 1967 840 2006 patria
869 1970 1038 2007 expectant

264 2018 365 2058 ipsam
380 2019 491 2049 stolam
507 2020 690 2058 secundam,
709 2022 739 2050 et
762 2029 818 2059 per
842 2030 1037 2061 consequens

263 2080 355 2101 suam
371 2072 506 2110 gloriam
527 2073 712 2111 augendam
734 2075 764 2103 et
786 2074 1008 2112 perficiendam
1027 2085 1033 2105 :

263 2124 317 2154 sed
327 2127 410 2155 certa
422 2126 596 2165 expectatio
611 2125 725 2164 gloriae
741 2126 913 2165 procedens
925 2128 965 2158 ab
985 2127 1034 2158 in-

264 2177 382 2208 stinctu
397 2179 521 2216 gratiae,
538 2181 583 2208 est
610 2179 707 2218 ipsius
730 2179 797 2218 spei
813 2179 939 2210 virtutis
959 2192 965 2211 :
982 2190 1035 2211 er-

264 2239 306 2269 go
321 2240 392 2271 5905
406 2232 509 2263 virtus
519 2234 566 2262 est
580 2232 613 2262 111
625 2232 793 2262 animabus
816 2233 925 2264 beat1s.

303 2287 333 2314 [1.
349 2284 426 2315 Item
442 2286 521 2316 sicut
532 2294 564 2316 50
579 2285 674 2316 habet
684 2285 859 2325 desperatio
881 2286 919 2317 ad
942 2287 1032 2317 dam-

263 2340 365 2376 natos,
381 2339 423 2369 sic
437 2348 469 2369 se
488 2339 583 2370 habet
597 2348 668 2378 spes
683 2339 722 2370 ad
750 2339 857 2370 beatos
872 2349 927 2379 per
943 2349 1034 2371 com—

262 2394 418 2423 mutatam
441 2392 700 2432 proportionem:
723 2393 798 2432 quia
827 2393 906 2424 sicut
935 2395 1034 2424 status

262 2444 484 2476 damnatorum
499 2448 660 2485 repugnat
682 2446 776 2476 statui
789 2445 972 2485 1100101010,
990 2447 1033 2478 510

263 2508 333 2537 5905
347 2501 507 2538 repugnat
536 2499 746 2538 desperationi
762 2508 769 2529 ι
786 2508 866 2538 ergo
881 2500 961 2530 sicut
977 2509 1033 2531 110-

263 2560 347 2581 00550
362 2554 408 2582 051
423 2561 538 2591 ponere
554 2552 803 2592 desperationem
814 2552 848 2582 in
862 2553 1030 2592 damnatis,

295 2628 329 2658 (a)
349 2628 400 2652 Coe!
430 2629 490 2653 edit.
512 2630 551 2653 liic
577 2631 687 2654 inserunt
706 2630 796 2661 primu,
817 2630 887 2654 nullo
909 2638 1030 2656 sensu.—

264 2663 298 2694 (b)
311 2664 378 2688 fidit.
396 2664 448 2688 I'en.
465 2666 532 2695 quod
547 2666 609 2696 ipsu.

837 193 1146 226 SENTENTIARUM
1170 194 1242 225 LIB.
1267 194 1320 226 111.

1106 261 1148 291 ita
1162 271 1286 292 11000550
1303 262 1430 293 videtur
1444 262 1529 301 quod
1554 262 1593 292 sit
1611 270 1729 302 ponere
1743 270 1832 302 spem
1846 262 1881 293 in

1105 314 1213 344 beatis.

1145 370 1174 397 ὅ.
1193 367 1270 398 Item
1291 370 1380 398 actus
1400 368 1499 408 ipsius
1519 369 1585 408 spei
1605 371 1651 400 est
1669 368 1826 400 confidere
1846 369 1879 400 in

1106 421 1237 452 1101111110
1263 431 1270 452 :
1297 422 1349 452 5011
1371 422 1455 452 beati
1481 422 1621 453 maxime
1642 422 1759 453 liabent
1783 422 1881 453 istum

1103 475 1209 504 actum
1221 498 1228 512 ,
1253 475 1329 514 quia
1353 476 1492 506 maxime
1506 475 1669 506 confidunt
1685 476 1718 506 in
1734 475 1880 512 Domino,

1103 529 1133 558 et
1147 527 1182 558 ci·
1197 528 1379 560 innituntur
1398 540 1404 560 :
1427 538 1504 568 ergo
1529 529 1658 560 videtur
1681 529 1768 568 quod
1787 528 1820 560 in
1835 528 1882 560 eis

1103 581 1265 619 potissime
1281 582 1320 613 sit
1334 583 1466 623 reperiri
1482 582 1583 622 ipsius
1598 583 1664 623 spei
1686 582 1833 614 habitum
1851 584 1882 612 et

1103 643 1209 665 usum.

1141 690 1171 717 ti.
1188 687 1266 717 Item
1282 687 1320 718 ad
1341 696 1429 727 spem
1445 688 1581 727 pertinet
1597 687 1753 719 certitudo
1776 689 1808 718 et
1823 696 1882 719 ex-

1101 740 1255 779 pectatio:
1272 740 1326 770 sed
1340 742 1463 771 constat
1482 740 1566 780 quod
1587 740 1744 772 certitudo
1758 740 1794 771 in
1809 740 1881 780 glo-

1101 792 1148 822 ria
1162 802 1226 823 nou
1241 792 1387 831 tolletur,
1413 793 1478 824 imo
1502 793 1684 833 perficietur
1701 802 1803 833 :ergo
1826 793 1880 825 vi-

1100 845 1192 876 detur
1216 846 1300 886 quod
1327 846 1455 877 habitus
1472 847 1537 887 spei
1560 847 1735 878 secundum
1760 846 1879 887 aliquid

1099 899 1149 929 sui
1166 899 1279 930 habeat
1294 900 1326 930 in
1342 900 1444 938 gloria
1465 899 1599 938 salvari,
1616 900 1762 932 videlicet
1776 909 1879 940 quan·

1100 954 1167 982 tum
1183 952 1222 983 ad
1235 953 1470 984 certitudinem.
1488 953 1641 984 Similiter
1652 953 1780 984 videtur
1794 953 1879 994 quod

1099 1011 1256 1045 quantum
1275 1006 1314 1037 ad
1330 1006 1595 1046 expectationem,
1612 1006 1700 1046 quia,
1714 1006 1797 1037 sicut
1810 1005 1879 1037 vult

1099 1059 1268 1090 Anselmus
1282 1060 1302 1096 ⁸,
1321 1068 1438 1099 ponere
1453 1062 1498 1090 est
1512 1059 1712 1090 durationem
1733 1059 1766 1090 in
1784 1059 1879 1099 parti-

1098 1112 1255 1152 cipatione
1270 1113 1474 1143 beatitudinis
1491 1123 1498 1143 ε
1517 1122 1594 1152 ergo
1617 1113 1673 1153 qui
1693 1112 1787 1144 modo
1802 1121 1875 1153 par-

1098 1165 1147 1195 tici
1154 1168 1228 1205 pant
1242 1166 1470 1197 beatitudinem
1485 1166 1518 1196 in
1534 1166 1571 1204 A,
1588 1166 1734 1197 nondum
1750 1166 1876 1206 partici-

1098 1221 1174 1258 pant
1197 1228 1267 1249 eam
1290 1219 1321 1249 in
1346 1219 1381 1257 B,
1402 1222 1433 1250 01
1453 1219 1714 1250 certitudinaliter
1730 1228 1801 1250 eam
1815 1227 1874 1250 ex-

1098 1275 1233 1311 pectant.
1253 1272 1285 1303 Si
1304 1282 1382 1312 ergo
1404 1282 1475 1312 spes
1493 1275 1652 1313 quantum
1667 1272 1706 1303 ad
1725 1274 1875 1313 expecta-

1097 1325 1216 1356 tionem
1230 1328 1356 1364 manet,
1378 1328 1407 1357 et
1424 1329 1582 1366 quantum
1598 1326 1638 1357 ad
1652 1326 1874 1357 certitudinem

1097 1381 1339 1410 consummatur
1351 1403 1359 1417 ,
1377 1380 1503 1410 videtur
1522 1379 1608 1419 quod
1626 1379 1716 1411 nullo
1731 1379 1826 1410 modo
1841 1379 1874 1410 in

1097 1431 1199 1470 gloria
1216 1435 1398 1463 evacuetur.

1369 1536 1594 1568 CONCLUSIO.

1113 1617 1192 1652 Spes,
1216 1625 1296 1651 quam
1314 1618 1442 1644 virtutem
1464 1617 1639 1651 theoloqz‘cam
1659 1617 1829 1644 nominamus
1842 1637 1850 1649 ,

1243 1669 1294 1696 pei·
1309 1662 1423 1695 (storiam
1439 1662 1546 1688 omnino
1562 1663 1718 1688 evacuatur.

1135 1740 1226 1780 Resp.
1243 1741 1281 1771 ad
1297 1750 1368 1779 arg.
1387 1740 1433 1771 Ad
1449 1740 1676 1780 praedictorum
1688 1739 1870 1780 intelligen-

1094 1791 1170 1821 tiam
1194 1794 1241 1822 est
1262 1792 1455 1830 notandum,
1481 1792 1566 1831 quod
1585 1792 1668 1822 sicut
1690 1793 1736 1822 est
1753 1791 1872 1831 duplex

1094 1845 1207 1876 modus
1237 1846 1360 1876 dicendi
1391 1846 1472 1876 circa
1509 1845 1750 1876 evacuationem
1776 1844 1869 1883 fidei,

1093 1899 1239 1929 similiter
1257 1901 1289 1929 et
1312 1899 1394 1929 circa
1418 1899 1658 1929 evacuationem
1682 1898 1759 1938 spei.
1789 1897 1868 1928 Nam
1884 1918 1991 1946 Opiniot.

1094 1954 1124 1982 et
1150 1952 1182 1981 111
1209 1952 1277 1991 ipso
1303 1952 1415 1982 habitu
1439 1951 1505 1991 spei
1521 1953 1567 1982 est
1593 1950 1726 1991 reperiri
1750 1950 1868 1990 aliquid

1092 2004 1340 2044 imperfectionis
1367 2029 1376 2043 ,
1419 2008 1448 2035 et
1484 2004 1603 2044 aliquid
1645 2004 1844 2044 perfectionis
1860 2028 1868 2041 ‚

1091 2060 1121 2088 et
1147 2058 1379 2097 complementi.
1403 2058 1452 2089 Ad
1482 2058 1753 2097 imperfectionem
1781 2057 1868 2088 enim

1091 2111 1156 2150 spei
1181 2113 1299 2150 spectat
1318 2111 1395 2141 illud
1410 2111 1494 2150 quod
1516 2113 1562 2141 est
1584 2110 1760 2150 expectatio
1779 2118 1869 2150 quae-

1090 2163 1183 2202 dam,
1202 2166 1232 2194 et
1247 2164 1408 2204 protensio
1433 2163 1472 2194 ad
1494 2172 1532 2195 ea
1553 2172 1626 2203 quae
1648 2162 1776 2194 realiter
1803 2171 1868 2194 non

1089 2217 1267 2254 habentur,
1294 2217 1334 2248 ad
1362 2216 1631 2257 complementum
1660 2217 1769 2247 autem
1797 2216 1868 2256 ejus

1089 2271 1208 2309 spectat
1233 2269 1424 2301 confidentia
1447 2271 1478 2300 et
1499 2269 1674 2308 certitudo,
1699 2277 1772 2310 quae
1793 2269 1867 2300 facit

1089 2323 1247 2354 confidere
1270 2325 1300 2353 et
1325 2323 1418 2354 inniti
1432 2323 1493 2363 ipsi
1507 2331 1643 2354 summae
1659 2322 1812 2362 largitati.
1828 2321 1867 2354 Et

1089 2379 1246 2416 quantum
1270 2376 1309 2407 ad
1331 2376 1473 2415 primum
1495 2375 1615 2407 tollitur
1639 2376 1707 2416 ipsa
1729 2384 1820 2415 spes,
1835 2377 1867 2406 et

1089 2431 1272 2460 evacuatur.
1289 2428 1451 2466 Quantum
1465 2438 1543 2460 vero
1557 2429 1597 2460 ad
1610 2428 1785 2460 secundum
1796 2436 1866 2467 per·

1088 2483 1210 2521 ficitur,
1227 2484 1259 2513 et
1281 2482 1435 2513 salvatur.
1457 2482 1518 2513 Sed
1539 2483 1703 2523 quoniam,
1725 2481 1806 2512 sicut
1829 2481 1862 2512 in
1878 2502 1977 2530 Imm„-

1087 2535 1338 2575 praecedentibus
1362 2535 1482 2567 dictum
1495 2538 1560 2574 est,
1577 2544 1648 2576 spes
1662 2543 1728 2566 non
1743 2534 1865 2566 dicere-

1123 2635 1129 2648 ·
1147 2634 1229 2661 ICor..
1242 2639 1300 2661 x111.
1321 2634 1356 2657 53.
1374 2635 1423 2651 ..³
1439 2634 1510 2664 Suu,
1522 2639 1564 2663 111,
1581 2634 1604 2657 4.
1615 2633 1664 2650 —3
1677 2632 1745 2656 Psal.
1759 2637 1824 2661 xxx,
1837 2633 1862 2656 2.

1087 2681 1116 2686 —
1126 2669 1134 2684 ⁵
1148 2670 1153 2691 1
1171 2670 1248 2698 Peon,
1264 2675 1282 2697 1,
1296 2670 1364 2693 12.—
1375 2670 1385 2685 Β
1396 2669 1520 2698 Αι1501111.,
1534 2668 1564 2692 (Ie
1574 2668 1691 2698 similit„
1706 2674 1728 2691 c.
1746 2673 1818 2692 Lvui.
