<?xml version="1.0" encoding="UTF-8"?>
<!DOCTYPE html PUBLIC "-//W3C//DTD XHTML 1.0 Transitional//EN"
    "http://www.w3.org/TR/xhtml1/DTD/xhtml1-transitional.dtd">
<html xmlns="http://www.w3.org/1999/xhtml" xml:lang="en" lang="en">
 <head>
  <title>
</title>
<meta http-equiv="Content-Type" content="text/html;charset=utf-8" />
  <meta name='ocr-system' content='tesseract 3.04.00' />
  <meta name='ocr-capabilities' content='ocr_page ocr_carea ocr_par ocr_line ocrx_word'/>
</head>
<body>
  <div class='ocr_page' id='page_1' title='image "./operaomniasixtiv05bonauoft/operaomniasixtiv05bonauoft_0504.png"; bbox 0 0 2017 2948; ppageno 0'>
   <div class='ocr_carea' id='block_1_1' title="bbox 118 247 216 274">
    <p class='ocr_par' dir='ltr' id='par_1_1' title="bbox 118 247 216 274">
     <span class='ocr_line' id='line_1_1' title="bbox 118 247 216 274; baseline 0 -6"><span class='ocrx_word' id='word_1_1' title='bbox 118 247 216 274; x_wconf 75' lang='lat' dir='ltr'>lmprnb.</span> 
     </span>
    </p>
   </div>
   <div class='ocr_carea' id='block_1_2' title="bbox 119 999 216 1026">
    <p class='ocr_par' dir='ltr' id='par_1_2' title="bbox 119 999 216 1026">
     <span class='ocr_line' id='line_1_2' title="bbox 119 999 216 1026; baseline -0.031 -6"><span class='ocrx_word' id='word_1_2' title='bbox 119 999 216 1026; x_wconf 45' lang='lat' dir='ltr'>Impmki.</span> 
     </span>
    </p>
   </div>
   <div class='ocr_carea' id='block_1_3' title="bbox 134 1368 229 1396">
    <p class='ocr_par' dir='ltr' id='par_1_3' title="bbox 134 1368 229 1396">
     <span class='ocr_line' id='line_1_3' title="bbox 134 1368 229 1396; baseline 0 -7"><span class='ocrx_word' id='word_1_3' title='bbox 134 1368 198 1396; x_wconf 78' lang='lat' dir='ltr'>Opin.</span> <span class='ocrx_word' id='word_1_4' title='bbox 211 1372 229 1390; x_wconf 77' lang='lat'>3.</span> 
     </span>
    </p>
   </div>
   <div class='ocr_carea' id='block_1_4' title="bbox 130 2006 226 2033">
    <p class='ocr_par' dir='ltr' id='par_1_4' title="bbox 130 2006 226 2033">
     <span class='ocr_line' id='line_1_4' title="bbox 130 2006 226 2033; baseline -0.01 -6"><span class='ocrx_word' id='word_1_5' title='bbox 130 2006 226 2033; x_wconf 79' lang='lat' dir='ltr'>Improb.</span> 
     </span>
    </p>
   </div>
   <div class='ocr_carea' id='block_1_5' title="bbox 240 176 298 205">
    <p class='ocr_par' dir='ltr' id='par_1_5' title="bbox 240 176 298 205">
     <span class='ocr_line' id='line_1_5' title="bbox 240 176 298 205; baseline 0 0"><span class='ocrx_word' id='word_1_6' title='bbox 240 176 298 205; x_wconf 66' lang='lat'>486</span> 
     </span>
    </p>
   </div>
   <div class='ocr_carea' id='block_1_6' title="bbox 238 241 1010 549">
    <p class='ocr_par' dir='ltr' id='par_1_6' title="bbox 238 241 1010 549">
     <span class='ocr_line' id='line_1_6' title="bbox 239 241 1010 282; baseline -0.004 -9"><span class='ocrx_word' id='word_1_7' title='bbox 239 244 326 273; x_wconf 84' lang='lat' dir='ltr'>cunt.</span> <span class='ocrx_word' id='word_1_8' title='bbox 345 242 405 274; x_wconf 89' lang='lat' dir='ltr'>Sed</span> <span class='ocrx_word' id='word_1_9' title='bbox 420 242 481 273; x_wconf 82' lang='lat' dir='ltr'>hoe</span> <span class='ocrx_word' id='word_1_10' title='bbox 495 244 542 273; x_wconf 88' lang='lat' dir='ltr'>est</span> <span class='ocrx_word' id='word_1_11' title='bbox 555 242 651 282; x_wconf 80' lang='lat' dir='ltr'>fuga:</span> <span class='ocrx_word' id='word_1_12' title='bbox 668 242 782 282; x_wconf 86' lang='lat' dir='ltr'>primo,</span> <span class='ocrx_word' id='word_1_13' title='bbox 794 242 869 281; x_wconf 90' lang='lat' dir='ltr'>quia</span> <span class='ocrx_word' id='word_1_14' title='bbox 882 241 909 271; x_wconf 92' lang='lat' dir='ltr'>si</span> <span class='ocrx_word' id='word_1_15' title='bbox 920 241 1010 281; x_wconf 86' lang='lat' dir='ltr'>panis</span> 
     </span>
     <span class='ocr_line' id='line_1_7' title="bbox 239 294 1010 333; baseline -0.003 -7"><span class='ocrx_word' id='word_1_16' title='bbox 239 295 371 326; x_wconf 82' lang='lat' dir='ltr'>haberet</span> <span class='ocrx_word' id='word_1_17' title='bbox 387 304 454 326; x_wconf 88' lang='lat' dir='ltr'>esse</span> <span class='ocrx_word' id='word_1_18' title='bbox 472 296 505 326; x_wconf 85' lang='lat' dir='ltr'>in</span> <span class='ocrx_word' id='word_1_19' title='bbox 524 295 669 333; x_wconf 82' lang='lat' dir='ltr'>instanti,</span> <span class='ocrx_word' id='word_1_20' title='bbox 691 295 797 325; x_wconf 88' lang='lat' dir='ltr'>manet</span> <span class='ocrx_word' id='word_1_21' title='bbox 809 294 960 333; x_wconf 85' lang='lat' dir='ltr'>objectio,</span> <span class='ocrx_word' id='word_1_22' title='bbox 980 296 1010 324; x_wconf 87' lang='lat' dir='ltr'>et</span> 
     </span>
     <span class='ocr_line' id='line_1_8' title="bbox 239 347 1009 387; baseline -0.004 -8"><span class='ocrx_word' id='word_1_23' title='bbox 239 357 303 379; x_wconf 90' lang='lat' dir='ltr'>non</span> <span class='ocrx_word' id='word_1_24' title='bbox 318 350 364 379; x_wconf 87' lang='lat' dir='ltr'>est</span> <span class='ocrx_word' id='word_1_25' title='bbox 378 348 420 379; x_wconf 90' lang='lat' dir='ltr'>ibi</span> <span class='ocrx_word' id='word_1_26' title='bbox 433 348 563 386; x_wconf 78' lang='lat' dir='ltr'>soluti03</span> <span class='ocrx_word' id='word_1_27' title='bbox 580 347 728 385; x_wconf 79' lang='lat' dir='ltr'>secundO,</span> <span class='ocrx_word' id='word_1_28' title='bbox 747 347 822 387; x_wconf 82' lang='lat' dir='ltr'>quia</span> <span class='ocrx_word' id='word_1_29' title='bbox 837 347 920 386; x_wconf 87' lang='lat' dir='ltr'>quod</span> <span class='ocrx_word' id='word_1_30' title='bbox 937 356 1009 377; x_wconf 89' lang='lat' dir='ltr'>cor-</span> 
     </span>
     <span class='ocr_line' id='line_1_9' title="bbox 239 399 1008 441; baseline -0.004 -9"><span class='ocrx_word' id='word_1_31' title='bbox 239 410 298 441; x_wconf 87' lang='lat' dir='ltr'>pus</span> <span class='ocrx_word' id='word_1_32' title='bbox 314 401 426 433; x_wconf 75' lang='lat' dir='ltr'>Christi</span> <span class='ocrx_word' id='word_1_33' title='bbox 445 402 484 432; x_wconf 91' lang='lat' dir='ltr'>sit</span> <span class='ocrx_word' id='word_1_34' title='bbox 501 402 533 432; x_wconf 90' lang='lat' dir='ltr'>in</span> <span class='ocrx_word' id='word_1_35' title='bbox 553 400 659 438; x_wconf 74' lang='lat' dir='ltr'>altari,</span> <span class='ocrx_word' id='word_1_36' title='bbox 681 399 731 430; x_wconf 78' lang='lat' dir='ltr'>vel</span> <span class='ocrx_word' id='word_1_37' title='bbox 749 400 809 430; x_wconf 89' lang='lat' dir='ltr'>suh</span> <span class='ocrx_word' id='word_1_38' title='bbox 829 399 1008 439; x_wconf 79' lang='lat' dir='ltr'>speciebus,</span> 
     </span>
     <span class='ocr_line' id='line_1_10' title="bbox 238 452 1007 495; baseline -0.004 -9"><span class='ocrx_word' id='word_1_39' title='bbox 238 455 298 486; x_wconf 89' lang='lat' dir='ltr'>hoc</span> <span class='ocrx_word' id='word_1_40' title='bbox 312 457 359 486; x_wconf 79' lang='lat' dir='ltr'>est</span> <span class='ocrx_word' id='word_1_41' title='bbox 373 454 561 495; x_wconf 86' lang='lat' dir='ltr'>temporalc;</span> <span class='ocrx_word' id='word_1_42' title='bbox 576 453 667 484; x_wconf 88' lang='lat' dir='ltr'>tertio</span> <span class='ocrx_word' id='word_1_43' title='bbox 684 462 776 491; x_wconf 75' lang='lat' dir='ltr'>vero,</span> <span class='ocrx_word' id='word_1_44' title='bbox 792 452 868 493; x_wconf 74' lang='lat' dir='ltr'>quia</span> <span class='ocrx_word' id='word_1_45' title='bbox 882 455 1007 483; x_wconf 88' lang='lat' dir='ltr'>utrum—</span> 
     </span>
     <span class='ocr_line' id='line_1_11' title="bbox 239 506 1010 549; baseline -0.005 -9"><span class='ocrx_word' id='word_1_46' title='bbox 239 518 300 549; x_wconf 87' lang='lat' dir='ltr'>que</span> <span class='ocrx_word' id='word_1_47' title='bbox 314 508 409 539; x_wconf 87' lang='lat' dir='ltr'>habet</span> <span class='ocrx_word' id='word_1_48' title='bbox 423 518 490 539; x_wconf 85' lang='lat' dir='ltr'>esse</span> <span class='ocrx_word' id='word_1_49' title='bbox 506 515 705 547; x_wconf 80' lang='lat' dir='ltr'>permanens,</span> <span class='ocrx_word' id='word_1_50' title='bbox 723 508 754 537; x_wconf 86' lang='lat' dir='ltr'>et</span> <span class='ocrx_word' id='word_1_51' title='bbox 768 506 837 537; x_wconf 84' lang='lat' dir='ltr'>ideo</span> <span class='ocrx_word' id='word_1_52' title='bbox 852 515 919 536; x_wconf 87' lang='lat' dir='ltr'>esse</span> <span class='ocrx_word' id='word_1_53' title='bbox 932 506 1010 536; x_wconf 90' lang='lat' dir='ltr'>utri-</span> 
     </span>
    </p>
   </div>
   <div class='ocr_carea' id='block_1_7' title="bbox 155 559 1010 602">
    <p class='ocr_par' dir='ltr' id='par_1_7' title="bbox 155 559 1010 602">
     <span class='ocr_line' id='line_1_12' title="bbox 155 559 1010 602; baseline -0.004 -9"><span class='ocrx_word' id='word_1_54' title='bbox 155 566 175 585; x_wconf 73' lang='lat'>³¹=</span> <span class='ocrx_word' id='word_1_55' title='bbox 204 568 222 586; x_wconf 59' lang='grc' dir='ltr'>Ξ·</span> <span class='ocrx_word' id='word_1_56' title='bbox 240 571 340 602; x_wconf 87' lang='lat' dir='ltr'>usque</span> <span class='ocrx_word' id='word_1_57' title='bbox 367 563 413 592; x_wconf 87' lang='lat' dir='ltr'>est</span> <span class='ocrx_word' id='word_1_58' title='bbox 436 561 468 591; x_wconf 89' lang='lat' dir='ltr'>in</span> <span class='ocrx_word' id='word_1_59' title='bbox 487 560 625 591; x_wconf 89' lang='lat' dir='ltr'>instanti.</span> <span class='ocrx_word' id='word_1_60' title='bbox 651 559 782 600; x_wconf 81' lang='lat' dir='ltr'>Propter</span> <span class='ocrx_word' id='word_1_61' title='bbox 800 559 860 590; x_wconf 89' lang='lat' dir='ltr'>hoc</span> <span class='ocrx_word' id='word_1_62' title='bbox 881 561 926 589; x_wconf 90' lang='lat' dir='ltr'>est</span> <span class='ocrx_word' id='word_1_63' title='bbox 949 559 1010 590; x_wconf 84' lang='lat' dir='ltr'>alia</span> 
     </span>
    </p>
   </div>
   <div class='ocr_carea' id='block_1_8' title="bbox 237 612 1022 2569">
    <p class='ocr_par' dir='ltr' id='par_1_8' title="bbox 237 612 1022 2569">
     <span class='ocr_line' id='line_1_13' title="bbox 238 612 1010 654; baseline -0.005 -9"><span class='ocrx_word' id='word_1_64' title='bbox 238 614 368 654; x_wconf 87' lang='lat' dir='ltr'>positio,</span> <span class='ocrx_word' id='word_1_65' title='bbox 392 613 475 653; x_wconf 90' lang='lat' dir='ltr'>quod</span> <span class='ocrx_word' id='word_1_66' title='bbox 498 613 531 644; x_wconf 92' lang='grc'>10</span> <span class='ocrx_word' id='word_1_67' title='bbox 554 612 664 644; x_wconf 85' lang='lat' dir='ltr'>eodem</span> <span class='ocrx_word' id='word_1_68' title='bbox 682 613 810 643; x_wconf 82' lang='lat' dir='ltr'>instanti</span> <span class='ocrx_word' id='word_1_69' title='bbox 831 614 878 642; x_wconf 90' lang='lat' dir='ltr'>est</span> <span class='ocrx_word' id='word_1_70' title='bbox 898 612 1010 642; x_wconf 86' lang='lat' dir='ltr'>ultimo</span> 
     </span>
     <span class='ocr_line' id='line_1_14' title="bbox 237 664 1009 706; baseline -0.003 -9"><span class='ocrx_word' id='word_1_71' title='bbox 237 676 304 697; x_wconf 81' lang='lat' dir='ltr'>esse</span> <span class='ocrx_word' id='word_1_72' title='bbox 323 675 453 706; x_wconf 87' lang='lat' dir='ltr'>panem,</span> <span class='ocrx_word' id='word_1_73' title='bbox 474 670 504 697; x_wconf 86' lang='lat' dir='ltr'>et</span> <span class='ocrx_word' id='word_1_74' title='bbox 524 666 628 705; x_wconf 79' lang='lat' dir='ltr'>prImo</span> <span class='ocrx_word' id='word_1_75' title='bbox 646 674 714 696; x_wconf 82' lang='lat' dir='ltr'>esse</span> <span class='ocrx_word' id='word_1_76' title='bbox 735 674 864 705; x_wconf 84' lang='lat' dir='ltr'>corpus;</span> <span class='ocrx_word' id='word_1_77' title='bbox 886 664 1009 702; x_wconf 86' lang='lat' dir='ltr'>eodem,</span> 
     </span>
     <span class='ocr_line' id='line_1_15' title="bbox 237 718 1011 760; baseline -0.004 -9"><span class='ocrx_word' id='word_1_78' title='bbox 237 721 386 760; x_wconf 85' lang='lat' dir='ltr'>inquam,</span> <span class='ocrx_word' id='word_1_79' title='bbox 410 719 584 751; x_wconf 87' lang='lat' dir='ltr'>secundum</span> <span class='ocrx_word' id='word_1_80' title='bbox 603 719 829 756; x_wconf 85' lang='lat' dir='ltr'>substantiam,</span> <span class='ocrx_word' id='word_1_81' title='bbox 847 718 1011 749; x_wconf 82' lang='lat' dir='ltr'>differente</span> 
     </span>
     <span class='ocr_line' id='line_1_16' title="bbox 237 772 1012 811; baseline -0.003 -7"><span class='ocrx_word' id='word_1_82' title='bbox 237 774 412 805; x_wconf 86' lang='lat' dir='ltr'>secundum</span> <span class='ocrx_word' id='word_1_83' title='bbox 436 773 602 805; x_wconf 86' lang='lat' dir='ltr'>rationem.</span> <span class='ocrx_word' id='word_1_84' title='bbox 627 773 708 810; x_wconf 83' lang='lat' dir='ltr'>Quia</span> <span class='ocrx_word' id='word_1_85' title='bbox 731 772 908 803; x_wconf 84' lang='lat' dir='ltr'>secundum</span> <span class='ocrx_word' id='word_1_86' title='bbox 926 772 1012 811; x_wconf 90' lang='lat' dir='ltr'>quod</span> 
     </span>
     <span class='ocr_line' id='line_1_17' title="bbox 237 825 1010 866; baseline -0.004 -9"><span class='ocrx_word' id='word_1_87' title='bbox 237 828 283 857; x_wconf 90' lang='lat' dir='ltr'>est</span> <span class='ocrx_word' id='word_1_88' title='bbox 297 835 447 857; x_wconf 87' lang='lat' dir='ltr'>mensura</span> <span class='ocrx_word' id='word_1_89' title='bbox 464 826 568 856; x_wconf 89' lang='lat' dir='ltr'>ultimi</span> <span class='ocrx_word' id='word_1_90' title='bbox 582 835 648 857; x_wconf 90' lang='lat' dir='ltr'>esse</span> <span class='ocrx_word' id='word_1_91' title='bbox 663 826 768 866; x_wconf 79' lang='lat' dir='ltr'>panis,</span> <span class='ocrx_word' id='word_1_92' title='bbox 786 827 831 856; x_wconf 88' lang='lat' dir='ltr'>est</span> <span class='ocrx_word' id='word_1_93' title='bbox 852 825 1010 855; x_wconf 87' lang='lat' dir='ltr'>terminus</span> 
     </span>
     <span class='ocr_line' id='line_1_18' title="bbox 238 877 1012 920; baseline -0.003 -11"><span class='ocrx_word' id='word_1_94' title='bbox 238 878 403 920; x_wconf 83' lang='lat' dir='ltr'>praeteriti3</span> <span class='ocrx_word' id='word_1_95' title='bbox 422 878 597 909; x_wconf 80' lang='lat' dir='ltr'>secundum</span> <span class='ocrx_word' id='word_1_96' title='bbox 612 878 697 918; x_wconf 84' lang='lat' dir='ltr'>quod</span> <span class='ocrx_word' id='word_1_97' title='bbox 714 879 760 909; x_wconf 87' lang='lat' dir='ltr'>est</span> <span class='ocrx_word' id='word_1_98' title='bbox 776 886 928 908; x_wconf 86' lang='lat' dir='ltr'>mensura</span> <span class='ocrx_word' id='word_1_99' title='bbox 945 877 1012 917; x_wconf 89' lang='lat' dir='ltr'>pri-</span> 
     </span>
     <span class='ocr_line' id='line_1_19' title="bbox 241 930 1011 972; baseline -0.003 -10"><span class='ocrx_word' id='word_1_100' title='bbox 241 932 284 963; x_wconf 88' lang='lat' dir='ltr'>mi</span> <span class='ocrx_word' id='word_1_101' title='bbox 305 941 372 962; x_wconf 90' lang='lat' dir='ltr'>esse</span> <span class='ocrx_word' id='word_1_102' title='bbox 387 931 527 972; x_wconf 86' lang='lat' dir='ltr'>corporis</span> <span class='ocrx_word' id='word_1_103' title='bbox 543 931 671 969; x_wconf 75' lang='lat' dir='ltr'>Christi,</span> <span class='ocrx_word' id='word_1_104' title='bbox 690 933 725 961; x_wconf 93' lang='lat' dir='ltr'>ut</span> <span class='ocrx_word' id='word_1_105' title='bbox 741 931 803 968; x_wconf 85' lang='lat' dir='ltr'>hic,</span> <span class='ocrx_word' id='word_1_106' title='bbox 828 933 874 961; x_wconf 82' lang='lat' dir='ltr'>cst</span> <span class='ocrx_word' id='word_1_107' title='bbox 893 930 1011 970; x_wconf 88' lang='lat' dir='ltr'>princi-</span> 
     </span>
     <span class='ocr_line' id='line_1_20' title="bbox 241 984 1013 1025; baseline -0.003 -10"><span class='ocrx_word' id='word_1_108' title='bbox 241 985 330 1025; x_wconf 90' lang='lat' dir='ltr'>pium</span> <span class='ocrx_word' id='word_1_109' title='bbox 359 985 469 1015; x_wconf 86' lang='lat' dir='ltr'>futuri.</span> <span class='ocrx_word' id='word_1_110' title='bbox 495 985 555 1015; x_wconf 86' lang='lat' dir='ltr'>Sed</span> <span class='ocrx_word' id='word_1_111' title='bbox 578 984 646 1015; x_wconf 88' lang='lat' dir='ltr'>haec</span> <span class='ocrx_word' id='word_1_112' title='bbox 674 984 787 1024; x_wconf 87' lang='lat' dir='ltr'>positio</span> <span class='ocrx_word' id='word_1_113' title='bbox 818 992 881 1014; x_wconf 92' lang='grc'>000</span> <span class='ocrx_word' id='word_1_114' title='bbox 912 985 1013 1023; x_wconf 83' lang='lat' dir='ltr'>potest</span> 
     </span>
     <span class='ocr_line' id='line_1_21' title="bbox 241 1037 1013 1078; baseline -0.003 -10"><span class='ocrx_word' id='word_1_115' title='bbox 241 1040 338 1075; x_wconf 86' lang='lat' dir='ltr'>stare,</span> <span class='ocrx_word' id='word_1_116' title='bbox 357 1038 433 1078; x_wconf 86' lang='lat' dir='ltr'>qnia</span> <span class='ocrx_word' id='word_1_117' title='bbox 447 1047 660 1078; x_wconf 62' lang='lat' dir='ltr'>quaecumque</span> <span class='ocrx_word' id='word_1_118' title='bbox 677 1037 715 1067; x_wconf 89' lang='lat' dir='ltr'>sit</span> <span class='ocrx_word' id='word_1_119' title='bbox 729 1037 896 1067; x_wconf 84' lang='lat' dir='ltr'>diversitas</span> <span class='ocrx_word' id='word_1_120' title='bbox 908 1037 942 1067; x_wconf 89' lang='lat' dir='ltr'>in</span> <span class='ocrx_word' id='word_1_121' title='bbox 962 1046 1013 1067; x_wconf 85' lang='lat' dir='ltr'>ra-</span> 
     </span>
     <span class='ocr_line' id='line_1_22' title="bbox 240 1091 1011 1130; baseline 0 -10"><span class='ocrx_word' id='word_1_122' title='bbox 240 1091 325 1121; x_wconf 89' lang='lat' dir='ltr'>tione</span> <span class='ocrx_word' id='word_1_123' title='bbox 340 1091 374 1120; x_wconf 93' lang='lat' dir='ltr'>in</span> <span class='ocrx_word' id='word_1_124' title='bbox 388 1100 453 1121; x_wconf 93' lang='lat' dir='ltr'>uno</span> <span class='ocrx_word' id='word_1_125' title='bbox 468 1091 612 1128; x_wconf 77' lang='lat' dir='ltr'>instanti,</span> <span class='ocrx_word' id='word_1_126' title='bbox 629 1100 796 1130; x_wconf 79' lang='lat' dir='ltr'>nunquam</span> <span class='ocrx_word' id='word_1_127' title='bbox 814 1093 921 1120; x_wconf 79' lang='lat' dir='ltr'>tamen</span> <span class='ocrx_word' id='word_1_128' title='bbox 936 1100 1011 1121; x_wconf 90' lang='lat' dir='ltr'>con-</span> 
     </span>
     <span class='ocr_line' id='line_1_23' title="bbox 240 1143 1014 1183; baseline 0 -10"><span class='ocrx_word' id='word_1_129' title='bbox 240 1143 421 1174; x_wconf 82' lang='lat' dir='ltr'>tradictoria</span> <span class='ocrx_word' id='word_1_130' title='bbox 436 1145 510 1174; x_wconf 90' lang='lat' dir='ltr'>sunt</span> <span class='ocrx_word' id='word_1_131' title='bbox 527 1143 622 1173; x_wconf 89' lang='lat' dir='ltr'>simul</span> <span class='ocrx_word' id='word_1_132' title='bbox 641 1152 716 1173; x_wconf 89' lang='lat' dir='ltr'>vera</span> <span class='ocrx_word' id='word_1_133' title='bbox 732 1143 766 1173; x_wconf 89' lang='grc'>10</span> <span class='ocrx_word' id='word_1_134' title='bbox 781 1143 892 1173; x_wconf 85' lang='lat' dir='ltr'>eodem</span> <span class='ocrx_word' id='word_1_135' title='bbox 910 1154 916 1174; x_wconf 82' lang='lat' dir='ltr'>z</span> <span class='ocrx_word' id='word_1_136' title='bbox 934 1153 1014 1183; x_wconf 82' lang='lat' dir='ltr'>ergo</span> 
     </span>
     <span class='ocr_line' id='line_1_24' title="bbox 241 1195 1014 1236; baseline 0 -9"><span class='ocrx_word' id='word_1_137' title='bbox 241 1206 297 1227; x_wconf 81' lang='grc'>066</span> <span class='ocrx_word' id='word_1_138' title='bbox 310 1197 468 1236; x_wconf 85' lang='lat' dir='ltr'>disparata</span> <span class='ocrx_word' id='word_1_139' title='bbox 482 1196 520 1227; x_wconf 90' lang='lat' dir='ltr'>de</span> <span class='ocrx_word' id='word_1_140' title='bbox 533 1196 655 1227; x_wconf 87' lang='lat' dir='ltr'>eodem.</span> <span class='ocrx_word' id='word_1_141' title='bbox 668 1195 706 1227; x_wconf 90' lang='lat' dir='ltr'>Et</span> <span class='ocrx_word' id='word_1_142' title='bbox 716 1199 881 1236; x_wconf 75' lang='lat' dir='ltr'>praeterea,</span> <span class='ocrx_word' id='word_1_143' title='bbox 895 1197 920 1226; x_wconf 88' lang='lat' dir='ltr'>si</span> <span class='ocrx_word' id='word_1_144' title='bbox 934 1205 1014 1236; x_wconf 81' lang='lat' dir='ltr'>prae-</span> 
     </span>
     <span class='ocr_line' id='line_1_25' title="bbox 242 1251 1014 1290; baseline 0 -7"><span class='ocrx_word' id='word_1_145' title='bbox 242 1252 376 1283; x_wconf 81' lang='lat' dir='ltr'>teritum</span> <span class='ocrx_word' id='word_1_146' title='bbox 401 1252 434 1282; x_wconf 89' lang='lat' dir='ltr'>in</span> <span class='ocrx_word' id='word_1_147' title='bbox 460 1252 509 1282; x_wconf 85' lang='lat' dir='ltr'>sui</span> <span class='ocrx_word' id='word_1_148' title='bbox 533 1251 669 1282; x_wconf 88' lang='lat' dir='ltr'>termino</span> <span class='ocrx_word' id='word_1_149' title='bbox 694 1253 791 1290; x_wconf 74' lang='lat' dir='ltr'>esset,</span> <span class='ocrx_word' id='word_1_150' title='bbox 816 1254 847 1282; x_wconf 87' lang='lat' dir='ltr'>et</span> <span class='ocrx_word' id='word_1_151' title='bbox 870 1252 1014 1283; x_wconf 82' lang='lat' dir='ltr'>futurum</span> 
     </span>
     <span class='ocr_line' id='line_1_26' title="bbox 243 1304 1016 1344; baseline 0 -8"><span class='ocrx_word' id='word_1_152' title='bbox 243 1307 324 1336; x_wconf 87' lang='lat' dir='ltr'>esset</span> <span class='ocrx_word' id='word_1_153' title='bbox 338 1305 368 1335; x_wconf 92' lang='lat' dir='ltr'>in</span> <span class='ocrx_word' id='word_1_154' title='bbox 384 1304 434 1335; x_wconf 91' lang='lat' dir='ltr'>sui</span> <span class='ocrx_word' id='word_1_155' title='bbox 453 1305 555 1343; x_wconf 85' lang='lat' dir='ltr'>initio,</span> <span class='ocrx_word' id='word_1_156' title='bbox 573 1314 738 1344; x_wconf 83' lang='lat' dir='ltr'>nunquam</span> <span class='ocrx_word' id='word_1_157' title='bbox 753 1305 1016 1336; x_wconf 78' lang='lat' dir='ltr'>continuarentur</span> 
     </span>
     <span class='ocr_line' id='line_1_27' title="bbox 245 1360 1015 1401; baseline 0 -10"><span class='ocrx_word' id='word_1_158' title='bbox 245 1369 301 1401; x_wconf 90' lang='lat' dir='ltr'>per</span> <span class='ocrx_word' id='word_1_159' title='bbox 315 1369 417 1391; x_wconf 89' lang='lat' dir='ltr'>unum</span> <span class='ocrx_word' id='word_1_160' title='bbox 436 1360 571 1397; x_wconf 81' lang='lat' dir='ltr'>instans3</span> <span class='ocrx_word' id='word_1_161' title='bbox 589 1360 653 1390; x_wconf 90' lang='lat' dir='ltr'>imo</span> <span class='ocrx_word' id='word_1_162' title='bbox 668 1362 772 1390; x_wconf 87' lang='lat' dir='ltr'>essent</span> <span class='ocrx_word' id='word_1_163' title='bbox 792 1360 898 1391; x_wconf 87' lang='lat' dir='ltr'>simul.</span> <span class='ocrx_word' id='word_1_164' title='bbox 917 1360 1015 1400; x_wconf 89' lang='lat' dir='ltr'>Prop-</span> 
     </span>
     <span class='ocr_line' id='line_1_28' title="bbox 245 1413 1017 1452; baseline 0 -8"><span class='ocrx_word' id='word_1_165' title='bbox 245 1416 331 1444; x_wconf 88' lang='lat' dir='ltr'>terea</span> <span class='ocrx_word' id='word_1_166' title='bbox 349 1415 396 1444; x_wconf 89' lang='lat' dir='ltr'>est</span> <span class='ocrx_word' id='word_1_167' title='bbox 416 1413 508 1444; x_wconf 86' lang='lat' dir='ltr'>tertia</span> <span class='ocrx_word' id='word_1_168' title='bbox 523 1413 650 1452; x_wconf 80' lang='lat' dir='ltr'>positio,</span> <span class='ocrx_word' id='word_1_169' title='bbox 667 1413 752 1452; x_wconf 88' lang='lat' dir='ltr'>quod</span> <span class='ocrx_word' id='word_1_170' title='bbox 769 1415 815 1443; x_wconf 89' lang='lat' dir='ltr'>est</span> <span class='ocrx_word' id='word_1_171' title='bbox 834 1414 867 1443; x_wconf 90' lang='lat' dir='ltr'>in</span> <span class='ocrx_word' id='word_1_172' title='bbox 881 1423 946 1444; x_wconf 90' lang='lat' dir='ltr'>uno</span> <span class='ocrx_word' id='word_1_173' title='bbox 965 1414 1017 1444; x_wconf 89' lang='lat' dir='ltr'>in-</span> 
     </span>
     <span class='ocr_line' id='line_1_29' title="bbox 246 1466 1019 1506; baseline 0.001 -9"><span class='ocrx_word' id='word_1_174' title='bbox 246 1466 340 1497; x_wconf 85' lang='lat' dir='ltr'>stanti</span> <span class='ocrx_word' id='word_1_175' title='bbox 351 1466 525 1497; x_wconf 87' lang='lat' dir='ltr'>secundum</span> <span class='ocrx_word' id='word_1_176' title='bbox 538 1475 615 1503; x_wconf 87' lang='lat' dir='ltr'>rem,</span> <span class='ocrx_word' id='word_1_177' title='bbox 626 1466 679 1496; x_wconf 90' lang='lat' dir='ltr'>sed</span> <span class='ocrx_word' id='word_1_178' title='bbox 692 1468 797 1496; x_wconf 80' lang='lat' dir='ltr'>tamen</span> <span class='ocrx_word' id='word_1_179' title='bbox 809 1466 900 1506; x_wconf 83' lang='lat' dir='ltr'>plura</span> <span class='ocrx_word' id='word_1_180' title='bbox 910 1476 1019 1498; x_wconf 86' lang='lat' dir='ltr'>secun-</span> 
     </span>
     <span class='ocr_line' id='line_1_30' title="bbox 246 1518 1020 1558; baseline 0.001 -8"><span class='ocrx_word' id='word_1_181' title='bbox 246 1519 323 1550; x_wconf 88' lang='lat' dir='ltr'>dum</span> <span class='ocrx_word' id='word_1_182' title='bbox 337 1519 500 1550; x_wconf 88' lang='lat' dir='ltr'>virtutem.</span> <span class='ocrx_word' id='word_1_183' title='bbox 517 1518 605 1549; x_wconf 88' lang='lat' dir='ltr'>Sicut</span> <span class='ocrx_word' id='word_1_184' title='bbox 624 1519 710 1549; x_wconf 89' lang='lat' dir='ltr'>enim</span> <span class='ocrx_word' id='word_1_185' title='bbox 728 1528 813 1549; x_wconf 89' lang='lat' dir='ltr'>unus</span> <span class='ocrx_word' id='word_1_186' title='bbox 833 1521 969 1558; x_wconf 87' lang='lat' dir='ltr'>punctus</span> <span class='ocrx_word' id='word_1_187' title='bbox 984 1521 1020 1551; x_wconf 84' lang='lat' dir='ltr'>fit</span> 
     </span>
     <span class='ocr_line' id='line_1_31' title="bbox 248 1572 1020 1612; baseline 0.001 -9"><span class='ocrx_word' id='word_1_188' title='bbox 248 1573 310 1603; x_wconf 91' lang='lat' dir='ltr'>duo</span> <span class='ocrx_word' id='word_1_189' title='bbox 325 1572 434 1612; x_wconf 89' lang='lat' dir='ltr'>puncti</span> <span class='ocrx_word' id='word_1_190' title='bbox 448 1572 602 1603; x_wconf 86' lang='lat' dir='ltr'>divisione</span> <span class='ocrx_word' id='word_1_191' title='bbox 615 1572 722 1609; x_wconf 78' lang='lat' dir='ltr'>lineae,</span> <span class='ocrx_word' id='word_1_192' title='bbox 740 1574 770 1602; x_wconf 86' lang='lat' dir='ltr'>et</span> <span class='ocrx_word' id='word_1_193' title='bbox 784 1581 1020 1604; x_wconf 85' lang='lat' dir='ltr'>commensura-</span> 
     </span>
     <span class='ocr_line' id='line_1_32' title="bbox 248 1625 1020 1665; baseline 0 -9"><span class='ocrx_word' id='word_1_194' title='bbox 248 1626 347 1663; x_wconf 81' lang='lat' dir='ltr'>tione,</span> <span class='ocrx_word' id='word_1_195' title='bbox 370 1627 481 1665; x_wconf 82' lang='lat' dir='ltr'>utputa</span> <span class='ocrx_word' id='word_1_196' title='bbox 497 1625 523 1654; x_wconf 88' lang='lat' dir='ltr'>si</span> <span class='ocrx_word' id='word_1_197' title='bbox 538 1625 676 1655; x_wconf 86' lang='lat' dir='ltr'>duarum</span> <span class='ocrx_word' id='word_1_198' title='bbox 693 1625 851 1655; x_wconf 83' lang='lat' dir='ltr'>linearum</span> <span class='ocrx_word' id='word_1_199' title='bbox 872 1626 926 1656; x_wconf 86' lang='lat' dir='ltr'>siat</span> <span class='ocrx_word' id='word_1_200' title='bbox 944 1634 1020 1656; x_wconf 89' lang='lat' dir='ltr'>con-</span> 
     </span>
     <span class='ocr_line' id='line_1_33' title="bbox 248 1677 1018 1718; baseline 0 -9"><span class='ocrx_word' id='word_1_201' title='bbox 248 1678 383 1718; x_wconf 82' lang='lat' dir='ltr'>tignatio</span> <span class='ocrx_word' id='word_1_202' title='bbox 406 1687 501 1717; x_wconf 89' lang='lat' dir='ltr'>super</span> <span class='ocrx_word' id='word_1_203' title='bbox 526 1677 643 1708; x_wconf 82' lang='lat' dir='ltr'>lineam</span> <span class='ocrx_word' id='word_1_204' title='bbox 670 1678 853 1708; x_wconf 82' lang='lat' dir='ltr'>continuam</span> <span class='ocrx_word' id='word_1_205' title='bbox 878 1678 1018 1709; x_wconf 79' lang='lat' dir='ltr'>substra-</span> 
     </span>
     <span class='ocr_line' id='line_1_34' title="bbox 249 1731 1022 1771; baseline 0 -9"><span class='ocrx_word' id='word_1_206' title='bbox 249 1735 327 1770; x_wconf 84' lang='lat' dir='ltr'>tam⁷</span> <span class='ocrx_word' id='word_1_207' title='bbox 344 1731 396 1762; x_wconf 91' lang='lat' dir='ltr'>ille</span> <span class='ocrx_word' id='word_1_208' title='bbox 409 1740 494 1762; x_wconf 90' lang='lat' dir='ltr'>unus</span> <span class='ocrx_word' id='word_1_209' title='bbox 509 1733 657 1771; x_wconf 80' lang='lat' dir='ltr'>punctus,</span> <span class='ocrx_word' id='word_1_210' title='bbox 669 1731 708 1761; x_wconf 87' lang='lat' dir='ltr'>ad</span> <span class='ocrx_word' id='word_1_211' title='bbox 724 1741 817 1770; x_wconf 83' lang='lat' dir='ltr'>quem</span> <span class='ocrx_word' id='word_1_212' title='bbox 834 1732 1022 1770; x_wconf 79' lang='lat' dir='ltr'>contignan-</span> 
     </span>
     <span class='ocr_line' id='line_1_35' title="bbox 248 1784 1018 1825; baseline -0.003 -9"><span class='ocrx_word' id='word_1_213' title='bbox 248 1788 320 1822; x_wconf 84' lang='lat' dir='ltr'>tur,</span> <span class='ocrx_word' id='word_1_214' title='bbox 349 1785 520 1825; x_wconf 85' lang='lat' dir='ltr'>aequivalet</span> <span class='ocrx_word' id='word_1_215' title='bbox 548 1784 673 1815; x_wconf 89' lang='lat' dir='ltr'>duobus</span> <span class='ocrx_word' id='word_1_216' title='bbox 690 1793 698 1815; x_wconf 92' lang='lat'>:</span> <span class='ocrx_word' id='word_1_217' title='bbox 733 1784 777 1814; x_wconf 87' lang='lat' dir='ltr'>sic</span> <span class='ocrx_word' id='word_1_218' title='bbox 808 1784 841 1814; x_wconf 89' lang='lat' dir='ltr'>in</span> <span class='ocrx_word' id='word_1_219' title='bbox 873 1784 1018 1823; x_wconf 86' lang='lat' dir='ltr'>instanti,</span> 
     </span>
     <span class='ocr_line' id='line_1_36' title="bbox 249 1837 1021 1878; baseline -0.001 -9"><span class='ocrx_word' id='word_1_220' title='bbox 249 1838 397 1878; x_wconf 87' lang='lat' dir='ltr'>quamvis</span> <span class='ocrx_word' id='word_1_221' title='bbox 408 1847 471 1867; x_wconf 87' lang='lat' dir='ltr'>non</span> <span class='ocrx_word' id='word_1_222' title='bbox 484 1837 717 1877; x_wconf 68' lang='lat' dir='ltr'>multiplicetur,</span> <span class='ocrx_word' id='word_1_223' title='bbox 731 1837 804 1877; x_wconf 86' lang='lat' dir='ltr'>quia</span> <span class='ocrx_word' id='word_1_224' title='bbox 819 1839 945 1877; x_wconf 81' lang='lat' dir='ltr'>tempus</span> <span class='ocrx_word' id='word_1_225' title='bbox 956 1847 1021 1868; x_wconf 90' lang='grc'>000</span> 
     </span>
     <span class='ocr_line' id='line_1_37' title="bbox 249 1890 1022 1931; baseline -0.001 -9"><span class='ocrx_word' id='word_1_226' title='bbox 249 1891 416 1929; x_wconf 84' lang='lat' dir='ltr'>dividitur⁷</span> <span class='ocrx_word' id='word_1_227' title='bbox 434 1893 540 1921; x_wconf 86' lang='lat' dir='ltr'>tamen</span> <span class='ocrx_word' id='word_1_228' title='bbox 559 1890 684 1921; x_wconf 85' lang='lat' dir='ltr'>duobus</span> <span class='ocrx_word' id='word_1_229' title='bbox 703 1890 873 1930; x_wconf 82' lang='lat' dir='ltr'>aequivalet</span> <span class='ocrx_word' id='word_1_230' title='bbox 893 1894 1022 1931; x_wconf 87' lang='lat' dir='ltr'>propter</span> 
     </span>
     <span class='ocr_line' id='line_1_38' title="bbox 250 1943 1021 1975; baseline 0 0"><span class='ocrx_word' id='word_1_231' title='bbox 250 1944 521 1975; x_wconf 80' lang='lat' dir='ltr'>mensurationem</span> <span class='ocrx_word' id='word_1_232' title='bbox 543 1943 681 1974; x_wconf 88' lang='lat' dir='ltr'>duorum</span> <span class='ocrx_word' id='word_1_233' title='bbox 705 1943 892 1974; x_wconf 87' lang='lat' dir='ltr'>ultimorum</span> <span class='ocrx_word' id='word_1_234' title='bbox 922 1944 1021 1975; x_wconf 88' lang='lat' dir='ltr'>dura-</span> 
     </span>
     <span class='ocr_line' id='line_1_39' title="bbox 251 1996 1021 2037; baseline 0 -9"><span class='ocrx_word' id='word_1_235' title='bbox 251 1998 345 2029; x_wconf 88' lang='lat' dir='ltr'>tionis</span> <span class='ocrx_word' id='word_1_236' title='bbox 351 2021 362 2036; x_wconf 85' lang='lat'><em>,</em></span> <span class='ocrx_word' id='word_1_237' title='bbox 377 1997 493 2027; x_wconf 87' lang='lat' dir='ltr'>scilicet</span> <span class='ocrx_word' id='word_1_238' title='bbox 506 1996 612 2037; x_wconf 64' lang='grc'><strong>06015,</strong></span> <span class='ocrx_word' id='word_1_239' title='bbox 625 1998 656 2027; x_wconf 88' lang='lat' dir='ltr'>et</span> <span class='ocrx_word' id='word_1_240' title='bbox 671 1997 810 2036; x_wconf 87' lang='lat' dir='ltr'>corporis</span> <span class='ocrx_word' id='word_1_241' title='bbox 823 1996 947 2027; x_wconf 75' lang='lat' dir='ltr'>Christi.</span> <span class='ocrx_word' id='word_1_242' title='bbox 960 1997 1021 2028; x_wconf 90' lang='lat' dir='ltr'>Sed</span> 
     </span>
     <span class='ocr_line' id='line_1_40' title="bbox 250 2049 1022 2090; baseline -0.001 -9"><span class='ocrx_word' id='word_1_243' title='bbox 250 2050 330 2081; x_wconf 90' lang='lat' dir='ltr'>illud</span> <span class='ocrx_word' id='word_1_244' title='bbox 344 2060 408 2081; x_wconf 89' lang='grc'>000</span> <span class='ocrx_word' id='word_1_245' title='bbox 422 2052 521 2090; x_wconf 84' lang='lat' dir='ltr'>potest</span> <span class='ocrx_word' id='word_1_246' title='bbox 537 2051 637 2088; x_wconf 85' lang='lat' dir='ltr'>stare,</span> <span class='ocrx_word' id='word_1_247' title='bbox 653 2049 727 2089; x_wconf 84' lang='lat' dir='ltr'>quia</span> <span class='ocrx_word' id='word_1_248' title='bbox 747 2049 780 2079; x_wconf 88' lang='grc'>10</span> <span class='ocrx_word' id='word_1_249' title='bbox 799 2049 960 2088; x_wconf 80' lang='lat' dir='ltr'>contiguis</span> <span class='ocrx_word' id='word_1_250' title='bbox 976 2050 1022 2080; x_wconf 89' lang='lat' dir='ltr'>nl-</span> 
     </span>
     <span class='ocr_line' id='line_1_41' title="bbox 249 2102 1021 2144; baseline 0.001 -10"><span class='ocrx_word' id='word_1_251' title='bbox 249 2104 328 2134; x_wconf 83' lang='lat' dir='ltr'>tima</span> <span class='ocrx_word' id='word_1_252' title='bbox 346 2103 442 2134; x_wconf 80' lang='lat' dir='ltr'>simul</span> <span class='ocrx_word' id='word_1_253' title='bbox 462 2104 558 2141; x_wconf 77' lang='lat' dir='ltr'>fiunt3</span> <span class='ocrx_word' id='word_1_254' title='bbox 576 2103 630 2134; x_wconf 89' lang='lat' dir='ltr'>sed</span> <span class='ocrx_word' id='word_1_255' title='bbox 645 2103 677 2133; x_wconf 89' lang='lat' dir='ltr'>in</span> <span class='ocrx_word' id='word_1_256' title='bbox 697 2102 932 2142; x_wconf 84' lang='lat' dir='ltr'>durationibus,</span> <span class='ocrx_word' id='word_1_257' title='bbox 949 2113 1021 2144; x_wconf 83' lang='lat' dir='ltr'>quae</span> 
     </span>
     <span class='ocr_line' id='line_1_42' title="bbox 249 2156 1018 2196; baseline 0 -8"><span class='ocrx_word' id='word_1_258' title='bbox 249 2166 282 2188; x_wconf 88' lang='lat' dir='ltr'>se</span> <span class='ocrx_word' id='word_1_259' title='bbox 296 2157 413 2187; x_wconf 87' lang='lat' dir='ltr'>habent</span> <span class='ocrx_word' id='word_1_260' title='bbox 429 2156 604 2187; x_wconf 87' lang='lat' dir='ltr'>secundum</span> <span class='ocrx_word' id='word_1_261' title='bbox 620 2156 708 2196; x_wconf 90' lang='lat' dir='ltr'>prius</span> <span class='ocrx_word' id='word_1_262' title='bbox 723 2159 753 2186; x_wconf 88' lang='lat' dir='ltr'>et</span> <span class='ocrx_word' id='word_1_263' title='bbox 769 2157 940 2196; x_wconf 83' lang='lat' dir='ltr'>posterius,</span> <span class='ocrx_word' id='word_1_264' title='bbox 958 2157 1018 2188; x_wconf 90' lang='lat' dir='ltr'>im-</span> 
     </span>
     <span class='ocr_line' id='line_1_43' title="bbox 249 2209 1020 2251; baseline 0.003 -11"><span class='ocrx_word' id='word_1_265' title='bbox 249 2209 396 2251; x_wconf 83' lang='lat' dir='ltr'>possibile</span> <span class='ocrx_word' id='word_1_266' title='bbox 412 2210 459 2239; x_wconf 88' lang='lat' dir='ltr'>est</span> <span class='ocrx_word' id='word_1_267' title='bbox 478 2209 563 2248; x_wconf 88' lang='lat' dir='ltr'>quod</span> <span class='ocrx_word' id='word_1_268' title='bbox 584 2209 698 2239; x_wconf 86' lang='lat' dir='ltr'>ultima</span> <span class='ocrx_word' id='word_1_269' title='bbox 720 2209 782 2240; x_wconf 90' lang='lat' dir='ltr'>sint</span> <span class='ocrx_word' id='word_1_270' title='bbox 797 2209 892 2240; x_wconf 90' lang='lat' dir='ltr'>simul</span> <span class='ocrx_word' id='word_1_271' title='bbox 911 2221 917 2240; x_wconf 88' lang='lat'>:</span> <span class='ocrx_word' id='word_1_272' title='bbox 934 2211 1020 2242; x_wconf 86' lang='lat' dir='ltr'>unde</span> 
     </span>
     <span class='ocr_line' id='line_1_44' title="bbox 248 2261 1020 2301; baseline 0 -7"><span class='ocrx_word' id='word_1_273' title='bbox 248 2263 281 2294; x_wconf 90' lang='lat' dir='ltr'>in</span> <span class='ocrx_word' id='word_1_274' title='bbox 297 2263 350 2293; x_wconf 89' lang='lat' dir='ltr'>illa</span> <span class='ocrx_word' id='word_1_275' title='bbox 363 2261 602 2301; x_wconf 78' lang='lat' dir='ltr'>contignatione</span> <span class='ocrx_word' id='word_1_276' title='bbox 617 2264 752 2301; x_wconf 89' lang='lat' dir='ltr'>punctus</span> <span class='ocrx_word' id='word_1_277' title='bbox 765 2263 940 2294; x_wconf 81' lang='lat' dir='ltr'>substratus</span> <span class='ocrx_word' id='word_1_278' title='bbox 955 2273 1020 2294; x_wconf 92' lang='lat' dir='ltr'>non</span> 
     </span>
     <span class='ocr_line' id='line_1_45' title="bbox 249 2315 1016 2356; baseline 0.003 -10"><span class='ocrx_word' id='word_1_279' title='bbox 249 2316 284 2346; x_wconf 88' lang='lat' dir='ltr'>fit</span> <span class='ocrx_word' id='word_1_280' title='bbox 294 2315 367 2354; x_wconf 90' lang='lat' dir='ltr'>duo,</span> <span class='ocrx_word' id='word_1_281' title='bbox 380 2315 434 2346; x_wconf 85' lang='lat' dir='ltr'>sed</span> <span class='ocrx_word' id='word_1_282' title='bbox 444 2315 507 2345; x_wconf 89' lang='lat' dir='ltr'>duo</span> <span class='ocrx_word' id='word_1_283' title='bbox 517 2315 625 2354; x_wconf 85' lang='lat' dir='ltr'>puncti</span> <span class='ocrx_word' id='word_1_284' title='bbox 636 2315 792 2346; x_wconf 85' lang='lat' dir='ltr'>uniuntur</span> <span class='ocrx_word' id='word_1_285' title='bbox 800 2316 833 2346; x_wconf 90' lang='lat' dir='ltr'>in</span> <span class='ocrx_word' id='word_1_286' title='bbox 844 2325 946 2347; x_wconf 89' lang='lat' dir='ltr'>unum</span> <span class='ocrx_word' id='word_1_287' title='bbox 961 2317 1016 2356; x_wconf 80' lang='lat' dir='ltr'>(a):</span> 
     </span>
     <span class='ocr_line' id='line_1_46' title="bbox 248 2367 1019 2408; baseline 0 -8"><span class='ocrx_word' id='word_1_288' title='bbox 248 2378 307 2400; x_wconf 87' lang='grc'>066</span> <span class='ocrx_word' id='word_1_289' title='bbox 321 2371 426 2399; x_wconf 90' lang='lat' dir='ltr'>tamen</span> <span class='ocrx_word' id='word_1_290' title='bbox 440 2367 555 2399; x_wconf 85' lang='lat' dir='ltr'>cedunt</span> <span class='ocrx_word' id='word_1_291' title='bbox 570 2367 603 2397; x_wconf 91' lang='lat' dir='ltr'>in</span> <span class='ocrx_word' id='word_1_292' title='bbox 622 2377 725 2398; x_wconf 89' lang='lat' dir='ltr'>unum</span> <span class='ocrx_word' id='word_1_293' title='bbox 746 2371 873 2408; x_wconf 87' lang='lat' dir='ltr'>propter</span> <span class='ocrx_word' id='word_1_294' title='bbox 894 2369 1019 2401; x_wconf 88' lang='lat' dir='ltr'>distinc-</span> 
     </span>
     <span class='ocr_line' id='line_1_47' title="bbox 247 2420 1016 2462; baseline 0.001 -9"><span class='ocrx_word' id='word_1_295' title='bbox 247 2422 368 2453; x_wconf 87' lang='lat' dir='ltr'>tionem</span> <span class='ocrx_word' id='word_1_296' title='bbox 389 2429 574 2462; x_wconf 88' lang='lat' dir='ltr'>corporum,</span> <span class='ocrx_word' id='word_1_297' title='bbox 590 2420 623 2450; x_wconf 87' lang='lat' dir='ltr'>in</span> <span class='ocrx_word' id='word_1_298' title='bbox 646 2420 762 2460; x_wconf 85' lang='lat' dir='ltr'>quibus</span> <span class='ocrx_word' id='word_1_299' title='bbox 784 2424 875 2452; x_wconf 88' lang='lat' dir='ltr'>sunt.</span> <span class='ocrx_word' id='word_1_300' title='bbox 897 2422 935 2453; x_wconf 91' lang='lat' dir='ltr'>Et</span> <span class='ocrx_word' id='word_1_301' title='bbox 959 2423 1016 2454; x_wconf 87' lang='lat' dir='ltr'>ite-</span> 
     </span>
     <span class='ocr_line' id='line_1_48' title="bbox 247 2474 1017 2516; baseline 0.001 -9"><span class='ocrx_word' id='word_1_302' title='bbox 247 2485 334 2514; x_wconf 87' lang='lat' dir='ltr'>rum,</span> <span class='ocrx_word' id='word_1_303' title='bbox 346 2478 642 2516; x_wconf 87' lang='lat' dir='ltr'>quantumcumque</span> <span class='ocrx_word' id='word_1_304' title='bbox 652 2474 733 2505; x_wconf 88' lang='lat' dir='ltr'>illud</span> <span class='ocrx_word' id='word_1_305' title='bbox 745 2484 858 2506; x_wconf 91' lang='lat' dir='ltr'>verum</span> <span class='ocrx_word' id='word_1_306' title='bbox 869 2476 920 2514; x_wconf 81' lang='lat' dir='ltr'>sit,</span> <span class='ocrx_word' id='word_1_307' title='bbox 933 2477 1017 2516; x_wconf 87' lang='lat' dir='ltr'>quod</span> 
     </span>
     <span class='ocr_line' id='line_1_49' title="bbox 248 2529 1018 2569; baseline 0 -7"><span class='ocrx_word' id='word_1_308' title='bbox 248 2531 311 2562; x_wconf 89' lang='lat' dir='ltr'>duo</span> <span class='ocrx_word' id='word_1_309' title='bbox 326 2529 529 2562; x_wconf 83' lang='lat' dir='ltr'>indivisibilia</span> <span class='ocrx_word' id='word_1_310' title='bbox 538 2529 601 2560; x_wconf 88' lang='lat' dir='ltr'>sint</span> <span class='ocrx_word' id='word_1_311' title='bbox 612 2529 718 2568; x_wconf 86' lang='lat' dir='ltr'>simul,</span> <span class='ocrx_word' id='word_1_312' title='bbox 730 2538 895 2569; x_wconf 86' lang='lat' dir='ltr'>nunquam</span> <span class='ocrx_word' id='word_1_313' title='bbox 909 2533 1018 2562; x_wconf 88' lang='lat' dir='ltr'>tamen</span> 
     </span>
    </p>
   </div>
   <div class='ocr_carea' id='block_1_9' title="bbox 247 2609 1016 2678">
    <p class='ocr_par' dir='ltr' id='par_1_9' title="bbox 247 2609 1016 2678">
     <span class='ocr_line' id='line_1_50' title="bbox 280 2609 1016 2641; baseline 0 -7"><span class='ocrx_word' id='word_1_314' title='bbox 280 2611 285 2625; x_wconf 86' lang='lat'><strong>¹</strong></span> <span class='ocrx_word' id='word_1_315' title='bbox 307 2610 393 2640; x_wconf 73' lang='lat' dir='ltr'>Arist..</span> <span class='ocrx_word' id='word_1_316' title='bbox 409 2609 439 2633; x_wconf 80' lang='lat' dir='ltr'>de</span> <span class='ocrx_word' id='word_1_317' title='bbox 457 2609 571 2634; x_wconf 76' lang='lat' dir='ltr'>General.</span> <span class='ocrx_word' id='word_1_318' title='bbox 590 2610 612 2632; x_wconf 76' lang='lat' dir='ltr'>et</span> <span class='ocrx_word' id='word_1_319' title='bbox 635 2609 752 2640; x_wconf 69' lang='lat' dir='ltr'>Corrup..</span> <span class='ocrx_word' id='word_1_320' title='bbox 772 2609 816 2633; x_wconf 83' lang='lat' dir='ltr'>lib.</span> <span class='ocrx_word' id='word_1_321' title='bbox 837 2610 867 2641; x_wconf 81' lang='lat' dir='ltr'>ll,</span> <span class='ocrx_word' id='word_1_322' title='bbox 888 2613 957 2635; x_wconf 78' lang='lat' dir='ltr'>cont.</span> <span class='ocrx_word' id='word_1_323' title='bbox 973 2611 1016 2641; x_wconf 78' lang='lat'>57;</span> 
     </span>
     <span class='ocr_line' id='line_1_51' title="bbox 247 2645 699 2678; baseline 0 -10"><span class='ocrx_word' id='word_1_324' title='bbox 247 2645 330 2678; x_wconf 72' lang='lat' dir='ltr'>Phys„</span> <span class='ocrx_word' id='word_1_325' title='bbox 345 2646 388 2670; x_wconf 88' lang='lat' dir='ltr'>lib.</span> <span class='ocrx_word' id='word_1_326' title='bbox 402 2646 458 2676; x_wconf 81' lang='lat' dir='ltr'>vn.</span> <span class='ocrx_word' id='word_1_327' title='bbox 477 2646 544 2670; x_wconf 87' lang='lat' dir='ltr'>cont.</span> <span class='ocrx_word' id='word_1_328' title='bbox 560 2646 588 2669; x_wconf 82' lang='lat'>80</span> <span class='ocrx_word' id='word_1_329' title='bbox 605 2646 630 2668; x_wconf 86' lang='lat' dir='ltr'>et</span> <span class='ocrx_word' id='word_1_330' title='bbox 646 2651 699 2675; x_wconf 83' lang='lat' dir='ltr'>seq.</span> 
     </span>
    </p>
   </div>
   <div class='ocr_carea' id='block_1_10' title="bbox 785 173 1283 205">
    <p class='ocr_par' dir='ltr' id='par_1_10' title="bbox 785 173 1283 205">
     <span class='ocr_line' id='line_1_52' title="bbox 785 173 1283 205; baseline -0.002 0"><span class='ocrx_word' id='word_1_331' title='bbox 785 173 1095 205; x_wconf 80' lang='lat' dir='ltr'>SENTENTIARUM</span> <span class='ocrx_word' id='word_1_332' title='bbox 1127 174 1201 204; x_wconf 83' lang='lat' dir='ltr'>LlB.</span> <span class='ocrx_word' id='word_1_333' title='bbox 1234 174 1283 204; x_wconf 79' lang='lat' dir='ltr'>tv.</span> 
     </span>
    </p>
   </div>
   <div class='ocr_carea' id='block_1_11' title="bbox 1065 239 1836 490">
    <p class='ocr_par' dir='ltr' id='par_1_11' title="bbox 1065 239 1836 490">
     <span class='ocr_line' id='line_1_53' title="bbox 1066 239 1833 280; baseline -0.003 -9"><span class='ocrx_word' id='word_1_334' title='bbox 1066 249 1180 271; x_wconf 85' lang='lat' dir='ltr'>verum</span> <span class='ocrx_word' id='word_1_335' title='bbox 1195 243 1241 271; x_wconf 90' lang='lat' dir='ltr'>est</span> <span class='ocrx_word' id='word_1_336' title='bbox 1255 240 1340 280; x_wconf 89' lang='lat' dir='ltr'>quod</span> <span class='ocrx_word' id='word_1_337' title='bbox 1355 240 1418 270; x_wconf 91' lang='lat' dir='ltr'>duo</span> <span class='ocrx_word' id='word_1_338' title='bbox 1434 239 1676 270; x_wconf 80' lang='lat' dir='ltr'>contradictorie</span> <span class='ocrx_word' id='word_1_339' title='bbox 1689 240 1833 278; x_wconf 87' lang='lat' dir='ltr'>opposita</span> 
     </span>
     <span class='ocr_line' id='line_1_54' title="bbox 1065 292 1834 332; baseline -0.003 -9"><span class='ocrx_word' id='word_1_340' title='bbox 1065 293 1160 324; x_wconf 87' lang='lat' dir='ltr'>simul</span> <span class='ocrx_word' id='word_1_341' title='bbox 1177 293 1274 324; x_wconf 85' lang='lat' dir='ltr'>insint</span> <span class='ocrx_word' id='word_1_342' title='bbox 1286 293 1401 331; x_wconf 82' lang='lat' dir='ltr'>eidem,</span> <span class='ocrx_word' id='word_1_343' title='bbox 1418 293 1493 332; x_wconf 87' lang='lat' dir='ltr'>quia</span> <span class='ocrx_word' id='word_1_344' title='bbox 1508 294 1581 323; x_wconf 88' lang='lat' dir='ltr'>sunt</span> <span class='ocrx_word' id='word_1_345' title='bbox 1596 292 1834 331; x_wconf 85' lang='lat' dir='ltr'>incompossibi-</span> 
     </span>
     <span class='ocr_line' id='line_1_55' title="bbox 1065 345 1836 386; baseline -0.004 -9"><span class='ocrx_word' id='word_1_346' title='bbox 1065 346 1124 384; x_wconf 77' lang='lat' dir='ltr'>lia,</span> <span class='ocrx_word' id='word_1_347' title='bbox 1137 356 1193 377; x_wconf 91' lang='grc'>066</span> <span class='ocrx_word' id='word_1_348' title='bbox 1207 347 1302 377; x_wconf 86' lang='lat' dir='ltr'>etiam</span> <span class='ocrx_word' id='word_1_349' title='bbox 1320 356 1356 376; x_wconf 85' lang='lat' dir='ltr'>ea</span> <span class='ocrx_word' id='word_1_350' title='bbox 1367 370 1374 383; x_wconf 92' lang='lat'><strong>‚</strong></span> <span class='ocrx_word' id='word_1_351' title='bbox 1386 355 1460 386; x_wconf 82' lang='lat' dir='ltr'>quae</span> <span class='ocrx_word' id='word_1_352' title='bbox 1476 346 1651 376; x_wconf 81' lang='lat' dir='ltr'>necessario</span> <span class='ocrx_word' id='word_1_353' title='bbox 1667 345 1836 384; x_wconf 88' lang='lat' dir='ltr'>requirunt</span> 
     </span>
     <span class='ocr_line' id='line_1_56' title="bbox 1065 398 1836 438; baseline -0.005 -7"><span class='ocrx_word' id='word_1_354' title='bbox 1065 400 1225 438; x_wconf 85' lang='lat' dir='ltr'>ordinem,</span> <span class='ocrx_word' id='word_1_355' title='bbox 1249 408 1313 430; x_wconf 89' lang='lat' dir='ltr'>non</span> <span class='ocrx_word' id='word_1_356' title='bbox 1336 401 1461 430; x_wconf 85' lang='lat' dir='ltr'>tantum</span> <span class='ocrx_word' id='word_1_357' title='bbox 1485 399 1668 436; x_wconf 77' lang='lat' dir='ltr'>causaliter,</span> <span class='ocrx_word' id='word_1_358' title='bbox 1691 398 1758 428; x_wconf 86' lang='lat' dir='ltr'>sive</span> <span class='ocrx_word' id='word_1_359' title='bbox 1785 406 1836 427; x_wconf 88' lang='grc'>56-</span> 
     </span>
     <span class='ocr_line' id='line_1_57' title="bbox 1065 451 1835 490; baseline -0.004 -6"><span class='ocrx_word' id='word_1_360' title='bbox 1065 453 1205 484; x_wconf 88' lang='lat' dir='ltr'>cundum</span> <span class='ocrx_word' id='word_1_361' title='bbox 1220 455 1369 483; x_wconf 87' lang='lat' dir='ltr'>naturam</span> <span class='ocrx_word' id='word_1_362' title='bbox 1379 476 1386 490; x_wconf 92' lang='lat'><strong>‚</strong></span> <span class='ocrx_word' id='word_1_363' title='bbox 1405 452 1457 482; x_wconf 87' lang='lat' dir='ltr'>sed</span> <span class='ocrx_word' id='word_1_364' title='bbox 1473 452 1567 482; x_wconf 81' lang='lat' dir='ltr'>etiam</span> <span class='ocrx_word' id='word_1_365' title='bbox 1582 451 1756 482; x_wconf 85' lang='lat' dir='ltr'>secundum</span> <span class='ocrx_word' id='word_1_366' title='bbox 1769 459 1835 481; x_wconf 81' lang='lat' dir='ltr'>esse</span> 
     </span>
    </p>
   </div>
   <div class='ocr_carea' id='block_1_12' title="bbox 1067 504 1954 545">
    <p class='ocr_par' dir='ltr' id='par_1_12' title="bbox 1067 504 1954 545">
     <span class='ocr_line' id='line_1_58' title="bbox 1067 504 1954 545; baseline 0 -9"><span class='ocrx_word' id='word_1_367' title='bbox 1067 507 1099 536; x_wconf 92' lang='lat' dir='ltr'>in</span> <span class='ocrx_word' id='word_1_368' title='bbox 1114 508 1201 545; x_wconf 84' lang='lat' dir='ltr'>actu,</span> <span class='ocrx_word' id='word_1_369' title='bbox 1222 508 1253 536; x_wconf 88' lang='lat' dir='ltr'>et</span> <span class='ocrx_word' id='word_1_370' title='bbox 1267 506 1466 536; x_wconf 79' lang='lat' dir='ltr'>durationem</span> <span class='ocrx_word' id='word_1_371' title='bbox 1481 505 1647 535; x_wconf 80' lang='lat' dir='ltr'>actualem.</span> <span class='ocrx_word' id='word_1_372' title='bbox 1665 504 1835 544; x_wconf 82' lang='lat' dir='ltr'>Propterea</span> <span class='ocrx_word' id='word_1_373' title='bbox 1849 515 1912 543; x_wconf 65' lang='lat' dir='ltr'>opsn.</span> <span class='ocrx_word' id='word_1_374' title='bbox 1935 518 1954 536; x_wconf 66' lang='grc' dir='ltr'>ι.</span> 
     </span>
    </p>
   </div>
   <div class='ocr_carea' id='block_1_13' title="bbox 1066 557 1842 1344">
    <p class='ocr_par' dir='ltr' id='par_1_13' title="bbox 1066 557 1842 1344">
     <span class='ocr_line' id='line_1_59' title="bbox 1066 557 1836 599; baseline -0.004 -9"><span class='ocrx_word' id='word_1_375' title='bbox 1066 561 1113 590; x_wconf 80' lang='lat' dir='ltr'>est</span> <span class='ocrx_word' id='word_1_376' title='bbox 1136 561 1248 599; x_wconf 86' lang='lat' dir='ltr'>quarta</span> <span class='ocrx_word' id='word_1_377' title='bbox 1267 559 1394 599; x_wconf 85' lang='lat' dir='ltr'>positio,</span> <span class='ocrx_word' id='word_1_378' title='bbox 1414 558 1499 598; x_wconf 84' lang='lat' dir='ltr'>quod</span> <span class='ocrx_word' id='word_1_379' title='bbox 1519 560 1566 588; x_wconf 87' lang='lat' dir='ltr'>est</span> <span class='ocrx_word' id='word_1_380' title='bbox 1585 558 1619 588; x_wconf 91' lang='grc'>10</span> <span class='ocrx_word' id='word_1_381' title='bbox 1638 558 1699 588; x_wconf 88' lang='lat' dir='ltr'>alio</span> <span class='ocrx_word' id='word_1_382' title='bbox 1721 560 1751 588; x_wconf 90' lang='lat' dir='ltr'>et</span> <span class='ocrx_word' id='word_1_383' title='bbox 1775 557 1836 587; x_wconf 77' lang='lat' dir='ltr'>alio</span> 
     </span>
     <span class='ocr_line' id='line_1_60' title="bbox 1066 610 1836 651; baseline -0.004 -8"><span class='ocrx_word' id='word_1_384' title='bbox 1066 613 1197 643; x_wconf 85' lang='lat' dir='ltr'>instanti</span> <span class='ocrx_word' id='word_1_385' title='bbox 1221 612 1396 643; x_wconf 82' lang='lat' dir='ltr'>secundum</span> <span class='ocrx_word' id='word_1_386' title='bbox 1420 620 1506 649; x_wconf 82' lang='lat' dir='ltr'>rem,</span> <span class='ocrx_word' id='word_1_387' title='bbox 1525 620 1561 642; x_wconf 88' lang='lat' dir='ltr'>eo</span> <span class='ocrx_word' id='word_1_388' title='bbox 1584 611 1694 648; x_wconf 90' lang='lat' dir='ltr'>modo,</span> <span class='ocrx_word' id='word_1_389' title='bbox 1717 619 1781 651; x_wconf 88' lang='lat' dir='ltr'>quo</span> <span class='ocrx_word' id='word_1_390' title='bbox 1802 610 1836 640; x_wconf 92' lang='lat' dir='ltr'>in</span> 
     </span>
     <span class='ocr_line' id='line_1_61' title="bbox 1066 663 1837 706; baseline -0.004 -9"><span class='ocrx_word' id='word_1_391' title='bbox 1066 668 1209 706; x_wconf 82' lang='lat' dir='ltr'>tempore</span> <span class='ocrx_word' id='word_1_392' title='bbox 1228 668 1275 696; x_wconf 90' lang='lat' dir='ltr'>est</span> <span class='ocrx_word' id='word_1_393' title='bbox 1293 674 1409 705; x_wconf 89' lang='lat' dir='ltr'>ponere</span> <span class='ocrx_word' id='word_1_394' title='bbox 1434 665 1582 695; x_wconf 86' lang='lat' dir='ltr'>instantia</span> <span class='ocrx_word' id='word_1_395' title='bbox 1606 663 1707 695; x_wconf 87' lang='lat' dir='ltr'>multa</span> <span class='ocrx_word' id='word_1_396' title='bbox 1733 674 1739 694; x_wconf 93' lang='lat'>:</span> <span class='ocrx_word' id='word_1_397' title='bbox 1761 663 1837 704; x_wconf 87' lang='lat' dir='ltr'>quia</span> 
     </span>
     <span class='ocr_line' id='line_1_62' title="bbox 1068 717 1836 756; baseline -0.004 -6"><span class='ocrx_word' id='word_1_398' title='bbox 1068 728 1169 750; x_wconf 90' lang='lat' dir='ltr'>unum</span> <span class='ocrx_word' id='word_1_399' title='bbox 1185 722 1230 750; x_wconf 88' lang='lat' dir='ltr'>est</span> <span class='ocrx_word' id='word_1_400' title='bbox 1245 719 1421 750; x_wconf 80' lang='lat' dir='ltr'>secundum</span> <span class='ocrx_word' id='word_1_401' title='bbox 1436 727 1528 748; x_wconf 86' lang='lat' dir='ltr'>suam</span> <span class='ocrx_word' id='word_1_402' title='bbox 1543 718 1726 755; x_wconf 70' lang='lat' dir='ltr'>essentiam,</span> <span class='ocrx_word' id='word_1_403' title='bbox 1744 717 1836 756; x_wconf 89' lang='lat' dir='ltr'>cujus</span> 
     </span>
     <span class='ocr_line' id='line_1_63' title="bbox 1068 772 1837 810; baseline -0.005 -6"><span class='ocrx_word' id='word_1_404' title='bbox 1068 773 1175 804; x_wconf 77' lang='lat' dir='ltr'>fluxus</span> <span class='ocrx_word' id='word_1_405' title='bbox 1191 775 1238 803; x_wconf 87' lang='lat' dir='ltr'>est</span> <span class='ocrx_word' id='word_1_406' title='bbox 1261 773 1431 803; x_wconf 76' lang='lat' dir='ltr'>continuus</span> <span class='ocrx_word' id='word_1_407' title='bbox 1448 783 1454 802; x_wconf 79' lang='lat' dir='ltr'>z</span> <span class='ocrx_word' id='word_1_408' title='bbox 1473 772 1556 802; x_wconf 88' lang='lat' dir='ltr'>unde</span> <span class='ocrx_word' id='word_1_409' title='bbox 1575 780 1639 801; x_wconf 88' lang='lat' dir='ltr'>non</span> <span class='ocrx_word' id='word_1_410' title='bbox 1659 772 1705 801; x_wconf 85' lang='lat' dir='ltr'>est</span> <span class='ocrx_word' id='word_1_411' title='bbox 1721 779 1837 810; x_wconf 85' lang='lat' dir='ltr'>ponere</span> 
     </span>
     <span class='ocr_line' id='line_1_64' title="bbox 1068 824 1837 866; baseline -0.004 -9"><span class='ocrx_word' id='word_1_412' title='bbox 1068 826 1160 866; x_wconf 84' lang='lat' dir='ltr'>plura</span> <span class='ocrx_word' id='word_1_413' title='bbox 1181 826 1329 857; x_wconf 85' lang='lat' dir='ltr'>instantia</span> <span class='ocrx_word' id='word_1_414' title='bbox 1340 850 1347 863; x_wconf 91' lang='lat'>‚</span> <span class='ocrx_word' id='word_1_415' title='bbox 1364 828 1399 856; x_wconf 85' lang='lat' dir='ltr'>ut</span> <span class='ocrx_word' id='word_1_416' title='bbox 1420 827 1648 865; x_wconf 86' lang='lat' dir='ltr'>consequenter</span> <span class='ocrx_word' id='word_1_417' title='bbox 1663 834 1696 855; x_wconf 83' lang='grc'>56</span> <span class='ocrx_word' id='word_1_418' title='bbox 1715 824 1837 855; x_wconf 86' lang='lat' dir='ltr'>haben-</span> 
     </span>
     <span class='ocr_line' id='line_1_65' title="bbox 1067 877 1837 918; baseline -0.001 -9"><span class='ocrx_word' id='word_1_419' title='bbox 1067 880 1111 910; x_wconf 85' lang='lat' dir='ltr'>tia</span> <span class='ocrx_word' id='word_1_420' title='bbox 1125 879 1299 910; x_wconf 85' lang='lat' dir='ltr'>secundum</span> <span class='ocrx_word' id='word_1_421' title='bbox 1314 888 1361 916; x_wconf 90' lang='lat' dir='ltr'>se,</span> <span class='ocrx_word' id='word_1_422' title='bbox 1377 879 1429 910; x_wconf 80' lang='lat' dir='ltr'>sed</span> <span class='ocrx_word' id='word_1_423' title='bbox 1446 882 1552 909; x_wconf 86' lang='lat' dir='ltr'>tamen</span> <span class='ocrx_word' id='word_1_424' title='bbox 1567 878 1740 909; x_wconf 75' lang='lat' dir='ltr'>secundum</span> <span class='ocrx_word' id='word_1_425' title='bbox 1753 877 1837 918; x_wconf 88' lang='lat' dir='ltr'>quod</span> 
     </span>
     <span class='ocr_line' id='line_1_66' title="bbox 1068 931 1838 964; baseline -0.004 0"><span class='ocrx_word' id='word_1_426' title='bbox 1068 935 1231 964; x_wconf 83' lang='lat' dir='ltr'>mensurat</span> <span class='ocrx_word' id='word_1_427' title='bbox 1253 933 1330 964; x_wconf 78' lang='lat' dir='ltr'>duas</span> <span class='ocrx_word' id='word_1_428' title='bbox 1354 933 1492 963; x_wconf 82' lang='lat' dir='ltr'>actiones</span> <span class='ocrx_word' id='word_1_429' title='bbox 1514 931 1728 962; x_wconf 84' lang='lat' dir='ltr'>discontinuas</span> <span class='ocrx_word' id='word_1_430' title='bbox 1743 931 1838 961; x_wconf 81' lang='lat' dir='ltr'>estin</span> 
     </span>
     <span class='ocr_line' id='line_1_67' title="bbox 1068 984 1837 1025; baseline -0.003 -8"><span class='ocrx_word' id='word_1_431' title='bbox 1068 996 1105 1017; x_wconf 88' lang='lat' dir='ltr'>eo</span> <span class='ocrx_word' id='word_1_432' title='bbox 1120 987 1183 1017; x_wconf 87' lang='lat' dir='ltr'>duo</span> <span class='ocrx_word' id='word_1_433' title='bbox 1199 987 1343 1025; x_wconf 56' lang='lat' dir='ltr'>signam</span> <span class='ocrx_word' id='word_1_434' title='bbox 1361 986 1441 1016; x_wconf 89' lang='lat' dir='ltr'>sicut</span> <span class='ocrx_word' id='word_1_435' title='bbox 1462 986 1564 1022; x_wconf 85' lang='lat' dir='ltr'>linea,</span> <span class='ocrx_word' id='word_1_436' title='bbox 1580 985 1605 1015; x_wconf 88' lang='lat' dir='ltr'>si</span> <span class='ocrx_word' id='word_1_437' title='bbox 1626 988 1709 1015; x_wconf 72' lang='lat' dir='ltr'>secet</span> <span class='ocrx_word' id='word_1_438' title='bbox 1722 984 1837 1022; x_wconf 83' lang='lat' dir='ltr'>aliam,</span> 
     </span>
     <span class='ocr_line' id='line_1_68' title="bbox 1069 1038 1839 1079; baseline -0.003 -9"><span class='ocrx_word' id='word_1_439' title='bbox 1069 1040 1176 1078; x_wconf 76' lang='lat' dir='ltr'>signat</span> <span class='ocrx_word' id='word_1_440' title='bbox 1202 1039 1265 1070; x_wconf 92' lang='lat' dir='ltr'>duo</span> <span class='ocrx_word' id='word_1_441' title='bbox 1294 1041 1422 1079; x_wconf 77' lang='lat' dir='ltr'>puncta.</span> <span class='ocrx_word' id='word_1_442' title='bbox 1453 1038 1513 1069; x_wconf 72' lang='lat' dir='ltr'>Sel</span> <span class='ocrx_word' id='word_1_443' title='bbox 1540 1038 1617 1069; x_wconf 81' lang='lat' dir='ltr'>illud</span> <span class='ocrx_word' id='word_1_444' title='bbox 1644 1047 1708 1068; x_wconf 86' lang='lat' dir='ltr'>non</span> <span class='ocrx_word' id='word_1_445' title='bbox 1737 1039 1839 1077; x_wconf 86' lang='lat' dir='ltr'>potest</span> 
     </span>
     <span class='ocr_line' id='line_1_69' title="bbox 1069 1092 1840 1132; baseline -0.004 -9"><span class='ocrx_word' id='word_1_446' title='bbox 1069 1095 1167 1131; x_wconf 84' lang='lat' dir='ltr'>stare,</span> <span class='ocrx_word' id='word_1_447' title='bbox 1184 1093 1259 1132; x_wconf 83' lang='lat' dir='ltr'>quia</span> <span class='ocrx_word' id='word_1_448' title='bbox 1275 1093 1308 1123; x_wconf 86' lang='lat' dir='ltr'>in</span> <span class='ocrx_word' id='word_1_449' title='bbox 1323 1092 1411 1123; x_wconf 90' lang='lat' dir='ltr'>nullo</span> <span class='ocrx_word' id='word_1_450' title='bbox 1433 1092 1581 1123; x_wconf 84' lang='lat' dir='ltr'>continuo</span> <span class='ocrx_word' id='word_1_451' title='bbox 1602 1100 1658 1122; x_wconf 89' lang='grc'>066</span> <span class='ocrx_word' id='word_1_452' title='bbox 1678 1100 1763 1128; x_wconf 85' lang='grc'><strong>6556,</strong></span> <span class='ocrx_word' id='word_1_453' title='bbox 1782 1099 1840 1120; x_wconf 84' lang='grc'>066</span> 
     </span>
     <span class='ocr_line' id='line_1_70' title="bbox 1070 1143 1841 1185; baseline -0.004 -9"><span class='ocrx_word' id='word_1_454' title='bbox 1070 1146 1223 1185; x_wconf 81' lang='lat' dir='ltr'>intelligi,</span> <span class='ocrx_word' id='word_1_455' title='bbox 1242 1155 1298 1176; x_wconf 89' lang='lat' dir='ltr'>nec</span> <span class='ocrx_word' id='word_1_456' title='bbox 1313 1146 1432 1184; x_wconf 82' lang='lat' dir='ltr'>signari</span> <span class='ocrx_word' id='word_1_457' title='bbox 1450 1148 1579 1185; x_wconf 79' lang='lat' dir='ltr'>possunt</span> <span class='ocrx_word' id='word_1_458' title='bbox 1592 1154 1666 1176; x_wconf 87' lang='lat' dir='ltr'>vere</span> <span class='ocrx_word' id='word_1_459' title='bbox 1682 1145 1745 1175; x_wconf 85' lang='lat' dir='ltr'>duo</span> <span class='ocrx_word' id='word_1_460' title='bbox 1760 1143 1841 1174; x_wconf 83' lang='lat' dir='ltr'>indi-</span> 
     </span>
     <span class='ocr_line' id='line_1_71' title="bbox 1071 1197 1838 1239; baseline -0.004 -10"><span class='ocrx_word' id='word_1_461' title='bbox 1071 1199 1216 1236; x_wconf 83' lang='lat' dir='ltr'>visibilia,</span> <span class='ocrx_word' id='word_1_462' title='bbox 1231 1200 1297 1239; x_wconf 84' lang='lat' dir='ltr'>ipso</span> <span class='ocrx_word' id='word_1_463' title='bbox 1313 1202 1460 1229; x_wconf 85' lang='lat' dir='ltr'>manente</span> <span class='ocrx_word' id='word_1_464' title='bbox 1475 1199 1636 1234; x_wconf 84' lang='lat' dir='ltr'>continuo,</span> <span class='ocrx_word' id='word_1_465' title='bbox 1649 1207 1721 1238; x_wconf 79' lang='lat' dir='ltr'>quae</span> <span class='ocrx_word' id='word_1_466' title='bbox 1733 1207 1765 1227; x_wconf 82' lang='lat' dir='ltr'>se</span> <span class='ocrx_word' id='word_1_467' title='bbox 1780 1197 1838 1227; x_wconf 86' lang='lat' dir='ltr'>ha-</span> 
     </span>
     <span class='ocr_line' id='line_1_72' title="bbox 1071 1250 1840 1292; baseline -0.001 -10"><span class='ocrx_word' id='word_1_468' title='bbox 1071 1253 1166 1283; x_wconf 85' lang='lat' dir='ltr'>beant</span> <span class='ocrx_word' id='word_1_469' title='bbox 1179 1254 1420 1292; x_wconf 60' lang='lat' dir='ltr'>consequentem</span> <span class='ocrx_word' id='word_1_470' title='bbox 1438 1252 1580 1291; x_wconf 83' lang='lat' dir='ltr'>alioquin</span> <span class='ocrx_word' id='word_1_471' title='bbox 1595 1250 1787 1289; x_wconf 79' lang='lat' dir='ltr'>intelligitur</span> <span class='ocrx_word' id='word_1_472' title='bbox 1802 1250 1840 1281; x_wconf 83' lang='lat' dir='ltr'>de</span> 
     </span>
     <span class='ocr_line' id='line_1_73' title="bbox 1072 1305 1842 1344; baseline -0.005 -8"><span class='ocrx_word' id='word_1_473' title='bbox 1072 1305 1255 1336; x_wconf 78' lang='lat' dir='ltr'>necessitate</span> <span class='ocrx_word' id='word_1_474' title='bbox 1276 1308 1312 1336; x_wconf 88' lang='lat' dir='ltr'>ut</span> <span class='ocrx_word' id='word_1_475' title='bbox 1333 1305 1576 1344; x_wconf 83' lang='lat' dir='ltr'>multiplicatum</span> <span class='ocrx_word' id='word_1_476' title='bbox 1595 1313 1603 1334; x_wconf 92' lang='lat'><strong>:</strong></span> <span class='ocrx_word' id='word_1_477' title='bbox 1624 1305 1650 1334; x_wconf 91' lang='lat' dir='ltr'>si</span> <span class='ocrx_word' id='word_1_478' title='bbox 1666 1312 1744 1342; x_wconf 83' lang='lat' dir='ltr'>ergo</span> <span class='ocrx_word' id='word_1_479' title='bbox 1760 1305 1842 1333; x_wconf 86' lang='lat' dir='ltr'>tem-</span> 
     </span>
    </p>
   </div>
   <div class='ocr_carea' id='block_1_14' title="bbox 1857 1046 1951 1073">
    <p class='ocr_par' dir='ltr' id='par_1_14' title="bbox 1857 1046 1951 1073">
     <span class='ocr_line' id='line_1_74' title="bbox 1857 1046 1951 1073; baseline -0.021 -6"><span class='ocrx_word' id='word_1_480' title='bbox 1857 1046 1951 1073; x_wconf 51' lang='lat' dir='ltr'>Improb.</span> 
     </span>
    </p>
   </div>
   <div class='ocr_carea' id='block_1_15' title="bbox 1074 1355 1959 1400">
    <p class='ocr_par' dir='ltr' id='par_1_15' title="bbox 1074 1355 1959 1400">
     <span class='ocr_line' id='line_1_75' title="bbox 1074 1355 1959 1400; baseline -0.005 -10"><span class='ocrx_word' id='word_1_481' title='bbox 1074 1369 1133 1400; x_wconf 89' lang='lat' dir='ltr'>pus</span> <span class='ocrx_word' id='word_1_482' title='bbox 1156 1361 1262 1390; x_wconf 85' lang='lat' dir='ltr'>manet</span> <span class='ocrx_word' id='word_1_483' title='bbox 1285 1368 1349 1390; x_wconf 91' lang='lat' dir='ltr'>non</span> <span class='ocrx_word' id='word_1_484' title='bbox 1373 1359 1573 1397; x_wconf 86' lang='lat' dir='ltr'>intercisum⁷</span> <span class='ocrx_word' id='word_1_485' title='bbox 1596 1360 1694 1398; x_wconf 84' lang='lat' dir='ltr'>patet,</span> <span class='ocrx_word' id='word_1_486' title='bbox 1720 1359 1778 1388; x_wconf 90' lang='lat' dir='ltr'>etc.</span> <span class='ocrx_word' id='word_1_487' title='bbox 1804 1355 1842 1387; x_wconf 77' lang='lat' dir='ltr'>Et</span> <span class='ocrx_word' id='word_1_488' title='bbox 1857 1363 1920 1392; x_wconf 66' lang='lat' dir='ltr'>Opia.</span> <span class='ocrx_word' id='word_1_489' title='bbox 1941 1367 1959 1383; x_wconf 77' lang='lat'>⁵.</span> 
     </span>
    </p>
   </div>
   <div class='ocr_carea' id='block_1_16' title="bbox 1072 1411 1849 2621">
    <p class='ocr_par' dir='ltr' id='par_1_16' title="bbox 1072 1411 1849 2621">
     <span class='ocr_line' id='line_1_76' title="bbox 1072 1411 1841 1451; baseline -0.005 -7"><span class='ocrx_word' id='word_1_490' title='bbox 1072 1414 1143 1444; x_wconf 86' lang='lat' dir='ltr'>ideo</span> <span class='ocrx_word' id='word_1_491' title='bbox 1169 1412 1337 1443; x_wconf 87' lang='lat' dir='ltr'>dicendum</span> <span class='ocrx_word' id='word_1_492' title='bbox 1365 1415 1410 1442; x_wconf 84' lang='lat' dir='ltr'>est</span> <span class='ocrx_word' id='word_1_493' title='bbox 1433 1412 1561 1450; x_wconf 73' lang='lat' dir='ltr'>ultimo,</span> <span class='ocrx_word' id='word_1_494' title='bbox 1585 1411 1669 1451; x_wconf 84' lang='lat' dir='ltr'>quod</span> <span class='ocrx_word' id='word_1_495' title='bbox 1692 1412 1841 1450; x_wconf 83' lang='lat' dir='ltr'>tempus,</span> 
     </span>
     <span class='ocr_line' id='line_1_77' title="bbox 1073 1463 1843 1504; baseline -0.005 -7"><span class='ocrx_word' id='word_1_496' title='bbox 1073 1467 1140 1498; x_wconf 90' lang='lat' dir='ltr'>sive</span> <span class='ocrx_word' id='word_1_497' title='bbox 1157 1466 1292 1504; x_wconf 70' lang='grc'><strong>1051605,</strong></span> <span class='ocrx_word' id='word_1_498' title='bbox 1308 1474 1459 1496; x_wconf 87' lang='lat' dir='ltr'>mensura</span> <span class='ocrx_word' id='word_1_499' title='bbox 1473 1465 1581 1496; x_wconf 86' lang='lat' dir='ltr'>ultimi</span> <span class='ocrx_word' id='word_1_500' title='bbox 1601 1473 1668 1495; x_wconf 84' lang='lat' dir='ltr'>esse</span> <span class='ocrx_word' id='word_1_501' title='bbox 1688 1463 1796 1504; x_wconf 78' lang='lat' dir='ltr'>panis,</span> <span class='ocrx_word' id='word_1_502' title='bbox 1814 1464 1843 1493; x_wconf 82' lang='lat' dir='ltr'>et</span> 
     </span>
     <span class='ocr_line' id='line_1_78' title="bbox 1075 1516 1841 1560; baseline -0.005 -10"><span class='ocrx_word' id='word_1_503' title='bbox 1075 1520 1169 1560; x_wconf 86' lang='lat' dir='ltr'>primi</span> <span class='ocrx_word' id='word_1_504' title='bbox 1184 1529 1251 1550; x_wconf 82' lang='lat' dir='ltr'>esse</span> <span class='ocrx_word' id='word_1_505' title='bbox 1266 1519 1415 1558; x_wconf 85' lang='lat' dir='ltr'>corporis,</span> <span class='ocrx_word' id='word_1_506' title='bbox 1430 1520 1530 1558; x_wconf 87' lang='lat' dir='ltr'>potest</span> <span class='ocrx_word' id='word_1_507' title='bbox 1543 1518 1711 1558; x_wconf 88' lang='lat' dir='ltr'>dupliciter</span> <span class='ocrx_word' id='word_1_508' title='bbox 1725 1516 1841 1556; x_wconf 82' lang='lat' dir='ltr'>accipi:</span> 
     </span>
     <span class='ocr_line' id='line_1_79' title="bbox 1075 1569 1845 1611; baseline -0.005 -8"><span class='ocrx_word' id='word_1_509' title='bbox 1075 1573 1125 1604; x_wconf 88' lang='lat' dir='ltr'>vel</span> <span class='ocrx_word' id='word_1_510' title='bbox 1136 1573 1168 1602; x_wconf 92' lang='lat' dir='ltr'>in</span> <span class='ocrx_word' id='word_1_511' title='bbox 1180 1572 1334 1603; x_wconf 88' lang='lat' dir='ltr'>divisione</span> <span class='ocrx_word' id='word_1_512' title='bbox 1345 1572 1471 1611; x_wconf 88' lang='lat' dir='ltr'>propria</span> <span class='ocrx_word' id='word_1_513' title='bbox 1485 1571 1751 1610; x_wconf 68' lang='lat' dir='ltr'>uniuscuiusque,</span> <span class='ocrx_word' id='word_1_514' title='bbox 1765 1569 1845 1600; x_wconf 85' lang='lat' dir='ltr'>sicut</span> 
     </span>
     <span class='ocr_line' id='line_1_80' title="bbox 1075 1623 1845 1663; baseline -0.004 -8"><span class='ocrx_word' id='word_1_515' title='bbox 1075 1625 1148 1656; x_wconf 77' lang='lat' dir='ltr'>dicIt</span> <span class='ocrx_word' id='word_1_516' title='bbox 1163 1624 1371 1663; x_wconf 84' lang='lat' dir='ltr'>Philosophus</span> <span class='ocrx_word' id='word_1_517' title='bbox 1385 1625 1404 1661; x_wconf 82' lang='lat'>¹,</span> <span class='ocrx_word' id='word_1_518' title='bbox 1417 1624 1502 1663; x_wconf 86' lang='lat' dir='ltr'>quod</span> <span class='ocrx_word' id='word_1_519' title='bbox 1513 1623 1764 1662; x_wconf 79' lang='lat' dir='ltr'>unumquodque</span> <span class='ocrx_word' id='word_1_520' title='bbox 1775 1631 1845 1662; x_wconf 89' lang='lat' dir='ltr'>pro-</span> 
     </span>
     <span class='ocr_line' id='line_1_81' title="bbox 1076 1677 1844 1719; baseline -0.004 -10"><span class='ocrx_word' id='word_1_521' title='bbox 1076 1679 1143 1719; x_wconf 82' lang='lat' dir='ltr'>pria</span> <span class='ocrx_word' id='word_1_522' title='bbox 1159 1678 1286 1718; x_wconf 83' lang='lat' dir='ltr'>periodo</span> <span class='ocrx_word' id='word_1_523' title='bbox 1300 1681 1521 1715; x_wconf 68' lang='lat' dir='ltr'>mensuretur,</span> <span class='ocrx_word' id='word_1_524' title='bbox 1539 1686 1611 1717; x_wconf 80' lang='lat' dir='ltr'>quae</span> <span class='ocrx_word' id='word_1_525' title='bbox 1627 1677 1755 1716; x_wconf 88' lang='lat' dir='ltr'>quidem</span> <span class='ocrx_word' id='word_1_526' title='bbox 1770 1684 1844 1706; x_wconf 91' lang='lat' dir='ltr'>cum</span> 
     </span>
     <span class='ocr_line' id='line_1_82' title="bbox 1077 1729 1846 1772; baseline -0.004 -10"><span class='ocrx_word' id='word_1_527' title='bbox 1077 1733 1145 1772; x_wconf 89' lang='lat' dir='ltr'>ipsa</span> <span class='ocrx_word' id='word_1_528' title='bbox 1160 1742 1193 1763; x_wconf 85' lang='lat' dir='ltr'>re</span> <span class='ocrx_word' id='word_1_529' title='bbox 1209 1731 1333 1771; x_wconf 85' lang='lat' dir='ltr'>incipit,</span> <span class='ocrx_word' id='word_1_530' title='bbox 1350 1733 1380 1761; x_wconf 89' lang='lat' dir='ltr'>et</span> <span class='ocrx_word' id='word_1_531' title='bbox 1395 1731 1510 1761; x_wconf 81' lang='lat' dir='ltr'>desinit</span> <span class='ocrx_word' id='word_1_532' title='bbox 1525 1741 1532 1760; x_wconf 78' lang='grc' dir='ltr'>ι</span> <span class='ocrx_word' id='word_1_533' title='bbox 1548 1733 1577 1760; x_wconf 85' lang='lat' dir='ltr'>et</span> <span class='ocrx_word' id='word_1_534' title='bbox 1598 1730 1641 1760; x_wconf 90' lang='lat' dir='ltr'>sic</span> <span class='ocrx_word' id='word_1_535' title='bbox 1656 1732 1731 1760; x_wconf 79' lang='lat' dir='ltr'>sunt</span> <span class='ocrx_word' id='word_1_536' title='bbox 1744 1729 1846 1760; x_wconf 88' lang='lat' dir='ltr'>diver-</span> 
     </span>
     <span class='ocr_line' id='line_1_83' title="bbox 1077 1783 1844 1822; baseline -0.007 -5"><span class='ocrx_word' id='word_1_537' title='bbox 1077 1796 1120 1817; x_wconf 80' lang='lat' dir='ltr'>sae</span> <span class='ocrx_word' id='word_1_538' title='bbox 1150 1794 1309 1817; x_wconf 58' lang='lat' dir='ltr'>mensura}</span> <span class='ocrx_word' id='word_1_539' title='bbox 1333 1785 1560 1822; x_wconf 79' lang='lat' dir='ltr'>discontinuae,</span> <span class='ocrx_word' id='word_1_540' title='bbox 1584 1785 1615 1814; x_wconf 86' lang='lat' dir='ltr'>et</span> <span class='ocrx_word' id='word_1_541' title='bbox 1642 1783 1767 1814; x_wconf 83' lang='lat' dir='ltr'>diversa</span> <span class='ocrx_word' id='word_1_542' title='bbox 1795 1783 1844 1812; x_wconf 93' lang='lat' dir='ltr'>in-</span> 
     </span>
     <span class='ocr_line' id='line_1_84' title="bbox 1077 1836 1845 1878; baseline -0.007 -8"><span class='ocrx_word' id='word_1_543' title='bbox 1077 1840 1191 1870; x_wconf 85' lang='lat' dir='ltr'>stantia</span> <span class='ocrx_word' id='word_1_544' title='bbox 1205 1840 1434 1878; x_wconf 85' lang='lat' dir='ltr'>consequenter</span> <span class='ocrx_word' id='word_1_545' title='bbox 1449 1847 1481 1868; x_wconf 87' lang='lat' dir='ltr'>se</span> <span class='ocrx_word' id='word_1_546' title='bbox 1495 1836 1660 1875; x_wconf 86' lang='lat' dir='ltr'>habentia,</span> <span class='ocrx_word' id='word_1_547' title='bbox 1677 1836 1757 1866; x_wconf 88' lang='lat' dir='ltr'>sicut</span> <span class='ocrx_word' id='word_1_548' title='bbox 1771 1836 1845 1866; x_wconf 86' lang='lat' dir='ltr'>sunt</span> 
     </span>
     <span class='ocr_line' id='line_1_85' title="bbox 1077 1890 1843 1930; baseline -0.008 -6"><span class='ocrx_word' id='word_1_549' title='bbox 1077 1893 1140 1924; x_wconf 87' lang='lat' dir='ltr'>duo</span> <span class='ocrx_word' id='word_1_550' title='bbox 1154 1901 1236 1930; x_wconf 88' lang='lat' dir='ltr'>esse,</span> <span class='ocrx_word' id='word_1_551' title='bbox 1254 1891 1371 1922; x_wconf 83' lang='lat' dir='ltr'>scilicet</span> <span class='ocrx_word' id='word_1_552' title='bbox 1388 1900 1454 1921; x_wconf 79' lang='lat' dir='ltr'>esse</span> <span class='ocrx_word' id='word_1_553' title='bbox 1468 1890 1576 1930; x_wconf 85' lang='lat' dir='ltr'>panis,</span> <span class='ocrx_word' id='word_1_554' title='bbox 1595 1892 1626 1920; x_wconf 86' lang='lat' dir='ltr'>et</span> <span class='ocrx_word' id='word_1_555' title='bbox 1646 1898 1712 1920; x_wconf 88' lang='lat' dir='ltr'>esse</span> <span class='ocrx_word' id='word_1_556' title='bbox 1733 1897 1843 1928; x_wconf 88' lang='lat' dir='ltr'>corpo-</span> 
     </span>
     <span class='ocr_line' id='line_1_86' title="bbox 1078 1942 1847 1984; baseline -0.007 -7"><span class='ocrx_word' id='word_1_557' title='bbox 1078 1947 1131 1977; x_wconf 81' lang='lat' dir='ltr'>ris.</span> <span class='ocrx_word' id='word_1_558' title='bbox 1158 1946 1190 1977; x_wconf 90' lang='lat' dir='ltr'>Si</span> <span class='ocrx_word' id='word_1_559' title='bbox 1214 1948 1323 1976; x_wconf 86' lang='lat' dir='ltr'>autem</span> <span class='ocrx_word' id='word_1_560' title='bbox 1347 1944 1497 1984; x_wconf 85' lang='lat' dir='ltr'>accipitur</span> <span class='ocrx_word' id='word_1_561' title='bbox 1523 1944 1643 1974; x_wconf 84' lang='lat' dir='ltr'>instans</span> <span class='ocrx_word' id='word_1_562' title='bbox 1671 1942 1847 1973; x_wconf 86' lang='lat' dir='ltr'>secundum</span> 
     </span>
     <span class='ocr_line' id='line_1_87' title="bbox 1078 1998 1848 2036; baseline -0.006 -6"><span class='ocrx_word' id='word_1_563' title='bbox 1078 2008 1280 2030; x_wconf 85' lang='lat' dir='ltr'>communem</span> <span class='ocrx_word' id='word_1_564' title='bbox 1310 2006 1494 2028; x_wconf 81' lang='lat' dir='ltr'>mensuram</span> <span class='ocrx_word' id='word_1_565' title='bbox 1513 2020 1519 2033; x_wconf 89' lang='lat'>,</span> <span class='ocrx_word' id='word_1_566' title='bbox 1549 2005 1623 2036; x_wconf 85' lang='lat' dir='ltr'>quae</span> <span class='ocrx_word' id='word_1_567' title='bbox 1650 1998 1696 2026; x_wconf 87' lang='lat' dir='ltr'>est</span> <span class='ocrx_word' id='word_1_568' title='bbox 1722 1998 1848 2034; x_wconf 88' lang='lat' dir='ltr'>tempus</span> 
     </span>
     <span class='ocr_line' id='line_1_88' title="bbox 1077 2049 1849 2088; baseline -0.008 -4"><span class='ocrx_word' id='word_1_569' title='bbox 1077 2053 1263 2084; x_wconf 86' lang='lat' dir='ltr'>continuum</span> <span class='ocrx_word' id='word_1_570' title='bbox 1280 2054 1309 2082; x_wconf 88' lang='lat' dir='ltr'>et</span> <span class='ocrx_word' id='word_1_571' title='bbox 1325 2059 1508 2088; x_wconf 89' lang='lat' dir='ltr'>commune,</span> <span class='ocrx_word' id='word_1_572' title='bbox 1523 2059 1588 2080; x_wconf 90' lang='lat' dir='ltr'>non</span> <span class='ocrx_word' id='word_1_573' title='bbox 1600 2049 1797 2086; x_wconf 88' lang='lat' dir='ltr'>intercisum,</span> <span class='ocrx_word' id='word_1_574' title='bbox 1812 2050 1849 2078; x_wconf 83' lang='lat' dir='ltr'>ut</span> 
     </span>
     <span class='ocr_line' id='line_1_89' title="bbox 1077 2101 1846 2143; baseline -0.007 -6"><span class='ocrx_word' id='word_1_575' title='bbox 1077 2108 1122 2137; x_wconf 86' lang='lat' dir='ltr'>est</span> <span class='ocrx_word' id='word_1_576' title='bbox 1136 2113 1286 2136; x_wconf 89' lang='lat' dir='ltr'>mensura</span> <span class='ocrx_word' id='word_1_577' title='bbox 1302 2106 1406 2134; x_wconf 88' lang='lat' dir='ltr'>motus</span> <span class='ocrx_word' id='word_1_578' title='bbox 1421 2104 1516 2143; x_wconf 89' lang='lat' dir='ltr'>primi</span> <span class='ocrx_word' id='word_1_579' title='bbox 1533 2102 1668 2140; x_wconf 85' lang='lat' dir='ltr'>mobilis,</span> <span class='ocrx_word' id='word_1_580' title='bbox 1685 2101 1738 2133; x_wconf 88' lang='lat' dir='ltr'>vel</span> <span class='ocrx_word' id='word_1_581' title='bbox 1751 2103 1846 2133; x_wconf 85' lang='lat' dir='ltr'>etiam</span> 
     </span>
     <span class='ocr_line' id='line_1_90' title="bbox 1077 2155 1847 2198; baseline -0.006 -8"><span class='ocrx_word' id='word_1_582' title='bbox 1077 2161 1112 2190; x_wconf 91' lang='lat' dir='ltr'>ut</span> <span class='ocrx_word' id='word_1_583' title='bbox 1133 2161 1257 2198; x_wconf 86' lang='lat' dir='ltr'>tempus</span> <span class='ocrx_word' id='word_1_584' title='bbox 1278 2157 1512 2188; x_wconf 86' lang='lat' dir='ltr'>consideratum</span> <span class='ocrx_word' id='word_1_585' title='bbox 1536 2155 1571 2195; x_wconf 79' lang='lat' dir='ltr'>(b)</span> <span class='ocrx_word' id='word_1_586' title='bbox 1595 2155 1769 2186; x_wconf 82' lang='lat' dir='ltr'>secundum</span> <span class='ocrx_word' id='word_1_587' title='bbox 1795 2163 1847 2185; x_wconf 90' lang='lat' dir='ltr'>es-</span> 
     </span>
     <span class='ocr_line' id='line_1_91' title="bbox 1077 2207 1846 2248; baseline -0.007 -5"><span class='ocrx_word' id='word_1_588' title='bbox 1077 2212 1226 2248; x_wconf 81' lang='lat' dir='ltr'>sentiam,</span> <span class='ocrx_word' id='word_1_589' title='bbox 1241 2220 1304 2242; x_wconf 88' lang='lat' dir='ltr'>non</span> <span class='ocrx_word' id='word_1_590' title='bbox 1314 2209 1490 2240; x_wconf 87' lang='lat' dir='ltr'>secundum</span> <span class='ocrx_word' id='word_1_591' title='bbox 1504 2218 1587 2246; x_wconf 85' lang='lat' dir='ltr'>esse,</span> <span class='ocrx_word' id='word_1_592' title='bbox 1605 2211 1680 2238; x_wconf 88' lang='lat' dir='ltr'>tnnc</span> <span class='ocrx_word' id='word_1_593' title='bbox 1694 2207 1846 2247; x_wconf 85' lang='lat' dir='ltr'>accipitur</span> 
     </span>
     <span class='ocr_line' id='line_1_92' title="bbox 1076 2262 1845 2296; baseline -0.005 -1"><span class='ocrx_word' id='word_1_594' title='bbox 1076 2264 1321 2296; x_wconf 85' lang='lat' dir='ltr'>determinatum</span> <span class='ocrx_word' id='word_1_595' title='bbox 1350 2263 1474 2293; x_wconf 85' lang='lat' dir='ltr'>instans</span> <span class='ocrx_word' id='word_1_596' title='bbox 1502 2265 1675 2292; x_wconf 81' lang='lat' dir='ltr'>secundum</span> <span class='ocrx_word' id='word_1_597' title='bbox 1702 2262 1845 2292; x_wconf 86' lang='lat' dir='ltr'>nostram</span> 
     </span>
     <span class='ocr_line' id='line_1_93' title="bbox 1076 2314 1846 2357; baseline -0.009 -8"><span class='ocrx_word' id='word_1_598' title='bbox 1076 2317 1299 2357; x_wconf 85' lang='lat' dir='ltr'>signationem.</span> <span class='ocrx_word' id='word_1_599' title='bbox 1324 2316 1475 2355; x_wconf 86' lang='lat' dir='ltr'>Signetur</span> <span class='ocrx_word' id='word_1_600' title='bbox 1499 2324 1579 2353; x_wconf 79' lang='lat' dir='ltr'>ergo</span> <span class='ocrx_word' id='word_1_601' title='bbox 1605 2323 1707 2345; x_wconf 87' lang='lat' dir='ltr'>unum</span> <span class='ocrx_word' id='word_1_602' title='bbox 1727 2314 1846 2343; x_wconf 87' lang='lat' dir='ltr'>instans</span> 
     </span>
     <span class='ocr_line' id='line_1_94' title="bbox 1075 2366 1844 2410; baseline -0.009 -8"><span class='ocrx_word' id='word_1_603' title='bbox 1075 2372 1107 2402; x_wconf 88' lang='lat' dir='ltr'>in</span> <span class='ocrx_word' id='word_1_604' title='bbox 1123 2374 1281 2410; x_wconf 83' lang='lat' dir='ltr'>tempore,</span> <span class='ocrx_word' id='word_1_605' title='bbox 1297 2370 1329 2400; x_wconf 92' lang='lat' dir='ltr'>in</span> <span class='ocrx_word' id='word_1_606' title='bbox 1345 2378 1408 2409; x_wconf 88' lang='lat' dir='ltr'>quo</span> <span class='ocrx_word' id='word_1_607' title='bbox 1424 2368 1536 2399; x_wconf 90' lang='lat' dir='ltr'>ultimo</span> <span class='ocrx_word' id='word_1_608' title='bbox 1552 2369 1599 2398; x_wconf 87' lang='lat' dir='ltr'>est</span> <span class='ocrx_word' id='word_1_609' title='bbox 1612 2367 1722 2408; x_wconf 88' lang='lat' dir='ltr'>panis:</span> <span class='ocrx_word' id='word_1_610' title='bbox 1738 2366 1844 2404; x_wconf 79' lang='lat' dir='ltr'>signe-</span> 
     </span>
     <span class='ocr_line' id='line_1_95' title="bbox 1075 2420 1845 2460; baseline -0.013 -4"><span class='ocrx_word' id='word_1_611' title='bbox 1075 2427 1129 2455; x_wconf 90' lang='lat' dir='ltr'>tur</span> <span class='ocrx_word' id='word_1_612' title='bbox 1147 2427 1179 2455; x_wconf 91' lang='lat' dir='ltr'>et</span> <span class='ocrx_word' id='word_1_613' title='bbox 1201 2423 1286 2454; x_wconf 83' lang='lat' dir='ltr'>alind</span> <span class='ocrx_word' id='word_1_614' title='bbox 1308 2423 1443 2459; x_wconf 86' lang='lat' dir='ltr'>instans,</span> <span class='ocrx_word' id='word_1_615' title='bbox 1462 2421 1495 2451; x_wconf 90' lang='grc'>10</span> <span class='ocrx_word' id='word_1_616' title='bbox 1516 2430 1578 2460; x_wconf 89' lang='lat' dir='ltr'>quo</span> <span class='ocrx_word' id='word_1_617' title='bbox 1594 2420 1697 2460; x_wconf 90' lang='lat' dir='ltr'>primo</span> <span class='ocrx_word' id='word_1_618' title='bbox 1712 2421 1756 2448; x_wconf 78' lang='lat' dir='ltr'>est</span> <span class='ocrx_word' id='word_1_619' title='bbox 1772 2426 1845 2447; x_wconf 83' lang='lat' dir='ltr'>cor-</span> 
     </span>
     <span class='ocr_line' id='line_1_96' title="bbox 1076 2471 1845 2517; baseline -0.009 -9"><span class='ocrx_word' id='word_1_620' title='bbox 1076 2487 1135 2517; x_wconf 88' lang='lat' dir='ltr'>pus</span> <span class='ocrx_word' id='word_1_621' title='bbox 1152 2476 1265 2508; x_wconf 81' lang='lat' dir='ltr'>Christi</span> <span class='ocrx_word' id='word_1_622' title='bbox 1281 2484 1361 2514; x_wconf 82' lang='lat' dir='ltr'>:ego</span> <span class='ocrx_word' id='word_1_623' title='bbox 1379 2475 1464 2511; x_wconf 87' lang='lat' dir='ltr'>dico,</span> <span class='ocrx_word' id='word_1_624' title='bbox 1483 2473 1566 2513; x_wconf 86' lang='lat' dir='ltr'>quod</span> <span class='ocrx_word' id='word_1_625' title='bbox 1581 2481 1644 2503; x_wconf 89' lang='lat' dir='ltr'>non</span> <span class='ocrx_word' id='word_1_626' title='bbox 1657 2472 1703 2500; x_wconf 73' lang='lat' dir='ltr'>est</span> <span class='ocrx_word' id='word_1_627' title='bbox 1718 2471 1845 2509; x_wconf 83' lang='lat' dir='ltr'>signare</span> 
     </span>
     <span class='ocr_line' id='line_1_97' title="bbox 1075 2523 1844 2566; baseline -0.01 -5"><span class='ocrx_word' id='word_1_628' title='bbox 1075 2531 1138 2560; x_wconf 88' lang='grc'><strong>(100</strong></span> <span class='ocrx_word' id='word_1_629' title='bbox 1160 2529 1310 2560; x_wconf 61' lang='lat' dir='ltr'>instantia</span> <span class='ocrx_word' id='word_1_630' title='bbox 1333 2528 1562 2566; x_wconf 86' lang='lat' dir='ltr'>consequenter</span> <span class='ocrx_word' id='word_1_631' title='bbox 1582 2533 1615 2554; x_wconf 86' lang='lat' dir='ltr'>se</span> <span class='ocrx_word' id='word_1_632' title='bbox 1638 2523 1788 2554; x_wconf 85' lang='lat' dir='ltr'>habentia</span> <span class='ocrx_word' id='word_1_633' title='bbox 1811 2523 1844 2554; x_wconf 90' lang='lat' dir='ltr'>in</span> 
     </span>
     <span class='ocr_line' id='line_1_98' title="bbox 1075 2577 1844 2621; baseline -0.01 -6"><span class='ocrx_word' id='word_1_634' title='bbox 1075 2585 1225 2615; x_wconf 89' lang='lat' dir='ltr'>contiuuo</span> <span class='ocrx_word' id='word_1_635' title='bbox 1242 2607 1250 2621; x_wconf 87' lang='lat'><em>,</em></span> <span class='ocrx_word' id='word_1_636' title='bbox 1277 2584 1424 2613; x_wconf 83' lang='lat' dir='ltr'>manente</span> <span class='ocrx_word' id='word_1_637' title='bbox 1445 2579 1594 2611; x_wconf 89' lang='lat' dir='ltr'>continuo</span> <span class='ocrx_word' id='word_1_638' title='bbox 1615 2588 1622 2607; x_wconf 90' lang='lat'>:</span> <span class='ocrx_word' id='word_1_639' title='bbox 1649 2577 1732 2608; x_wconf 84' lang='lat' dir='ltr'>unde</span> <span class='ocrx_word' id='word_1_640' title='bbox 1760 2577 1844 2616; x_wconf 89' lang='lat' dir='ltr'>quod</span> 
     </span>
    </p>
   </div>
   <div class='ocr_carea' id='block_1_17' title="bbox 1109 2638 1805 2677">
    <p class='ocr_par' dir='ltr' id='par_1_17' title="bbox 1109 2638 1805 2677">
     <span class='ocr_line' id='line_1_99' title="bbox 1109 2638 1805 2677; baseline -0.013 -7"><span class='ocrx_word' id='word_1_641' title='bbox 1109 2646 1142 2677; x_wconf 84' lang='grc' dir='ltr'>((ι)</span> <span class='ocrx_word' id='word_1_642' title='bbox 1157 2646 1217 2670; x_wconf 69' lang='grc' dir='ltr'>(ἀι.</span> <span class='ocrx_word' id='word_1_643' title='bbox 1229 2645 1289 2668; x_wconf 80' lang='lat' dir='ltr'>edil.</span> <span class='ocrx_word' id='word_1_644' title='bbox 1302 2650 1360 2668; x_wconf 84' lang='lat' dir='ltr'>uno.</span> <span class='ocrx_word' id='word_1_645' title='bbox 1375 2656 1402 2661; x_wconf 81' lang='lat'>-</span> <span class='ocrx_word' id='word_1_646' title='bbox 1421 2642 1452 2672; x_wconf 81' lang='lat' dir='ltr'>(b)</span> <span class='ocrx_word' id='word_1_647' title='bbox 1470 2641 1529 2665; x_wconf 80' lang='lat' dir='ltr'>Coet.</span> <span class='ocrx_word' id='word_1_648' title='bbox 1544 2639 1604 2663; x_wconf 75' lang='lat' dir='ltr'>edit.</span> <span class='ocrx_word' id='word_1_649' title='bbox 1620 2638 1805 2666; x_wconf 77' lang='lat' dir='ltr'>consideretur.</span> 
     </span>
    </p>
   </div>
  </div>
 </body>
</html>
