2017 2948
145 2357 247 2377 Fundam.

263 140 320 170 608

261 213 314 237 sas
323 205 469 237 excidere
482 216 493 238 .·
504 214 568 237 non
579 207 665 238 enim
677 209 779 247 potest
792 216 848 247 pro
861 206 954 246 culpa
966 215 1030 237 me-

261 258 323 289 lius
344 260 477 291 emenda
499 260 585 295 fieri,
612 269 708 300 quam
730 270 767 290 ea
785 270 803 290 a
824 270 856 290 se
875 259 981 290 dolore
1001 261 1031 289 et

264 321 355 351 poena
392 314 588 352 praecidendo
624 322 788 344 removere
802 337 810 349 ,
849 321 921 352 qua]
957 321 1029 342 cum

261 374 368 395 amore
392 367 554 406 sequendo
579 366 780 406 perpetravit.
806 366 966 403 Quantum
991 366 1029 396 ad

260 418 390 449 firmum
407 421 603 460 propositum
619 420 655 450 de
671 421 777 449 futuro
798 419 870 449 (licit
884 432 890 450 z
908 419 947 451 Ec
963 427 1032 459 suy-

259 473 453 510 ,cessionibus
469 474 596 505 aditum
614 481 677 504 ηοη
693 472 870 512 ἰἠιίιιιῃω·σ.

305 529 333 556 ¹.
352 526 385 557 iit
405 537 459 567 prr
473 529 531 557 hoc
548 529 629 566 patet
645 526 806 565 responsio
819 526 856 555 ad
873 526 1032 565 objectum

260 583 377 622 primo,
395 582 468 621 quia
485 590 547 611 non
563 583 608 610 est
624 580 775 619 nugatiffi
793 583 823 610 ct
841 580 938 617 ultra,
960 588 1032 618 quae

259 636 298 665 sit
315 634 489 665 differentia
511 634 752 669 diffinitionum,
773 633 848 672 quia
865 633 931 662 haec
948 632 1030 662 diffi-

259 688 336 718 niiio
351 688 455 725 tangit
470 696 629 717 recessum
644 697 663 716 a
679 686 760 716 malo
774 695 781 721 3
801 686 859 716 ista
873 685 1031 723 Anselmi,

260 750 420 772 accessum
436 742 474 771 ad
491 742 622 771 bonum.

299 797 327 825 2.
347 795 393 825 Ad
410 794 485 824 illud
504 794 586 833 quod
609 793 756 831 objicitur
774 792 926 830 secundo,
948 792 1033 831 quod

260 850 357 878 totam
371 848 466 878 habet
478 847 632 877 rationem
643 846 876 883 satisfactionis,
893 854 966 885 quae
980 854 1034 885 po-

261 903 318 931 test
332 910 350 930 a
367 902 491 939 peccato
508 908 629 930 cessare
643 923 650 935 ,
664 898 835 929 dicendum
854 898 938 937 quod
960 907 1031 937 pec·

260 957 404 985 catorum
416 963 524 984 causas
539 953 683 983 excidere
698 951 863 991 dupliciter
876 954 922 981 est
941 962 947 981 :
963 960 1033 990 ,uno

261 1008 371 1045 modo,
388 1016 443 1047 per
459 1006 698 1037 declinationem
714 1005 829 1041 solam;
847 1004 908 1035 alio
923 1005 1032 1042 modo,

261 1070 317 1100 por
333 1069 477 1100 pugnam
493 1062 523 1090 et
538 1059 734 1089 violentiam.
753 1058 858 1089 Primo
874 1058 967 1088 modo
982 1067 1034 1097 op-

260 1114 365 1153 ponit;
393 1113 532 1143 secundo
558 1112 651 1142 niodo
679 1111 791 1150 accipIt
815 1111 864 1141 hic
891 1110 1033 1142 excidere

260 1174 373 1198 causas
389 1169 588 1206 peccalorum
602 1174 657 1204 per
674 1164 870 1204 poenalitates
887 1172 1034 1202 assump-

260 1223 324 1257 taS,
345 1222 375 1250 et
390 1219 581 1254 contrarias,
607 1227 661 1256 per
683 1226 762 1256 quas
780 1216 934 1247 violenter
951 1216 1034 1246 exci-

261 1274 392 1304 duntur.

302 1327 383 1359 3.Ad
398 1327 475 1357 illud
484 1326 568 1366 quod
582 1325 740 1364 objicitur,
759 1324 844 1364 quod
855 1324 936 1355 Deus
948 1324 1034 1355 solus

262 1381 394 1418 excidit,
412 1379 580 1410 dicendum
594 1378 679 1418 quod
693 1379 739 1407 est
754 1377 870 1408 excisio
886 1377 1034 1416 quzedam

264 1442 319 1472 per
334 1432 488 1463 cautelam
504 1434 534 1461 et
554 1431 821 1470 przcventionem3
844 1432 874 1460 el
888 1432 933 1460 est
949 1429 1033 1460 exci-

265 1486 310 1516 sio
330 1495 385 1525 per
406 1485 636 1516 absolutionem
656 1492 759 1514 causae
776 1484 807 1512 in
823 1483 937 1513 effectu
952 1493 958 1512 ε
974 1482 1035 1522 pri-

264 1548 317 1568 ma
332 1540 432 1577 potest
445 1537 512 1567 fieri
528 1537 567 1567 ab
588 1536 734 1573 homine3
753 1536 889 1566 secunda
909 1535 1034 1565 nonnisi

261 1600 279 1621 a
294 1591 364 1621 Deo.

302 1644 333 1673 [ι.
350 1644 397 1673 Ad
413 1643 489 1673 illud
503 1642 587 1682 quod
598 1641 758 1680 objicitur,
772 1641 854 1680 quod
870 1644 1033 1680 peccatum

261 1696 428 1727 nonhabet
438 1704 576 1732 causam,
594 1696 667 1731 etc„
683 1694 852 1724 dicendum
866 1694 950 1733 quod
963 1703 1034 1724 cau-

262 1759 313 1780 sas
329 1750 380 1780 hic
397 1752 486 1780 vocat
500 1748 679 1779 occasiones
701 1759 707 1778 z
733 1747 910 1777 occasiones
928 1749 1035 1777 autem

262 1803 400 1843 duplices
416 1806 489 1833 sunt
505 1813 511 1832 :
529 1801 678 1841 quaedam
701 1801 874 1841 proximae,
891 1804 926 1831 ut
946 1809 1035 1831 coena

262 1856 425 1896 splendida
439 1858 485 1886 est
500 1855 620 1885 occasio
637 1854 811 1891 edacitatis3
826 1854 973 1893 quaedam
989 1862 1035 1884 re-

264 1913 372 1947 motae,
398 1912 435 1939 ut
455 1908 600 1940 invitatio
625 1908 663 1937 ad
692 1908 808 1938 bonam
835 1916 969 1938 coenam.
997 1907 1035 1938 Et

262 1964 319 2003 qui
335 1964 414 1994 bene
430 1963 499 1993 vult
513 1962 690 1993 satisfacere
702 1986 711 1999 ,
728 1971 854 1992 necesse
869 1962 964 1992 habet
979 1970 1032 1992 oc-

263 2018 402 2047 casiones
418 2016 612 2055 propinquas
627 2015 788 2052 excidere,
811 2017 842 2045 et
866 2015 944 2045 tales
959 2017 1033 2045 sunt

263 2070 296 2100 in
312 2072 418 2100 nostra
433 2071 600 2108 potestate,
618 2070 748 2099 remotae
762 2070 869 2098 autem
883 2077 958 2099 non.

535 2174 711 2212 QUAESHO
735 2174 771 2204 ll.

392 2259 434 2284 Au
450 2256 604 2288 satisfactio
624 2256 659 2281 sic
678 2254 804 2287 facienda
823 2255 874 2282 Deo
890 2254 907 2280 ¹.

305 2337 360 2368 Cui
376 2336 415 2366 sit
428 2334 594 2366 satisfactio
613 2334 771 2370 facienda3
797 2337 827 2364 et
848 2334 931 2374 quod
950 2334 1013 2366 Deo
1025 2359 1032 2372 ,

264 2392 400 2423 w'delur.
419 2389 588 2420 Anselmus
602 2387 645 2417 ita
660 2387 775 2417 diffinit
795 2389 982 2426 satisfacere
996 2389 1006 2404 ²
1024 2399 1030 2419 ε

297 2473 302 2485 ¹
315 2471 354 2501 Cf.
367 2470 437 2494 Alex.
453 2469 548 2498 Alens„
563 2475 588 2498 p.
606 2467 648 2497 Ν,
661 2474 686 2497 (1.
701 2472 772 2496 xxlv.
783 2467 891 2491 membr.
907 2468 957 2498 3‚§
973 2468 1033 2492 Con-

263 2508 390 2537 sequenter
406 2506 434 2534 2;
456 2505 481 2529 S.
499 2504 600 2532 Tuom,
616 2502 641 2525 iu
668 2501 805 2532 supplem„
824 2509 848 2532 p.
873 2504 914 2533 ill,
935 2512 960 2534 q.
975 2510 1033 2533 xm,

264 2545 309 2565 art.
332 2545 356 2571 i;
372 2543 397 2565 et
417 2540 447 2563 lV
467 2540 546 2564 Seni..
562 2538 619 2561 dist.
642 2543 684 2567 xv,
705 2544 731 2567 q.
752 2544 769 2566 ι,
789 2540 835 2561 art.
855 2540 882 2568 2;
903 2539 1031 2569 Richard„

266 2578 296 2601 lv
307 2578 385 2606 Seni„
396 2577 454 2599 dist.
464 2581 508 2604 XV,
519 2581 543 2605 q.
557 2580 589 2604 115
602 2573 691 2596 Thom.
705 2576 775 2604 Arg„
789 2574 818 2597 iv
831 2575 909 2605 Sunt„
921 2575 976 2598 dist.
989 2581 1032 2604 xv,

264 2619 289 2643 q.
307 2619 324 2642 1,
335 2614 382 2636 art.
400 2613 427 2640 15
443 2609 529 2640 Steph.
549 2608 654 2638 Brulet„
669 2608 700 2632 iv
714 2608 791 2639 sent„
807 2608 864 2633 dist.
880 2615 922 2639 xv,
934 2616 959 2640 q.
976 2615 1031 2634 vui.

820 137 1041 170 SENTENTIA
1049 138 1129 169 RUM
1152 139 1227 170 LIB.
1251 138 1301 170 lv.

1089 217 1103 234 n
1118 207 1302 238 satisfacere
1319 208 1367 238 est
1382 207 1535 238 honorem
1548 206 1689 238 debitum
1708 206 1770 240 Deo
1791 208 1859 239 im-

1086 260 1221 299 pendere
1238 260 1269 300 :ju
1294 260 1346 291 sed
1361 260 1389 290 ei
1405 260 1515 290 satisfit
1529 259 1741 300 impendendo
1754 260 1860 292 hono-

1086 322 1171 351 rem,
1192 313 1244 343 cui
1260 313 1413 344 honorem
1434 311 1647 353 impendimus
1664 324 1670 344 z
1687 322 1760 344 cum
1778 322 1858 353 ergo

1087 366 1239 397 honorem
1259 367 1480 407 impendamus
1495 366 1557 397 Deo
1569 391 1576 399 ,
1605 365 1859 397 satisfaciendum

1087 422 1133 449 est
1151 420 1222 450 Deo.

1128 472 1205 502 Item
1222 472 1266 502 illi
1282 472 1316 502 fit
1333 472 1518 509 satisfactio,
1535 472 1590 512 qui
1612 472 1713 511 exigit
1734 480 1860 512 poenam

1087 527 1117 555 et
1132 526 1298 555 emendam
1317 536 1321 555 :
1341 526 1393 556 sed
1410 526 1467 556 iste
1488 525 1543 565 qui
1567 526 1669 565 exigit
1690 534 1817 565 poeuam
1843 534 1863 556 a

1088 583 1265 618 peccatore,
1281 579 1361 609 Deus
1374 582 1430 609 est.
1447 579 1619 618 Gregorius
1634 590 1640 610 z
1661 590 1675 608 α
1687 581 1751 610 Aut
1765 579 1862 610 homo

1089 634 1196 673 punit,
1215 637 1270 664 aut
1295 633 1386 665 Deus.
1402 645 1416 662 ι)
1436 634 1520 673 Ergo
1535 634 1704 665 satisfactio
1718 634 1754 664 fit
1767 633 1840 665 Deo.

1130 687 1206 717 ltem
1230 687 1304 717 huic
1324 688 1359 717 iit
1381 687 1550 718 satisfactio
1565 709 1574 723 ,
1597 687 1649 717 cui
1674 687 1863 726 inJuriatum

1088 743 1134 770 est
1151 749 1208 779 per
1222 740 1348 779 culpam
1369 751 1374 770 :
1389 740 1442 770 sed
1458 740 1510 770 hic
1524 742 1574 770 est
1590 740 1669 771 Deus
1681 764 1689 778 ,
1706 740 1781 780 quia
1795 748 1863 779 pec-

1088 796 1196 824 catum
1211 796 1274 830 est,
1293 797 1397 833 spreto
1412 794 1663 824 incommutabili
1683 794 1767 825 bono
1777 817 1787 832 ,
1810 802 1861 824 re-

1090 847 1150 876 bus
1167 847 1448 878 commutabilibus
1468 847 1630 878 adhaerere
1647 857 1654 878 :
1670 856 1748 887 crgo
1771 847 1864 878 satis-

1091 899 1186 929 factio
1201 900 1328 939 proprie
1345 900 1380 930 fit
1392 900 1451 939 ipsi
1467 899 1540 930 Deo.

1132 953 1211 984 item
1228 954 1342 984 Christi
1359 953 1526 984 satisfactio
1544 953 1604 984 fuit
1622 952 1786 992 exemplar
1804 961 1861 984 no·

1089 1009 1163 1037 strae
1202 1006 1421 1037 satisfactionis
1436 1018 1443 1044 3
1478 1009 1508 1037 et
1543 1006 1615 1037 inde
1642 1015 1706 1036 non
1738 1008 1863 1037 tantum

1090 1069 1182 1090 exem
1186 1061 1275 1100 plum
1284 1060 1432 1097 trahitur,
1444 1059 1497 1090 sed
1508 1060 1604 1090 etiam
1619 1059 1863 1090 fundamentum

1088 1115 1204 1143 nostrae
1218 1113 1438 1143 satisfactionis
1454 1124 1460 1142 :
1479 1113 1532 1143 sed
1548 1113 1688 1143 Christus
1713 1113 1863 1143 satisfecit

1090 1166 1195 1204 Patri,
1217 1167 1292 1206 (guia
1313 1166 1409 1197 semel
1431 1167 1571 1206 seipsum
1591 1166 1706 1197 obtulit
1729 1166 1863 1197 oblatio·

1089 1229 1163 1250 nem
1178 1222 1209 1250 et
1226 1220 1361 1250 hostiam
1376 1219 1438 1250 Deo
1455 1230 1461 1250 :
1478 1228 1558 1258 ergo
1570 1222 1679 1250 nostra
1692 1219 1859 1250 satisfactio

1089 1275 1233 1305 similiter
1248 1277 1294 1305 est
1310 1274 1371 1305 Deo
1386 1274 1538 1305 iacienda.

1130 1328 1223 1365 Item,
1240 1328 1265 1358 si
1280 1327 1446 1358 satisfactio
1470 1336 1535 1358 non
1559 1328 1650 1358 fieret
1672 1327 1733 1358 nisi
1756 1326 1861 1358 Eccle-

1089 1381 1156 1418 siae,
1171 1381 1296 1412 videtur
1306 1381 1390 1421 quod
1402 1390 1475 1412 cum
1491 1382 1634 1420 peccator
1644 1380 1745 1411 exiret
1757 1380 1863 1411 forum

1090 1434 1252 1472 Ecclesiae,
1267 1444 1330 1465 non
1344 1437 1503 1465 teneretur
1516 1434 1555 1464 ad
1564 1443 1691 1474 poenam
1702 1434 1841 1474 aliquam
1854 1444 1861 1464 ε

1089 1496 1167 1526 ergo
1189 1496 1300 1518 omnes
1324 1487 1486 1518 evolarent
1509 1498 1515 1517 ι
1539 1496 1618 1525 ergo
1642 1487 1757 1518 frustra
1782 1487 1864 1517 fiunt

1090 1541 1244 1579 sumagia
1255 1540 1412 1577 Ecclesiae,
1424 1543 1454 1570 et
1466 1542 1573 1571 errant
1583 1540 1637 1580 qui
1655 1541 1778 1580 ponunt
1792 1548 1863 1579 poe-

1090 1603 1164 1623 nam
1180 1594 1399 1632 purgatoriam
1417 1604 1423 1622 z
1442 1593 1494 1624 sed
1510 1594 1570 1624 hoc
1588 1593 1626 1632 (ιι)
1641 1596 1687 1623 est
1700 1595 1810 1624 eontra
1824 1593 1862 1623 fi—

1089 1646 1161 1676 dem
1179 1656 1185 1676 :
1203 1655 1298 1684 crgo,
1315 1648 1372 1675 etc.

1131 1699 1224 1736 Item,
1250 1699 1275 1728 si
1296 1698 1377 1729 Deus
1399 1698 1577 1737 peccatori,
1601 1698 1864 1738 quotiescumque

1086 1752 1326 1791 justificaretur,
1343 1753 1446 1781 totum
1458 1751 1661 1789 condonaret,
1678 1751 1799 1782 malum
1815 1760 1864 1782 re-

1091 1808 1233 1836 maneret
1258 1804 1414 1840 multum‚
1441 1807 1471 1835 et
1490 1805 1618 1835 daretur
1632 1805 1804 1844 unicuique
1822 1804 1861 1835 li-

1092 1859 1194 1889 bertas
1209 1859 1387 1897 transgredi
1407 1861 1515 1889 contra
1535 1858 1635 1888 Deum
1654 1857 1860 1897 simpliciter:

1090 1916 1120 1943 et
1134 1913 1194 1943 hoc
1209 1915 1254 1943 est
1276 1913 1520 1949 inconveniens,
1545 1912 1621 1952 quia
1641 1912 1668 1943 si
1688 1912 1765 1950 hoc,
1788 1912 1861 1943 uui-

1091 1976 1218 1998 versum
1234 1967 1323 1996 fieret
1337 1966 1552 1996 inordinatum
1569 1976 1576 1995 ε
1593 1974 1671 2004 ergo
1682 1989 1692 2003 ,
1708 1967 1767 1996 etc.

1131 2021 1244 2050 Contra
1255 2030 1261 2049 :
1275 2022 1287 2049 1
1296 2043 1302 2049 .
1316 2018 1598 2057 Pei-Augustinum
1607 2021 1628 2056 ³,
1636 2021 1666 2049 et
1674 2018 1862 2058 Magistrum

1091 2074 1123 2104 in
1135 2074 1238 2104 littera
1255 2084 1261 2103 z
1282 2085 1295 2101 u
1321 2072 1514 2103 infidelitatis
1527 2072 1672 2112 impietas
1687 2074 1734 2103 est
1747 2072 1787 2102 ab
1802 2080 1840 2103 eo
1851 2096 1859 2110 ,

1090 2127 1145 2166 qui
1164 2127 1269 2166 justus
1284 2128 1329 2156 est
1344 2128 1374 2155 et
1393 2125 1532 2164 Justitia,
1553 2125 1716 2156 dimidiam
1736 2134 1862 2166 sperare

1090 2180 1228 2210 veniam.
1245 2190 1258 2206 u
1286 2178 1346 2208 Sed
1361 2178 1386 2208 si
1406 2178 1465 2208 hoc
1481 2180 1526 2208 est
1548 2186 1718 2209 erroneum
1742 2178 1859 2216 dicere,

1089 2233 1174 2273 quod
1200 2232 1362 2263 dimidiam
1386 2231 1514 2261 veniam
1533 2231 1648 2270 donet;
1673 2240 1752 2271 ergo
1766 2232 1793 2262 si
1816 2231 1862 2263 di-

1091 2287 1204 2324 mittit,
1231 2288 1333 2316 totum
1359 2285 1516 2315 condonat
1539 2296 1546 2316 :
1572 2294 1652 2324 ergo
1678 2294 1805 2325 poenam
1830 2286 1861 2315 et

1089 2339 1214 2379 culpam
1230 2349 1236 2368 :
1254 2348 1332 2376 ergo
1347 2338 1411 2377 ipse
1428 2338 1564 2377 amplius
1584 2347 1649 2368 non
1664 2338 1782 2377 exigit,
1802 2346 1859 2368 nec

1089 2394 1212 2432 oportet
1225 2392 1253 2422 ei
1269 2391 1444 2422 satisfacere
1462 2402 1468 2421 z
1485 2400 1565 2429 ergo
1579 2391 1637 2421 soli
1652 2390 1809 2422 Ecclesiae.

1090 2504 1117 2508 -
1131 2490 1141 2505 ³
1152 2490 1275 2519 Auselm.,
1289 2490 1339 2513 Car·
1354 2490 1417 2512 Deus
1432 2488 1507 2518 hom„
1526 2488 1568 2512 lib.
1587 2489 1606 2516 l,
1621 2495 1643 2512 c.
1663 2494 1700 2518 xi,
1712 2493 1757 2512 :ux
1776 2489 1801 2511 et
1815 2494 1857 2512 xx.

1089 2538 1119 2543 —
1131 2526 1140 2542 ³
1153 2527 1205 2550 imo
1219 2528 1295 2555 auct.,
1311 2525 1422 2556 quisquis
1436 2525 1475 2555 sit,
1488 2525 1531 2549 lib.
1544 2524 1573 2548 <Ie
1584 2531 1633 2548 ver.
1648 2525 1672 2548 et
1683 2523 1744 2554 fals,
1758 2524 1857 2555 Poem‘t.,

1090 2568 1112 2584 e.
1130 2567 1165 2584 ix.

1121 2611 1152 2641 (a)
1170 2610 1239 2634 Edit.
1260 2609 1314 2634 Veri.
1331 2609 1380 2634 hoc
1394 2615 1447 2632 uon
1460 2610 1509 2632 est.

1879 2030 1913 2051 Ad
1931 2035 1984 2058 opp·
