2017 2948
255 112 314 140 400

256 177 322 206 sive
334 175 465 206 medum
474 175 630 213 sumendi,
642 175 686 205 ihi
701 185 707 205 z
723 175 785 206 Hoc
795 177 1025 204 sacramentum

256 232 384 261 tamum
398 237 418 260 a
428 228 553 267 jejunis
563 253 571 267 ,
584 230 642 259 010.

587 324 652 343 DUB.
678 323 699 342 1.

399 382 447 406 Pro
465 381 582 405 scandalo
601 379 712 403 sedando
730 377 817 408 semel,
833 379 882 401 etc.

295 444 426 475 Videtur
448 445 501 475 illa
527 443 687 473 concessio
711 441 876 480 Gregorii,
899 440 938 471 de
963 449 1027 480 qua

255 498 370 530 dicitur
380 498 413 528 in
428 498 491 528 fine
506 496 636 533 notulae,
648 504 714 526 non
728 495 826 525 fuisse
843 495 937 531 recta,
951 493 1028 532 qnia

255 551 439 582 scandalum
460 551 498 581 de
514 549 645 580 veritate
669 549 760 586 vitae,
783 547 833 578 vel
854 546 1024 583 doctrinae,

256 604 335 634 nihil
350 604 498 634 immutat
515 613 521 632 ε
541 603 567 633 51
582 611 660 641 ergo
680 602 766 632 solus
782 601 950 641 episcopus
965 609 1025 640 po-

255 660 313 688 test
329 658 518 688 confirmare
529 681 536 693 ,
553 656 678 686 videtur
693 655 776 695 quod
791 656 919 694 propter
934 663 1024 684 scan-

254 710 361 741 dalum
376 720 441 740 11011
453 710 562 740 debuit
578 708 654 739 illud
669 708 862 748 permittere.

295 763 386 803 Resp.
404 763 578 793 Dicendum
598 762 683 802 quod
707 761 854 801 quamvis
881 761 1027 792 sacerdos

255 825 318 847 non
339 816 435 856 possit
459 816 587 856 propria
608 815 810 851 auctoritate,
837 816 944 845 tamen
969 822 1027 853 pro

255 879 350 900 causa
372 869 549 900 necessaria
572 877 718 899 summus
733 868 896 905 Pontifex,
914 867 947 896 in
963 875 1026 906 quo

254 926 299 954 est
326 924 489 964 plenitudo
520 922 696 962 potestatis,
725 924 826 961 potest
852 921 905 951 alii
929 930 1026 960 quam

255 978 398 1017 episcopo
414 977 609 1007 committere
623 985 630 1006 :
647 978 677 1006 et
691 976 741 1006 ille
756 985 819 1005 non
835 975 908 1005 tacit
923 976 1028 1004 aucto-

254 1033 345 1062 ritate
369 1041 441 1069 sua,
468 1031 521 1061 sed
544 1031 728 1061 auctoritate
751 1031 809 1060 sibi
832 1030 1024 1060 commissa:

255 1086 338 1115 unde
353 1085 405 1114 ille
427 1085 531 1124 potins
553 1084 642 1121 facit,
660 1085 752 1122 cujiis
766 1083 951 1125 auctoritate
966 1084 1001 1112 fit
1018 1093 1024 1112 t

255 1139 339 1168 unde
354 1147 418 1168 non
433 1140 479 1168 est
493 1138 638 1175 dubium,
651 1137 727 1176 quin
744 1136 932 1176 pontificalis
949 1145 1024 1166 auc-

256 1192 364 1222 toritas
380 1192 420 1221 sit
438 1192 476 1222 de
498 1191 681 1222 necessitate
702 1190 801 1229 hujus
823 1189 1024 1219 sacramenti.

254 1246 363 1286 Aliqui
378 1247 484 1276 tamen
500 1245 605 1275 dicunt
619 1268 625 1282 ,
643 1244 726 1284 quod
740 1253 805 1274 non
817 1243 967 1273 concessit
983 1243 1026 1273 015

255 1300 396 1330 conferre
412 1300 668 1336 sacramentum,
694 1297 746 1328 sed
771 1297 875 1327 solum
905 1296 1025 1336 aliquid

255 1352 500 1389 sacramentale,
525 1352 605 1382 sicut
629 1350 799 1391 aliquando
821 1350 913 1381 datur
939 1350 1027 1380 laicis

254 1407 344 1447 panis
358 1407 540 1438 benedictus
553 1406 621 1437 1000
636 1405 776 1445 corporis
795 1404 956 1435 dominici.

580 1500 648 1522 DUB.
672 1499 705 1520 11.

378 1557 462 1582 Virtus
479 1558 563 1581 autem
579 1556 654 1587 hujus
671 1556 837 1585 sacramenti,
856 1557 904 1579 010.

296 1620 408 1651 Contra
432 1631 438 1650 :
467 1619 499 1649 Si
527 1619 587 1649 hoc
607 1628 721 1649 verum
743 1620 806 1656 est,
837 1617 1028 1648 eucharistia

255 1674 423 1703 confirmat
440 1683 447 1703 :
464 1672 550 1703 unde
575 1672 653 1702 illud
674 1671 791 1702 Psalmi
806 1671 813 1687 ¹
831 1682 837 1702 :
856 1671 954 1702 Panis
974 1679 1028 1702 cor

255 1726 393 1758 hominis
407 1726 587 1764 confirmat.

295 1779 386 1819 Resp.
415 1779 463 1810 Ad
492 1779 551 1809 1100
573 1777 787 1818 multipliciter
806 1778 1025 1818 respondetur.

256 1831 361 1863 Primo
384 1833 477 1863 modo
497 1832 561 1868 510,
586 1831 668 1871 quod
692 1831 776 1862 istud
795 1834 1028 1862 sacramentum

255 1886 418 1916 ordinatur
434 1885 473 1915 ad
488 1885 584 1914 robur
606 1893 662 1923 per
683 1893 734 1922 se,
760 1884 813 1914 sed
837 1884 1027 1915 eucharistia

256 1948 312 1979 per
333 1938 487 1969 accidens.
510 1937 572 1968 Sed
596 1937 656 1967 1100
670 1946 735 1967 non
750 1937 859 1977 solvit,
875 1939 949 1978 quia
964 1938 1031 1969 sive

257 2001 313 2032 per
327 2002 359 2022 se
371 2016 378 2029 ,
397 1992 463 2022 51νο
478 2000 532 2031 per
557 1991 716 2029 accidens,
735 1991 812 2021 dum
836 1993 945 2022 tamen
967 1991 1028 2022 ha-

256 2046 328 2076 heat
344 2045 490 2076 effectum
502 2044 650 2075 eumdem
660 2067 669 2082 ,
687 2044 814 2075 videtur
829 2045 963 2075 alterum
978 2054 1029 2076 su-

256 2099 423 2138 perfluere.
460 2097 624 2128 Secundus
660 2097 775 2128 modus
808 2097 929 2128 dicendi
960 2100 1025 2136 est,

256 2151 340 2192 quod
356 2150 554 2182 confirmatio
570 2150 736 2180 confirmat
756 2152 864 2181 0011110
884 2150 1005 2181 malum
1017 2175 1025 2189 ,

257 2205 310 2235 sed
326 2204 516 2235 eucharistia
531 2203 563 2232 in
578 2203 673 2232 hono.
693 2202 751 2233 Sed
771 2212 828 2233 nec
842 2203 921 2234 illud
936 2205 1025 2234 suffi-

257 2258 297 2288 cit
309 2281 316 2295 ,
333 2258 410 2298 quia
429 2265 522 2287 omne
543 2257 778 2286 sacramentum
791 2280 798 2294 ,
816 2265 889 2287 cum
911 2257 950 2287 sit
974 2267 1027 2289 re-

257 2311 419 2349 medium,
434 2312 481 2341 est
503 2311 611 2340 contra
635 2309 773 2346 malum,
795 2311 825 2340 et
848 2310 891 2340 ita
912 2311 1028 2341 eucha-

811 104 1119 137 SENTENTIARUM
1142 106 1214 138 LlB.
1240 107 1288 138 lV.

1083 174 1271 204 eucharistia
1285 176 1441 214 quantum
1457 174 1495 205 ad
1510 175 1610 206 bonos
1622 185 1745 207 mores:
1761 176 1848 216 quia,

1034 245 1040 248 -
1084 229 1117 256 nt
1133 227 1207 257 dicit
1224 226 1400 257 Bernardus
1414 230 1437 265 ²,
1454 227 1644 258 eucharistia
1660 237 1723 258 non
1745 229 1848 260 solum

1083 280 1164 311 (10101
1181 282 1330 317 venialia,
1348 281 1400 311 sed
1421 282 1515 311 ctiam
1533 290 1722 312 consensum
1738 282 1850 313 fortifi-

1084 337 1149 370 cat,
1166 344 1205 365 ne
1228 335 1394 365 incdnetur
1413 334 1452 364 atl
1475 335 1630 365 mortalia.
1651 335 1712 364 Alii
1725 335 1851 374 dicunt,

1084 387 1168 425 qnod
1183 390 1354 427 utriunque
1371 388 1514 417 sortiticat
1529 388 1623 418 tidem
1639 398 1645 418 z
1661 388 1715 418 sed
1725 388 1788 419 duo
1801 398 1853 419 ne-

1083 441 1216 470 ccssaria
1232 443 1305 470 sunt
1320 441 1358 471 ad
1378 441 1471 471 tidem
1486 442 1611 471 firmam
1624 465 1633 479 ,
1649 441 1765 472 scilicet
1779 450 1854 472 cor-

1083 494 1121 524 de
1142 494 1288 531 credere,
1306 497 1335 523 ct
1356 503 1410 524 ore
1435 494 1596 531 contitcri;
1615 496 1645 524 et
1663 494 1853 525 eucharistia

1083 548 1249 577 confirmat
1265 549 1420 586 (1001110111
1444 547 1481 577 ad
1505 547 1598 578 tidem
1616 538 1648 578 in
1663 547 1755 578 corde
1769 571 1777 585 ,
1798 548 1851 579 sed

1083 600 1279 630 confirmatio
1295 602 1450 640 quantum
1465 600 1503 631 ad
1519 601 1747 631 consessionem
1761 625 1768 638 ,
1783 600 1850 631 sive

1083 654 1291 693 promtionem
1302 654 1332 683 in
1345 662 1410 684 ore.
1426 654 1486 683 Alii
1498 654 1617 692 dicunt,
1630 654 1714 694 quod
1730 656 1852 684 utrum-

1083 716 1144 746 que
1159 707 1303 737 fortificat
1318 716 1335 736 a
1352 707 1524 746 charitate,-
1537 707 1612 747 quia
1626 707 1665 738 ab
1680 709 1750 747 ejus
1765 708 1852 740 sorti-

1082 760 1192 790 tudinev
1203 760 1317 799 pendet
1331 760 1479 790 fortitudo
1493 761 1649 792 omnium.
1666 761 1727 792 Sed
1745 762 1849 793 ehari-

1084 816 1129 844 tas
1152 816 1251 854 potest
1281 813 1413 844 deficere
1443 814 1620 853 dupliciter,
1653 815 1771 846 scilicet
1796 825 1852 856 per

1082 867 1236 897 desectum
1261 867 1416 905 alimenti,
1442 868 1492 898 vet
1515 877 1571 907 per
1595 868 1749 899 actionem
1775 878 1851 900 con-

1083 921 1170 951 trarii
1181 944 1189 958 ,
1206 921 1285 951 sieut
1302 923 1385 960 patet
1400 921 1431 950 in
1450 921 1525 959 igne
1541 922 1694 952 materiali
1711 933 1717 952 :
1732 924 1852 953 010011-

1083 977 1131 1004 tra
1149 975 1288 1014 primum
1303 977 1348 1004 cst
1365 974 1563 1012 eucharistia,
1577 984 1649 1014 quae
1661 975 1761 1013 cibat3
1776 984 1852 1006 con-

1083 1030 1131 1058 tra
1146 1028 1318 1058 seeundum
1336 1028 1534 1058 confirmatio
1547 1051 1554 1064 ,
1576 1030 1610 1058 ut
1629 1028 1851 1068 impugnanti-

1083 1081 1142 1111 bus
1153 1082 1285 1111 resistat.
1298 1081 1359 1112 Alii
1371 1081 1480 1112 dicunt
1488 1081 1589 1119 allter,
1603 1084 1633 1112 et
1644 1082 1850 1122 probabilius,

1083 1135 1166 1174 qnod
1201 1134 1397 1164 confirmatio
1429 1136 1476 1164 est
1499 1134 1537 1164 ad
1563 1135 1851 1167 corroborationem

1082 1188 1155 1217 fidei
1168 1212 1175 1225 ,
1191 1187 1243 1217 sed
1260 1187 1451 1218 eucharistia
1472 1187 1633 1217 charitatis
1649 1197 1656 1218 :
1674 1190 1704 1218 et
1718 1188 1778 1219 hoc
1795 1198 1849 1229 pa-

1083 1243 1122 1270 tet
1133 1265 1140 1278 ,
1157 1241 1233 1280 (11110
1248 1241 1298 1270 1110
1312 1243 1356 1270 est
1372 1240 1502 1278 signum
1517 1241 1721 1271 consessionis
1736 1242 1848 1281 tidelis,

1083 1294 1124 1324 ihi
1140 1294 1269 1331 signum
1287 1293 1425 1323 unionis.
1447 1292 1484 1323 Et
1507 1293 1532 1322 si
1554 1295 1735 1333 quaeratur,
1754 1303 1851 1334 quare

1084 1347 1188 1386 magis
1204 1347 1434 1377 confirmantur
1448 1346 1498 1377 hze
1511 1347 1583 1377 duae
1598 1347 1742 1386 virtutes,
1754 1357 1851 1388 quam

1084 1402 1170 1440 alite,
1188 1401 1356 1432 dicendum
1380 1401 1464 1440 quod
1492 1401 1566 1441 quia
1593 1402 1623 1432 in
1655 1402 1704 1432 his
1729 1402 1851 1434 duabus

1084 1455 1198 1495 pendet
1219 1455 1367 1485 fortitudo
1392 1454 1564 1494 spiritualis
1586 1455 1730 1494 aedificii,
1747 1465 1850 1496 quan-

1084 1513 1152 1539 tum
1175 1509 1212 1539 ad
1237 1509 1429 1539 intellectum
1447 1511 1477 1539 et
1498 1509 1658 1540 affectum.
1676 1510 1715 1541 Et
1729 1511 1804 1550 quia
1818 1511 1852 1541 in

1084 1563 1144 1592 fide
1159 1565 1205 1592 051
1221 1563 1323 1602 prima
1340 1563 1484 1599 elevatio,
1501 1563 1533 1592 in
1548 1563 1699 1594 charitate
1719 1563 1853 1595 elevatio

1083 1625 1232 1653 summa,
1260 1617 1291 1645 01
1316 1615 1483 1654 utrobique
1508 1616 1694 1653 difficultas,
1721 1619 1752 1647 et
1777 1617 1853 1657 quia

1084 1669 1224 1709 pronitas
1236 1671 1281 1699 est
1296 1669 1333 1699 ad
1350 1669 1544 1699 contrarium
1555 1693 1562 1707 ,
1579 1669 1649 1700 ideo
1664 1670 1768 1709 magis
1782 1678 1854 1700 con-

1084 1723 1262 1753 firmantur.

1404 1794 1471 1815 DUB.
1496 1794 1539 1815 111.

1086 1855 1180 1879 Scitote
1202 1857 1336 1886 utrumque
1361 1861 1415 1878 0550
1441 1861 1561 1885 maguum
1586 1856 1788 1886 sacramentum,
1811 1855 1856 1879 sed

1116 1897 1194 1914 unum
1214 1890 1304 1921 majori
1322 1890 1488 1914 veneratione
1506 1890 1655 1920 tenendum,
1670 1890 1732 1914 sicut
1747 1897 1762 1914 a
1776 1890 1856 1921 majo-

1116 1926 1184 1949 ribus
1200 1926 1281 1950 datur.

1124 1990 1256 2021 Videtur
1270 1990 1444 2021 secundum
1460 1990 1528 2020 haec
1554 1990 1649 2021 verba
1663 1989 1852 2028 Melchiadis,

1085 2044 1169 2084 quod
1183 2044 1318 2084 amplior
1335 2044 1439 2082 gratia
1456 2044 1488 2073 in
1505 2052 1542 2073 eo
1557 2043 1660 2074 datur.

1126 2097 1217 2136 Resp.
1251 2097 1419 2127 Dicendum
1449 2096 1532 2136 quod
1559 2096 1770 2127 communiter
1795 2096 1854 2127 dici

1085 2149 1249 2180 consuevit.
1267 2173 1274 2187 ,
1292 2150 1374 2189 quod
1396 2159 1496 2180 unum
1522 2151 1755 2180 sacramentum
1778 2149 1856 2181 dici-

1086 2204 1137 2232 tur
1158 2203 1262 2241 majus
1276 2202 1338 2232 alio
1353 2203 1494 2242 quinque
1510 2203 1622 2233 modis.
1640 2202 1747 2233 Primo
1763 2202 1856 2233 modo

1085 2258 1213 2295 propter
1227 2255 1460 2295 signationem:
1482 2256 1526 2286 sic
1544 2256 1785 2287 matrimonium
1805 2256 1856 2286 di-

1086 2309 1167 2339 citur
1182 2311 1286 2349 majtis
1298 2334 1305 2347 ,
1324 2309 1399 2350 qnia
1422 2310 1527 2349 signat
1551 2310 1705 2340 unitatem
1724 2312 1853 2340 natura-

257 2365 354 2395 ristia.
372 2363 435 2394 Alii
451 2363 559 2393 dicunt
577 2362 661 2401 quod
682 2362 744 2392 duo
768 2365 843 2393 sunt
866 2363 958 2393 nobis
972 2373 1028 2394 ne-

258 2417 408 2454 cessaria,
433 2416 549 2447 scilicet
573 2415 650 2445 fides
673 2418 704 2445 et
733 2424 849 2454 mores,
870 2418 900 2446 et
925 2426 1027 2447 unum

258 2471 424 2502 confirmat
447 2470 481 2500 in
504 2469 586 2506 fide,
603 2468 718 2498 scilicet
741 2469 957 2507 confirmatio,
974 2470 1027 2500 sed

1085 2371 1157 2392 rum
1173 2362 1206 2392 in
1222 2362 1353 2393 Christo.
1372 2363 1516 2393 Secundo
1535 2363 1627 2394 modo
1642 2365 1771 2403 propter
1784 2370 1854 2393 con-
1882 2372 1953 2393 Sacra-

1086 2415 1249 2445 tinentiam
1267 2425 1274 2445 z
1291 2418 1321 2446 et
1336 2416 1379 2445 510
1397 2416 1586 2446 eucharistia
1603 2416 1717 2446 dicitur
1735 2415 1851 2454 majus.
1873 2406 1966 2454 nffissm

1086 2468 1190 2499 Tertio
1207 2471 1332 2508 propter
1347 2469 1518 2499 efficaciam
1537 2479 1544 2499 :
1561 2472 1590 2500 et
1605 2469 1648 2499 510
1662 2468 1850 2508 baptismus.
1867 2465 1972 2495 ‘¹¹¹⁰“F⁰‘¹⁰

1889 2498 1955 2519 majus

1086 2522 1202 2558 Quarto
1223 2524 1350 2562 propter
1366 2522 1555 2561 dignitatem
1576 2521 1826 2552 ministrantium
1840 2543 1850 2559 ,
1885 2523 1935 2544 ⁸¹³⁰·

289 2551 297 2567 1
309 2549 386 2580 Ρεαί,,
399 2555 454 2580 cul,
470 2550 504 2573 15.
522 2561 552 2566 -
564 2549 656 2573 :Beru
678 2549 702 2571 in
720 2555 785 2572 coena
806 2549 896 2579 Dom.;
916 2548 946 2572 de
966 2549 1028 2580 bap-
1085 2576 1151 2607 Sive
1165 2576 1415 2616 dispensantium
1433 2587 1439 2592 .
1455 2578 1485 2606 et
1497 2575 1541 2606 Sic
1557 2575 1671 2606 dieitur
1686 2575 1851 2606 confirma—

260 2587 342 2616 tixmo,
355 2593 461 2609 sacram.
473 2585 576 2616 altaris,
589 2587 612 2608 et
627 2584 754 2608 ablutione
768 2584 865 2614 pedum.
