2017 2948
120 339 184 365 Opin.
195 338 216 357 2.

133 2506 237 2527 Fundam.

227 152 288 180 270

229 215 300 246 ideo
315 222 371 254 per
391 212 486 244 fidem
501 213 796 252 quantumcumque
815 208 996 245 informem,

230 268 308 298 dum
326 268 433 297 tamen
454 266 536 296 esset
552 273 628 295 vera
639 287 647 301 ,
663 262 797 294 dabatur
819 259 999 291 remedium

231 319 375 360 parvulo.
390 319 489 350 Aliter
503 320 609 349 tamen
624 317 685 348 dici
702 317 813 356 potest,
835 313 919 354 quod
935 322 1001 344 non

231 375 336 414 ipsum
358 372 512 403 creditum
540 373 607 401 erat
631 369 826 405 remedium,
851 366 906 397 sed
932 366 1002 407 ipsa

231 427 303 458 fidei
323 425 486 466 professio,
509 433 582 464 quae
605 422 656 454 vel
677 423 713 452 fit
734 424 823 452 motu
842 420 932 457 fidei,
950 419 1002 450 vel

232 483 304 511 actu
317 478 478 516 exteriori,
492 480 558 508 erat
573 475 736 516 dispositio
752 473 927 505 curationis
945 481 953 503 :
971 475 1002 503 et

231 533 300 564 haec
313 534 361 563 est
371 532 402 561 in
415 529 655 561 circumcisione
669 530 699 558 et
709 526 910 566 baptismate,
925 524 1003 565 quia

232 588 279 617 est
303 585 346 616 ibi
366 583 516 625 professio
537 581 610 613 fidei
630 581 698 620 ipso
720 580 819 617 sact03
846 579 899 610 sed
927 587 1001 618 pro-

232 639 323 670 fessio
338 637 421 675 fidei,
438 645 534 676 quam
554 634 709 666 faciebant
733 634 890 673 parentes,
907 640 1004 671 repu—

234 692 359 723 tabatur
373 690 507 730 parvulo
529 697 569 719 ex
593 687 701 719 divina
720 685 947 717 misericordia.
966 684 1005 715 Et

233 745 307 785 quia
336 743 487 784 professio
514 741 597 779 fidei,
624 741 657 771 in
684 740 820 771 habente
848 738 1003 778 originale

233 800 376 835 tantum,
400 796 592 827 sufficienter
620 794 759 834 disponit
779 793 820 823 ad
848 792 1004 831 gratiam,

234 851 357 882 etiamsi
378 859 442 880 non
464 850 520 879 fiat
543 849 574 878 in
593 847 745 878 charitate
764 846 900 886 (habens
919 845 1006 876 enim

235 904 404 943 originale,
420 911 494 934 011111
508 910 573 932 11011
586 903 731 931 teneatur
745 899 877 936 conteri,
889 908 931 929 ex
940 897 1007 929 sola

235 957 400 988 voluntate
421 955 566 986 credendi
587 957 618 985 ct
637 953 847 993 captivatione
868 951 1005 982 intellec-

236 1013 286 1041 tus
301 1010 339 1040 ad
354 1009 490 1049 gratiam
502 1018 534 1039 se
548 1007 717 1048 praeparat)
735 1017 742 1037 ε
760 1006 804 1035 sic
815 1004 1008 1044 etparvulus

237 1065 435 1104 prcepamtur
448 1062 560 1092 nit-rito
572 1060 708 1099 congrui
723 1069 730 1089 :
744 1058 1008 1098 injssstificatione

238 1117 334 1154 enim,
349 1115 463 1146 sivein
483 1114 646 1145 curatione
660 1112 806 1153 parvuli,
825 1112 931 1151 potius
954 1120 1008 1141 re-

238 1169 377 1209 quiritur
402 1168 441 1208 (11)
465 1168 615 1198 meritum
637 1166 789 1205 congrui,
810 1174 907 1204 quam
932 1173 1007 1194 con-

239 1222 345 1260 digni,
371 1222 451 1252 sicut
479 1221 575 1251 etiam
599 1220 631 1250 in
650 1219 875 1259 justificatione
896 1217 1006 1248 adulti.

240 1275 311 1306 Ideo
341 1274 457 1305 dicitur
488 1274 555 1304 sine
587 1273 789 1313 pra’judieio,
814 1271 899 1311 quod
931 1270 1010 1301 fides

239 1328 385 1358 informis
409 1329 577 1368 parentum
600 1335 668 1357 esse
688 1328 810 1366 poterat
832 1324 1011 1356 remedium

240 1381 386 1421 parvulo.

282 1437 311 1464 1.
326 1434 375 1465 Ad
389 1433 466 1464 illud
491 1433 575 1473 quod
591 1433 751 1472 objicitur,
766 1431 851 1472 quod
867 1431 945 1462 fides
958 1430 1011 1461 in-

242 1487 350 1518 formis
365 1496 428 1517 non
452 1487 552 1526 placet
566 1486 639 1524 Deo,
655 1485 824 1517 dicendum
846 1484 932 1525 quod
948 1492 1012 1515 non

242 1540 341 1580 placet
363 1540 426 1570 Deo
452 1542 606 1579 tanquam
630 1539 832 1576 meritorium
861 1547 902 1568 ex
931 1546 1013 1568 0011-

242 1593 360 1632 dignm
378 1594 458 1624 bene
473 1595 579 1623 tamen
593 1592 694 1632 placet
708 1591 770 1622 Deo
784 1591 864 1622 siout
878 1590 1014 1631 disposi-

243 1646 345 1677 tivum
360 1646 399 1676 de
412 1654 570 1685 congruo·

283 1702 313 1730 2.
329 1700 378 1731 Ad
392 1700 471 1730 illud
485 1699 569 1739 quod
589 1698 750 1737 objicitur,
765 1697 852 1738 quod
867 1696 946 1727 fides
962 1696 1013 1727 in-

243 1752 353 1783 formis
367 1761 431 1782 non
455 1750 569 1782 sufficit
584 1750 623 1781 ad
639 1749 859 1780 remissionem
877 1748 1013 1788 propriae

244 1805 358 1845 culpae‚
374 1805 543 1836 dicendum
557 1803 643 1843 quod
659 1803 737 1833 illud
751 1811 816 1833 non
829 1802 924 1838 valet,
939 1801 1015 1842 quia

245 1859 348 1898 major
361 1857 523 1897 dispositio
537 1856 711 1896 requiritur
724 1855 763 1886 ad
776 1855 846 1893 hoc,
860 1857 897 1886 ut
911 1854 1016 1885 remit-

244 1914 330 1942 tatur
350 1910 473 1942 aotuale
495 1909 647 1947 mortale,
668 1908 744 1949 quia
765 1911 813 1939 est
833 1917 872 1939 ex
899 1907 1016 1947 maj0ri

245 1964 337 2004 culpa
359 1963 585 2000 commissum;
608 1962 678 1993 ideo
701 1961 876 2002 requiritur
897 1960 1016 1992 attritio

245 2026 319 2048 cum
339 2017 419 2055 fide;
444 2017 497 2047 sed
518 2017 550 2046 in
567 2016 703 2046 habente
721 2014 877 2054 originale
902 2014 1018 2046 suffieit

246 2071 324 2101 fides
342 2070 492 2110 :quando
513 2077 591 2108 ergo
612 2068 708 2098 dicit:
730 2067 855 2106 «Magis
877 2069 1018 2098 meretur

247 2125 378 2166 quilibet
401 2125 471 2162 sibi,
499 2133 596 2164 quam
621 2123 706 2161 aliis,
722 2135 736 2151 n
770 2121 1017 2161 intelligendum

248 2183 306 2215 est,
329 2190 343 2207 (1
357 2178 480 2209 caeteris
495 2176 727 2208 conditionibus
741 2175 951 2207 existentibus
965 2184 1018 2215 pa-

249 2234 348 2266 ribus.
363 2245 378 2263 11

517 2294 695 2332 QUAESTIO
718 2294 755 2324 ll.

251 2375 295 2400 An
309 2374 339 2399 in
352 2371 473 2407 parvulis
488 2370 523 2397 ad
535 2370 715 2397 remissionem
729 2369 872 2403 orz'yz‘nalis
885 2368 1019 2402 suffecerit

551 2415 607 2441 sola
621 2415 686 2448 fides
700 2412 718 2439 ¹.

293 2490 405 2523 Utrum
419 2490 459 2521 ad
473 2489 692 2521 remissionem
707 2487 872 2527 originalis
887 2487 1019 2519 suffece—

253 2546 295 2576 rit
308 2545 374 2575 sola
387 2544 481 2580 fides;
499 2546 529 2574 et
543 2542 627 2582 quod
641 2542 702 2579 sic,
727 2541 854 2572 videtur
874 2550 930 2581 per
944 2550 1021 2572 ver-

289 2607 351 2637 ¹Cf.
369 2606 440 2631 Alex.
461 2606 556 2636 Mens,
572 2613 597 2636 p.
614 2605 657 2634 lv,
674 2612 700 2636 q.
721 2610 749 2634 11,
770 2604 865 2628 memb.
880 2605 904 2633 5,
923 2605 970 2628 art.
990 2605 1020 2634 1;

767 138 1078 173 SENTENTIARUM
1099 138 1174 170 LlB.
1198 138 1248 170 tv.

1053 206 1130 237 bum
1146 204 1288 245 Gregorii
1298 205 1322 242 ²,
1337 204 1421 244 quod
1436 203 1565 244 ponitur
1575 204 1608 234 in
1622 204 1745 236 littera:
1761 205 1822 237 Pro

1052 258 1198 299 parvulis
1215 258 1282 290 sola
1297 257 1395 296 tides,
1411 259 1469 288 etc..

1095 311 1174 343 item
1188 311 1284 351 Ilugo
1301 311 1339 342 de
1355 313 1463 342 sancto
1479 311 1603 342 Victore
1617 310 1694 342 dicit
1703 311 1724 348 ¹,
1739 311 1825 351 quod

1055 368 1197 404 tempore
1211 364 1292 404 legis
1306 366 1429 395 naturae
1442 373 1506 394 non
1518 364 1649 395 suerunt
1662 363 1768 404 aliqua
1779 372 1826 394 sa-

1056 420 1217 449 cramenta
1230 418 1262 448 in
1281 419 1439 457 praecepto
1456 426 1464 447 :
1490 425 1568 456 ergo
1589 416 1656 447 sine
1678 415 1826 447 omnibus

1056 471 1178 509 poterat
1188 469 1284 500 homo
1296 468 1410 498 salvari
1426 480 1432 499 z
1446 468 1497 499 sed
1509 468 1618 498 nullus
1632 469 1754 507 poterat
1763 466 1825 498 sal-

1057 523 1125 553 vari
1140 522 1207 553 sine
1221 521 1405 553 remissione
1420 520 1605 560 originalis:
1623 528 1702 559 ergo
1716 519 1827 550 remis-

1057 575 1103 606 sio
1116 575 1280 614 originalis
1298 576 1418 614 poterat
1433 574 1503 605 fieri
1517 574 1584 604 sine
1598 573 1706 614 aliquo
1721 581 1826 604 sacra-

1059 631 1165 659 mento
1178 628 1325 659 exteriori
1339 627 1373 658 in
1385 627 1451 658 sola
1464 627 1537 658 fide.

1099 681 1177 712 Item
1187 705 1196 719 ,
1213 681 1238 711 si
1254 682 1396 720 tempore
1406 680 1459 711 illo
1469 681 1664 711 sacramenta
1678 679 1830 711 virtutem

1059 736 1157 766 totam
1173 734 1331 765 habebant
1343 743 1361 764 a
1372 733 1449 772 fide,
1466 742 1544 773 ergo
1558 735 1683 764 tantum
1699 733 1831 767 faciebat

1060 788 1126 819 sola
1146 787 1239 825 fides,
1263 790 1422 827 quantum
1444 786 1522 818 fides
1544 795 1619 818 cum
1641 786 1703 817 illis
1724 794 1828 817 sacra-

1061 842 1195 872 mentis:
1211 850 1289 880 ergo
1303 840 1428 870 videtur
1441 840 1526 880 quod
1544 839 1611 871 sola
1630 839 1693 870 fide
1713 847 1829 880 paren-

1061 895 1129 924 tum
1144 894 1315 932 potuerunt
1329 891 1455 923 salvari.

1102 946 1233 977 Contra:
1249 948 1277 976 1.
1290 944 1321 976 Si
1334 945 1475 985 parvulis
1487 944 1664 976 sufficiehat
1676 944 1742 975 sola
1751 943 1831 975 fides

1062 1003 1138 1031 tunc
1164 1000 1333 1039 temporis,
1355 1001 1386 1029 et
1409 997 1503 1029 modo
1526 1007 1591 1028 non
1616 997 1745 1036 sufficit,
1773 1005 1832 1028 nec

1063 1058 1204 1094 tempore
1219 1053 1467 1084 circumcisionis
1480 1052 1672 1090 sufficiehat,
1688 1061 1768 1092 ergo
1782 1051 1831 1084 vi-

1063 1108 1154 1139 detur
1169 1107 1253 1147 quod
1270 1106 1345 1137 fides
1361 1109 1434 1137 tunc
1450 1107 1532 1137 esset
1546 1105 1677 1145 majoris
1691 1105 1831 1142 virtutis,

1063 1170 1159 1200 quam
1175 1162 1245 1200 post
1259 1169 1267 1190 :
1282 1168 1360 1199 ergo
1372 1159 1498 1190 videtur
1512 1161 1581 1199 post
1596 1159 1691 1190 fuisse
1703 1157 1834 1189 deterio-

1063 1213 1106 1243 ris
1120 1213 1327 1243 conditionis:
1345 1213 1398 1243 sed
1419 1214 1487 1252 post
1508 1221 1572 1243 non
1588 1212 1648 1242 fuit
1669 1210 1834 1242 deterioris

1064 1266 1253 1297 conditionis
1268 1275 1276 1296 z
1293 1274 1371 1304 ergo
1387 1266 1413 1295 si
1428 1267 1498 1305 post
1513 1273 1578 1296 non
1593 1264 1760 1302 sufficeret,
1776 1271 1834 1294 nec

1066 1319 1165 1359 prius.

1105 1374 1135 1403 2.
1152 1371 1246 1408 Item,
1263 1372 1290 1401 si
1304 1371 1370 1402 sola
1384 1371 1462 1402 fides
1471 1370 1661 1407 sufficiehat,
1676 1378 1755 1410 ergo
1766 1377 1836 1410 par-

1066 1425 1161 1456 vulus
1176 1425 1209 1455 in
1219 1425 1305 1456 omni
1319 1426 1402 1455 statu
1418 1424 1534 1455 salvari
1549 1425 1686 1464 poterat,
1701 1431 1776 1454 cum
1789 1421 1838 1454 ni-

1066 1478 1111 1509 hil
1130 1480 1288 1518 oporteret
1308 1478 1389 1508 circa
1412 1486 1526 1517 corpus
1547 1476 1638 1516 pueri
1651 1476 1740 1507 fieri:
1756 1483 1837 1515 ergo

1067 1532 1192 1563 videtur
1205 1530 1289 1570 quod
1303 1530 1400 1571 possit
1411 1529 1580 1570 justificari
1594 1530 1627 1560 in
1643 1530 1753 1561 ventre
1766 1536 1838 1560 ma-

1067 1585 1135 1615 tris.

1109 1640 1137 1668 3.
1157 1636 1250 1674 Item,
1272 1636 1399 1666 videtur
1414 1635 1500 1675 quod
1521 1644 1585 1666 non
1606 1636 1703 1675 possit
1724 1643 1838 1675 parvu-

1068 1690 1119 1721 lus
1133 1690 1213 1720 mori
1233 1689 1300 1719 sine
1323 1688 1477 1726 remedio,
1495 1688 1680 1728 parentibus
1698 1687 1839 1719 existen-

1071 1744 1152 1774 tibus
1166 1742 1329 1773 fidelibus:
1347 1741 1401 1772 sed
1417 1741 1510 1772 modo
1534 1750 1598 1772 non
1619 1741 1662 1772 sic
1685 1742 1747 1779 est,
1772 1740 1838 1772 imo

1070 1798 1214 1836 possunt,
1230 1798 1260 1826 et
1280 1794 1518 1834 przepediuntur
1536 1794 1632 1825 etiam
1648 1793 1713 1824 nati
1734 1802 1742 1824 :
1758 1801 1840 1834 ergo

1070 1851 1144 1880 sunt
1170 1847 1287 1889 pejoris
1312 1847 1502 1878 conditionis
1533 1847 1566 1878 in
1594 1849 1678 1878 statu
1704 1846 1840 1886 gratiae,

1070 1911 1169 1943 quam
1183 1902 1217 1932 in
1231 1902 1314 1932 statu
1328 1902 1463 1932 naturae.

1339 1997 1565 2030 CONCLUSIO.

1072 2075 1149 2103 Fidei
1167 2075 1315 2110 possessio,
1333 2075 1559 2109 qualitercumque
1581 2074 1654 2107 fieret
1676 2075 1733 2101 sive
1752 2074 1842 2108 siquo,

1108 2121 1164 2146 sive
1177 2120 1268 2151 verbo,
1284 2121 1340 2146 sive
1357 2121 1417 2146 actu
1433 2119 1536 2152 cordis,
1556 2118 1619 2145 dum
1639 2119 1726 2145 tamen
1741 2119 1812 2152 fimet
1825 2125 1844 2145 a

1106 2164 1282 2199 parentibus,
1299 2165 1324 2190 ec
1338 2164 1477 2190 haberetur
1490 2166 1622 2197 *respectus
1636 2162 1673 2189 ad
1685 2162 1842 2197 parvulum,

1108 2208 1253 2241 sufficiebat
1267 2209 1304 2236 ad
1313 2208 1492 2235 remissionem
1507 2207 1650 2242 originalis
1661 2207 1769 2242 peccati
1780 2214 1846 2242 pue-

1108 2261 1206 2280 rorum.

1116 2327 1206 2368 Resp.
1224 2327 1262 2358 ad
1277 2336 1347 2366 arg.
1367 2327 1415 2358 Ad
1436 2327 1496 2358 hoc
1517 2329 1564 2358 est
1585 2326 1704 2367 duplex
1717 2325 1842 2367 opinio,

1075 2390 1148 2412 cum
1163 2381 1277 2411 dicitur
1292 2381 1375 2420 quod
1395 2381 1469 2411 fides
1484 2382 1651 2420 parentum
1666 2381 1733 2410 erat
1748 2379 1782 2410 in
1796 2387 1846 2411 re-

1076 2452 1204 2480 Richard„
1217 2452 1246 2475 tv
1260 2452 1338 2482 Sene„
1354 2452 1412 2475 dist.
1428 2458 1448 2480 1,
1463 2453 1509 2476 art.
1525 2453 1550 2481 ὅ,
1562 2458 1587 2482 q.
1604 2457 1625 2481 1;
1641 2451 1728 2482 Steph.
1741 2449 1846 2481 Brutos„

1076 2488 1107 2512 lV
1128 2488 1207 2517 sent„
1228 2488 1284 2511 dist.
1310 2493 1328 2515 t,
1351 2494 1375 2518 q.
1399 2493 1428 2517 v;
1450 2488 1516 2511 Petr.
1536 2487 1567 2511 de
1585 2487 1698 2516 Tarant„
1718 2485 1750 2510 1v
1765 2486 1844 2516 Sene„

1075 2523 1132 2547 dist.
1156 2529 1173 2551 1,
1194 2530 1220 2554 q.
1242 2529 1310 2547 xxiv.
1324 2523 1373 2540 ——2
1391 2524 1478 2554 Greg„
1498 2521 1603 2552 MoraL,
1613 2522 1712 2551 lih.tv.
1729 2528 1751 2546 c.
1770 2526 1797 2546 11.
1820 2533 1844 2539 —

1075 2558 1172 2589 ⁸11ug.‚
1188 2558 1230 2583 tib.
1248 2559 1265 2585 Ι.
1282 2565 1307 2589 p.
1326 2559 1356 2590 ΙΙ,
1370 2565 1392 2582 c.
1408 2564 1448 2583 111.

1107 2603 1142 2633 (a)
1158 2602 1218 2626 Coet.
1233 2602 1293 2626 edit.
1308 2602 1423 2634 requisit.

1852 943 1886 965 Ad
1899 948 1951 969 opp.
