2017 2948
70 505 156 527 Divisio.

97 2368 174 2394 Marty-

86 2405 131 2419 rem
150 2405 191 2419 nou

86 2429 136 2450 lacit
150 2435 192 2456 pm-

179 162 237 192 ³42

366 286 570 319 EXPOSITIO
591 284 754 317 TEXTUS.

194 376 258 399 Sunt
271 376 296 398 et
311 373 362 403 alii.
379 375 402 398 ut
419 379 495 404 supra
511 371 652 403 posuimus,
668 371 710 401 qui
726 369 867 400 suscipiunt
884 374 946 396 rem,

435 416 486 433 non
501 409 696 432 sacramentum.

222 495 326 535 Supra
340 494 406 534 egit
422 493 572 532 Magister
586 491 624 522 de
639 491 688 521 his
703 490 757 530 qui
773 490 952 529 suscipiunt

183 549 416 580 sacramentum
440 548 578 582 tantum;
600 544 652 575 hic
672 544 740 582 agit
763 543 801 573 de
824 542 873 572 his
895 542 951 582 qui

182 601 357 641 suscipiunt
374 609 440 630 rem
451 597 641 629 sacramenti
652 599 787 627 tantum.
806 595 843 626 Et
858 595 952 625 habet

182 655 249 685 haec
265 662 336 693 pars
351 652 429 683 duas
439 653 544 691 partes
558 661 564 680 z
583 651 613 680 in
626 649 728 689 prima
743 648 876 688 inquirit
892 647 953 677 Ma-

182 708 281 747 gister
296 708 405 737 utrum
422 705 542 745 possint
560 704 678 734 habere
693 712 760 733 rem
773 702 841 732 sine
852 710 953 731 sacra-

185 762 306 797 mento;
325 760 356 789 in
372 757 508 788 secunda
525 757 639 796 quaerit
654 757 765 786 utrum
781 755 883 794 primo
896 754 951 784 de-⁴

183 815 275 845 beant
292 812 450 852 suscipere
467 812 703 842 sacramentnm
723 810 775 849 (a),
791 809 853 838 ibi:
869 808 954 839 Solet

183 869 279 900 etiam
295 867 398 907 quoerz'
423 866 461 897 cle
486 865 551 903 liis,
575 865 631 904 qui
649 863 720 903 jam
743 862 951 900 sanctificati.

184 921 290 952 Prima
306 929 377 960 pars
391 919 487 949 habet
510 918 587 948 duas
607 929 612 948 :
633 918 665 947 in
686 917 788 956 prima
804 915 954 945 determi-

184 977 237 1005 nat
246 974 410 1004 veritatem
420 983 427 1009 ;
440 971 472 1002 in
482 970 620 1001 secunda
631 971 773 1000 removet
784 968 952 999 dubitatio-

185 1036 268 1064 nem,
277 1026 335 1057 ibi:
348 1025 377 1056 H
379 1026 406 1056 is
413 1027 519 1056 autem
528 1023 655 1055 videtur
663 1022 801 1059 obviare,
809 1021 892 1061 quod
904 1022 955 1051 Do-

186 1081 292 1111 minus
302 1079 394 1110 dicit.
409 1078 445 1109 Et
457 1078 560 1117 primo
574 1078 716 1106 removet
728 1076 955 1105 dubitationem

184 1132 355 1163 habentem
367 1133 476 1162 ortum
488 1139 529 1160 ex
538 1130 636 1160 verbo
650 1128 772 1159 Domini
782 1129 813 1157 in
824 1128 954 1164 Joanne;

185 1185 323 1216 secundo
339 1193 414 1215 vero
429 1192 468 1214 ex
483 1183 581 1214 verbo
601 1182 793 1220 Augustini,
809 1182 852 1211 ibi
871 1192 876 1211 :
897 1182 957 1212 Sed

185 1239 299 1270 dicunt
319 1238 423 1277 aliqui
437 1236 560 1267 nullam
575 1234 732 1267 adultum.
748 1234 898 1264 Similiter
915 1245 958 1264 se-

186 1291 289 1322 cunda
311 1299 384 1330 pars
395 1313 404 1327 ,
432 1289 466 1319 in
494 1298 557 1328 qua
591 1288 741 1326 Magister
771 1287 959 1318 determinat

188 1347 298 1375 utrum
310 1345 378 1383 jam
393 1342 545 1373 habentes
559 1351 640 1378 rem,
652 1341 785 1371 debeant
801 1341 959 1381 suscipere

188 1398 440 1434 sacramentum,
459 1395 555 1426 habet
568 1394 648 1425 duas
664 1396 767 1434 partes
785 1405 790 1424 :
805 1394 840 1424 in
859 1394 961 1433 priina

189 1450 322 1491 inquirit
343 1449 419 1489 quid
443 1450 676 1479 sacramentum
700 1448 731 1477 in
754 1447 806 1477 his
828 1447 960 1484 efficiat,

190 1504 258 1534 sive
273 1503 425 1539 conferat;
446 1502 477 1532 in
502 1500 639 1531 secunda
654 1509 730 1531 vero
748 1500 862 1539 quaerit
886 1499 962 1539 quid

192 1557 223 1586 in
238 1556 284 1586 eis
293 1555 412 1594 signet,
425 1554 468 1584 ihi
481 1565 487 1585 :
501 1554 542 1586 Si
556 1554 711 1593 qumi-itm·
724 1553 817 1592 cujus
828 1553 877 1584 rei
892 1552 964 1592 bap-

193 1609 307 1641 tismus
328 1607 381 1639 ille
404 1608 449 1639 sit
468 1609 724 1644 sacrcnnemwn‚·
738 1605 791 1635 uhi
814 1605 964 1635 determi-

193 1663 257 1699 nat,
274 1660 350 1701 quid
376 1659 533 1699 significet
553 1659 657 1690 :Solet
679 1659 775 1690 eciam
799 1658 912 1697 qmere',
935 1658 966 1689 si

191 1714 339 1756 parvulis
353 1715 390 1745 in
398 1714 552 1753 baptismo
564 1713 674 1745 dcitur.
686 1712 759 1743 Haec
770 1714 815 1742 est
828 1711 966 1742 secunda

194 1777 265 1808 pars
280 1767 460 1808 principalis
477 1767 684 1797 distinctionis
698 1791 705 1804 ‚
723 1766 755 1796 in
770 1774 834 1805 qua
850 1765 965 1804 Magis-

193 1825 241 1852 ter
255 1820 443 1852 determinat
458 1819 633 1860 specialiter
657 1820 804 1850 effectum
821 1819 967 1858 baptismi

195 1875 229 1905 in
244 1873 398 1914 parvulis,
416 1874 527 1903 utrum
542 1872 659 1902 scilicet
675 1871 801 1911 parvuli
816 1871 968 1911 recipiant

196 1927 278 1958 dona
291 1927 460 1958 virtutum.
478 1925 515 1956 Et
530 1925 623 1956 habet
638 1925 705 1956 haec
721 1934 793 1965 pars
809 1925 886 1955 duas
902 1933 970 1964 par-

197 1983 243 2010 tes
259 1991 266 2011 :
283 1980 315 2010 in
331 1980 435 2020 prima
450 1978 584 2019 quaerit;
602 1978 634 2008 in
659 1978 796 2009 secunda
820 1977 967 2008 determi-

197 2035 252 2064 nat
269 2032 444 2063 secundum
458 2031 623 2062 veritatem
640 2033 669 2061 et
689 2030 883 2070 opinionem,
901 2029 944 2060 ibi
962 2041 967 2059 ;

203 2085 338 2118 Videtur
351 2084 435 2125 quod
449 2092 513 2117 non
528 2084 708 2123 receperint.

530 2187 596 2209 DUB.
623 2186 642 2207 1.

264 2251 351 2281 Neque
375 2249 442 2273 enim
467 2249 506 2273 ille
530 2249 594 2272 latro
619 2256 665 2279 pro
692 2248 796 2272 nomine
821 2248 912 2272 Christi

490 2284 624 2308 crucifixus
639 2285 684 2307 est.

245 2350 427 2382 Secundum
441 2349 501 2380 hoc
515 2349 655 2387 videtur,
672 2350 755 2388 quod
770 2349 823 2379 ille
836 2358 900 2379 non
917 2349 975 2379 fuit

207 2406 340 2443 martyr,
356 2402 430 2443 quia
446 2404 619 2442 martyrem
637 2410 701 2432 non
712 2402 783 2432 facit
802 2411 906 2441 poena,
923 2403 975 2433 sed

89 2466 131 2485 na,
155 2460 195 2480 sed
208 2464 313 2486 causa.
331 2455 392 2486 Sed
405 2457 536 2486 contra:
554 2454 787 2494 Hieronymus:
805 2455 975 2485 «Christus

90 2496 160 2511 ΕΒΠΙἏ.

208 2508 247 2539 de
261 2516 353 2539 cruce
367 2507 522 2539 latronem
538 2507 686 2538 invitavit
709 2508 747 2537 ad
768 2508 949 2547 paradisum
967 2519 973 2539 :

210 2564 241 2592 et
256 2570 294 2591 ne
305 2561 376 2602 quis
391 2563 516 2602 putaret
526 2561 696 2601 aliquando
707 2570 808 2591 serani
825 2570 891 2592 esse
907 2571 977 2592 con-

740 153 1050 188 SENTENTIARUM
1073 152 1146 184 LlB.
1168 152 1217 183 lv,

1007 220 1198 257 versionem,
1209 219 1370 250 homicidii
1387 227 1514 258 poenam
1530 218 1600 249 fecit
1613 227 1680 249 esse
1695 226 1775 248 mar-

1007 274 1139 313 tyrium.
1157 283 1171 301 ι)
1192 271 1271 303 item
1285 274 1372 303 actus
1393 271 1536 311 martyrii
1558 273 1605 302 est
1622 271 1776 302 sustinere

1007 334 1134 366 poenam
1149 334 1189 355 ex
1200 324 1350 355 charitate
1363 335 1369 354 z
1387 323 1440 354 sed
1456 323 1536 354 latro
1549 323 1592 354 sic
1607 323 1774 354 sustinuit:

1008 387 1098 417 ergo,
1113 380 1171 408 etc.

1050 433 1140 473 Resp.
1158 432 1331 464 Dicendum
1346 432 1431 472 quod
1441 432 1480 462 ad
1495 432 1685 472 martyrium
1695 440 1779 462 com-

1010 486 1130 525 pletum
1145 486 1208 516 duo
1221 488 1427 522 concurrunt,
1441 485 1557 516 scilicet
1567 486 1655 525 justa
1669 484 1779 515 volun-

1010 542 1067 577 tas,
1084 541 1114 570 et
1125 540 1211 578 justa
1225 548 1330 569 causa.
1346 537 1491 569 Primum
1505 538 1615 569 defecit
1637 538 1669 569 in
1682 537 1777 569 Inno-

1010 592 1162 629 centibuS,
1179 591 1356 621 secundum
1371 600 1447 621 vero
1466 591 1499 621 in
1516 590 1651 621 Latrone
1668 601 1675 621 ε
1691 591 1780 621 etita

1010 645 1047 675 de
1061 654 1094 675 se
1111 646 1261 674 neutrum
1285 643 1343 674 suit
1363 643 1555 683 completum
1576 643 1776 682 martyrium.

1010 698 1071 728 Sed
1087 697 1238 728 Dominus
1251 696 1490 733 innocentibus,
1508 697 1582 736 quia
1597 695 1692 726 simul
1707 705 1780 726 cum

1011 752 1076 791 ipso
1087 751 1150 781 nati
1168 753 1252 788 sunt,
1267 753 1295 781 cl
1313 752 1439 790 propter
1450 750 1509 781 hoc
1525 750 1609 790 quod
1624 751 1690 781 erat
1704 758 1781 781 coae-

1011 807 1122 836 taneus
1138 805 1211 842 illis,
1230 805 1390 844 supplevit
1406 804 1489 844 quod
1508 804 1613 834 deerat
1629 813 1670 834 ex
1691 805 1780 843 patre

1012 858 1195 895 voluntatis;
1220 858 1263 888 sic
1287 858 1318 888 in
1344 857 1479 888 Latrone
1502 857 1588 896 quod
1609 857 1716 888 deerat
1741 865 1781 887 ex

1012 913 1099 950 parte
1123 919 1236 941 causae.
1266 910 1352 941 Unde
1373 910 1492 950 optime
1516 909 1594 940 dicit
1622 909 1781 949 Hierony-

1013 973 1103 994 mus:
1121 975 1134 991 «
1150 964 1238 1001 Quod
1256 964 1328 994 fecit
1342 972 1408 994 esse
1422 962 1615 1002 martyrium
1627 961 1712 1001 quod
1727 961 1783 992 Do-

1014 1017 1120 1047 minus
1136 1018 1173 1046 de
1184 1026 1217 1046 se
1232 1016 1438 1056 suppleverit.
1455 1027 1469 1043 »
1489 1015 1527 1046 Et
1545 1015 1588 1045 sic
1608 1016 1693 1054 patet
1707 1023 1782 1045 con-

1014 1070 1182 1107 troversia,
1206 1069 1282 1109 quia
1306 1070 1343 1099 de
1367 1077 1399 1098 se
1421 1077 1486 1099 non
1511 1069 1570 1099 suit
1595 1067 1784 1107 martyrium

1013 1122 1216 1162 completum,
1232 1121 1285 1152 sed
1302 1121 1454 1152 Dominus
1470 1120 1550 1152 fecit.

1342 1215 1409 1235 DUR.
1435 1215 1465 1235 ll.

1154 1274 1235 1301 Quem
1254 1274 1449 1303 regeneraturus
1467 1279 1550 1301 eram,
1568 1272 1648 1295 amisi.

1057 1334 1210 1374 Objicitur
1234 1336 1346 1365 contra
1370 1334 1430 1364 hoe.
1453 1333 1589 1364 verbum
1609 1332 1789 1370 Ambrosii,

1017 1387 1094 1427 quia
1108 1387 1134 1418 si
1148 1387 1282 1428 perdidit
1298 1396 1384 1425 eum,
1400 1395 1479 1426 ergo
1494 1386 1620 1418 videtur
1635 1395 1787 1426 peccasse.

1020 1440 1096 1471 item
1109 1441 1175 1481 ipse
1185 1441 1309 1472 dolebat
1317 1443 1372 1472 aut
1384 1442 1511 1481 propter
1521 1439 1788 1480 peccatumillius‚

1019 1496 1074 1524 aut
1094 1496 1222 1534 propter
1247 1495 1410 1534 peccatum
1434 1502 1531 1524 suum
1547 1502 1555 1524 ε
1572 1502 1637 1524 non
1663 1494 1791 1532 propter

1020 1549 1183 1585 peccatum
1206 1547 1311 1585 illiue,
1329 1547 1404 1586 quia
1429 1547 1495 1586 ipse
1521 1546 1614 1584 dicit,
1635 1544 1722 1586 quod
1740 1545 1792 1577 ille

1021 1608 1083 1629 nou
1106 1600 1210 1630 amisit
1232 1601 1368 1639 gratiam
1381 1623 1391 1637 ,
1407 1608 1504 1639 quam
1530 1598 1671 1639 poposcit
1687 1609 1694 1629 ι
1713 1607 1792 1638 ergo

1021 1655 1148 1692 propter
1163 1654 1325 1692 peccatum
1342 1662 1450 1683 suum.

1063 1705 1154 1745 Hesp.
1168 1706 1341 1737 Dicendum
1349 1706 1434 1746 quod
1445 1705 1638 1736 consuetudo
1646 1704 1792 1736 Ecclesiae

1023 1762 1089 1789 erat
1104 1759 1230 1790 differre
1246 1759 1437 1799 baptismum
1463 1768 1564 1799 usque
1588 1758 1627 1790 ad
1649 1761 1793 1798 tempora

1023 1811 1241 1849 determinata,
1255 1812 1314 1843 nisi
1326 1813 1507 1843 immineret
1521 1811 1698 1852 periculum
1709 1820 1794 1842 mor-

1024 1864 1077 1902 tis,
1095 1868 1125 1896 et
1141 1874 1240 1905 usque
1257 1865 1297 1895 ad
1322 1865 1532 1895 eruditionem
1554 1863 1724 1904 perfectam
1739 1872 1748 1894 :
1766 1865 1796 1894 et

1025 1918 1105 1957 ideo,
1117 1919 1192 1958 quia
1204 1918 1246 1948 ibi
1259 1918 1445 1949 Ambrosius
1459 1918 1538 1949 vidit
1550 1926 1614 1948 non
1629 1916 1797 1948 imminere

1027 1972 1225 2012 periculum,
1250 1971 1390 2009 distulit,
1407 1973 1437 2001 et
1461 1971 1530 2001 ideo
1551 1979 1616 2001 non
1636 1970 1795 2009 peccavit;

1026 2034 1084 2055 nec
1106 2025 1156 2055 ille
1179 2025 1350 2055 damnatus
1370 2024 1446 2061 fuit,
1470 2023 1546 2063 quia
1570 2023 1681 2063 petiit:
1703 2025 1733 2054 et
1755 2023 1798 2054 ita

1032 2088 1105 2109 cum
1121 2078 1269 2109 voluntas
1284 2077 1378 2108 fuerit
1394 2077 1426 2107 in
1439 2086 1486 2115 eo,
1504 2085 1569 2107 non
1584 2076 1643 2106 fuit
1660 2078 1797 2107 contem-

1028 2133 1120 2172 ptus:
1142 2133 1173 2161 et
1194 2130 1262 2161 idco
1284 2130 1422 2161 salvatus
1443 2132 1500 2160 est.
1526 2128 1588 2160 Nec
1613 2129 1800 2160 Ambrosius

1029 2184 1153 2216 dolebat
1166 2183 1204 2214 de
1218 2183 1312 2222 culpa
1328 2192 1396 2220 sua,
1419 2191 1476 2213 nec
1489 2182 1526 2213 de
1541 2182 1744 2213 damnatione
1760 2182 1800 2213 il-

1029 2238 1107 2276 lius,·
1123 2236 1176 2267 sed
1190 2236 1314 2266 dolebat
1330 2236 1436 2266 dolore
1455 2235 1691 2275 compassionis.
1722 2235 1801 2273 Quia

1029 2290 1115 2321 enim
1135 2298 1199 2319 non
1222 2288 1280 2318 fuit
1304 2288 1498 2328 baptizatus7
1516 2287 1585 2318 ideo
1610 2288 1648 2318 de
1666 2288 1802 2328 peccatis

1029 2342 1095 2373 suis
1105 2341 1243 2381 aliquam
1255 2341 1404 2372 sustinuit
1414 2350 1541 2381 poenam
1556 2341 1778 2381 purgatoriam
1792 2352 1798 2370 :

1030 2397 1060 2426 et
1074 2395 1143 2424 ideo
1152 2394 1337 2424 Ambrosius
1350 2394 1601 2433 compatiebatur
1615 2394 1655 2424 ad
1671 2394 1800 2424 modum

1033 2450 1130 2483 lsaiae,
1147 2449 1200 2488 qui
1216 2448 1338 2479 dicebat
1353 2450 1361 2466 ¹
1379 2460 1385 2478 :
1410 2448 1521 2481 venter
1543 2457 1623 2480 meus
1641 2448 1685 2480 ad
1699 2447 1798 2486 Moab,

1031 2505 1122 2543 quasi
1136 2501 1262 2533 cithara
1271 2502 1385 2534 stabat.

1064 2566 1070 2582 ¹
1086 2566 1145 2593 Iso„
1162 2569 1212 2591 xii,
1230 2565 1264 2587 11.
1280 2577 1309 2580 ——
1328 2565 1359 2593 (a)
1376 2564 1444 2587 Edit.
1468 2564 1521 2587 l'en.
1538 2565 1704 2586 sacramento.
