2017 2948
82 2206 112 2227 ne
133 2206 187 2227 duo—

82 2237 121 2257 bus
147 2243 190 2256 mo-

83 2268 116 2288 dis
133 2274 191 2287 man·

81 2298 182 2319 ducaudi.

199 129 256 158 ⁴234

196 193 349 224 cramenti
365 201 426 222 uon
442 194 488 222 est
503 191 607 221 unitas
623 191 831 230 simplicitatis
846 193 854 209 ¹
873 190 963 229 (con-

195 248 256 276 stat
270 246 355 276 enim
378 254 417 274 ex
433 243 529 275 verbo
553 246 583 274 et
599 244 790 282 elemento),
811 243 864 273 sed
882 244 964 272 iute-

197 299 337 337 gritatis;
367 307 423 328 nec
448 297 639 336 integritatis
663 297 832 334 absolutae,
857 296 909 325 sed
932 295 965 325 in

195 353 444 392 comparatione,
464 352 538 391 quia
562 360 623 380 non
641 350 797 380 uniuntur
819 349 851 379 in
871 349 964 379 tertio

195 407 345 445 tanquam
362 404 395 434 in
417 404 537 441 forma,
559 403 613 433 sed
638 405 788 441 tauquam
808 402 841 431 in
858 401 963 440 signo.

195 457 350 495 Quoniam
365 466 444 496 ergo
466 457 526 487 hoe
543 458 775 486 sacramentum
787 479 794 492 ,
818 454 964 494 quamvis

194 512 257 542 duo
270 512 362 552 signa
377 511 533 542 contineat
544 533 552 547 ,
568 511 599 539 et
613 509 676 539 duo
690 508 788 539 verba
798 531 805 544 ,
822 507 897 547 quia
915 509 965 537 ta-

194 574 267 595 men
283 574 323 595 ex
338 565 387 595 his
406 564 580 603 perlectum
603 561 733 592 resultat
757 560 888 600 signum
900 583 909 597 ‚
934 562 965 590 et

194 618 373 648 ordinatum
395 617 432 646 ad
460 624 580 653 unum,
611 614 726 644 scilicet
747 613 787 644 ad
814 613 964 644 unionem

193 670 331 709 corporis
351 668 494 708 mystici;
513 668 583 698 ideo
601 669 646 697 est
666 675 768 696 unum
784 674 963 696 sacramen-

192 726 272 753 tum.
284 722 372 752 Ratio
387 724 493 752 autem
506 721 576 752 talis
589 720 779 759 integritatis
791 722 822 750 et
836 719 962 749 ordina-

193 776 285 806 tionis
300 775 396 806 nnius
412 775 595 814 dispositive
612 774 698 805 venit
715 782 733 803 a
749 775 873 811 natura,
889 773 965 812 quia

193 838 249 859 nec
263 830 353 869 panis
369 831 415 860 est
430 838 485 868 per
501 838 534 858 se
550 828 640 867 plene
656 828 819 865 reficiens,
844 836 900 856 nee
918 826 965 855 vi-

192 892 284 921 num,
296 883 346 913 sed
360 885 545 922 utrumque.
561 882 596 912 Et
612 892 675 912 una
690 881 782 921 plena
796 880 921 910 refectio
933 880 965 910 in

193 938 307 966 natura
323 936 407 966 venit
419 945 457 966 ex
473 938 619 974 utroque,
630 937 660 965 et
675 935 717 964 ita
731 934 880 973 disposita
891 935 964 963 sunt

193 990 230 1020 ad
245 1000 343 1020 unam
358 989 562 1020 refectionem
578 988 778 1027 signandam.
800 986 861 1016 Sed
878 995 965 1016 com-

192 1043 309 1083 pletiva
327 1045 413 1074 venit
426 1043 465 1073 ab
483 1042 680 1072 institutione
700 1040 819 1076 divina,
833 1048 904 1078 qna}
923 1039 961 1076 (α’)

192 1105 257 1126 una
271 1095 468 1126 institutione
482 1095 551 1125 haze
568 1095 630 1124 duo
644 1094 739 1132 signa
754 1092 911 1122 ordinavit
927 1091 963 1121 ad

192 1147 435 1188 significandam
451 1156 547 1177 unam
565 1146 734 1185 perfectam
751 1144 962 1180 resectionem,

192 1203 223 1232 et
234 1201 303 1231 ideo
320 1210 421 1231 unum
437 1201 681 1235 sacramentnm⁷
696 1198 818 1228 ratione
829 1199 963 1233 naturae,

193 1256 222 1284 et
238 1254 440 1284 institutionis
456 1253 573 1283 divinae
590 1263 596 1282 :
616 1251 699 1282 unde
714 1251 790 1290 quia
810 1259 848 1280 ex
864 1249 963 1288 pluri-

193 1307 252 1337 bus
264 1307 457 1346 integratur,
474 1307 543 1336 ideo
559 1305 742 1344 Gregorius,
762 1302 966 1333 materialiter

192 1361 350 1401 loquendo
377 1361 409 1390 in
438 1360 587 1396 Collecta,
615 1359 690 1389 (11011
717 1369 722 1388 ;
744 1357 962 1388 Sacramenta.

193 1413 272 1451 Quia
288 1423 362 1444 vero
385 1423 451 1443 una
473 1412 670 1443 ordinatiaeme
693 1411 869 1445 ordinatur,
897 1409 966 1439 ideo

193 1468 298 1498 statim
314 1467 387 1497 dicit
405 1478 410 1496 :
432 1468 459 1496 E
462 1470 472 1497 c
486 1468 660 1505 prteslastd
679 1464 734 1495 hoc
750 1468 839 1494 ταιιιιι
855 1471 965 1494 saera—

193 1525 344 1556 mentum,
358 1522 430 1550 ete:
448 1522 479 1550 et
493 1520 537 1549 sie
553 1521 637 1558 patet
651 1518 729 1547 illud
746 1516 900 1554 Gregorii.

234 1576 262 1604 1.
275 1574 322 1604 Ad
334 1573 501 1612 illudquod
517 1572 676 1610 objicitur,
691 1570 775 1609 quod
787 1569 878 1609 plura
892 1570 967 1598 sunt

194 1627 333 1666 signata,
350 1626 517 1657 dicendum
535 1624 619 1664 quod
644 1632 744 1654 uuum
767 1624 814 1652 est
838 1623 966 1661 propter

194 1680 340 1717 alterum,
358 1682 389 1710 et
402 1688 458 1719 per
475 1679 622 1714 alterum,
639 1677 713 1716 quia
728 1685 841 1707 verum
858 1675 965 1714 signat

196 1733 378 1773 mysticum.

235 1789 265 1817 ΕΞ.
282 1787 330 1817 Ad
344 1786 422 1816 illud
437 1788 543 1816 autem
558 1784 643 1824 quod
668 1783 815 1822 objicitur
837 1782 875 1812 de
894 1790 966 1811 san-

197 1840 312 1878 guine,
333 1839 502 1870 dicendum
520 1837 603 1877 quod
629 1845 753 1867 annexa
776 1837 860 1866 sunt.
882 1833 970 1864 Unde

753 105 1060 155 SENTENriAnUM
1082 122 1158 153 Lm.
1179 122 1229 153 iv.

1019 189 1099 219 sicut
1115 188 1231 219 oblatio
1240 188 1318 228 agni
1332 189 1441 228 etejus
1455 189 1624 227 sanguinis
1636 198 1700 220 non
1714 192 1791 220 suut

1019 242 1090 272 duae
1105 241 1294 279 oblationes,
1313 241 1363 272 vel
1377 241 1548 272 sacrificia:
1568 242 1612 272 sic
1625 242 1658 272 in
1674 251 1790 282 propo-

1020 295 1078 325 sito
1095 294 1346 333 intelligendum.
1365 294 1401 325 Et
1425 294 1454 327 si
1476 294 1552 325 illud
1569 303 1634 325 non
1652 294 1768 325 sufficit
1781 318 1790 332 ,

1021 348 1189 378 (licendum
1204 348 1288 387 quod
1301 348 1490 378 ordinantur
1505 348 1543 378 ud
1559 356 1660 378 unum
1675 347 1794 387 signifi-

1020 404 1125 431 catum
1142 401 1302 431 ultimum.

1061 456 1089 485 3.
1117 454 1163 484 Ad
1191 454 1268 484 illud
1294 454 1378 494 quod
1404 454 1573 493 objicitur,
1606 454 1690 492 quod
1719 456 1794 484 sunt

1019 507 1111 547 plura
1135 507 1246 546 signa,
1273 507 1443 537 dicendum
1464 507 1565 546 quod.
1598 506 1794 546 integraliter

1019 560 1176 600 loquendo
1197 562 1228 590 et
1250 560 1462 598 materialiter,
1491 568 1604 590 verum
1626 562 1692 596 est,
1717 560 1792 599 quia

1019 614 1126 653 plures
1139 613 1274 653 speeies;
1290 613 1343 644 sed
1359 616 1467 644 tamen
1480 622 1583 644 unum
1599 613 1730 652 signum
1743 613 1791 643 in-

1020 669 1144 705 tegrum
1158 690 1167 704 ,
1185 667 1267 697 sicut
1281 669 1445 698 ostensum
1460 669 1505 696 est
1525 677 1532 696 :
1551 675 1615 696 non
1629 666 1673 696 sic
1687 665 1791 697 diver-

1020 728 1062 750 sa:
1078 729 1170 750 voees
1191 723 1265 750 sunt
1284 728 1386 750 unum
1413 728 1548 755 nomen,
1575 719 1638 749 imo
1653 718 1794 749 diversas

1020 773 1159 802 rationes
1173 772 1291 803 habent
1307 772 1531 810 innotescendi,
1549 774 1579 803 et
1593 772 1733 802 diversas
1747 772 1792 802 in-

1019 826 1214 864 stitutionem,
1242 827 1312 857 ideo
1343 826 1433 866 plura
1457 826 1596 857 nomina.
1624 825 1657 857 Si
1686 829 1793 857 autem

1021 888 1117 909 unam
1140 878 1293 910 haberent
1316 879 1566 916 institutionem,
1592 889 1694 910 unum
1715 881 1795 910 esset

1019 941 1135 963 nomen
1146 956 1154 971 ,
1172 933 1254 964 sieut
1270 934 1329 964 hoc
1345 942 1479 970 nomen,
1496 934 1748 971 Bona-ventura,
1762 936 1793 964 et

1020 986 1079 1016 hoc
1096 995 1213 1016 nomen
1228 987 1456 1018 Bonus-homo.

1060 1041 1089 1069 4.
1107 1039 1153 1069 Ad
1169 1040 1255 1069 aliud
1271 1040 1416 1070 similiter
1430 1041 1515 1080 patet
1530 1039 1704 1079 responsio,
1717 1040 1793 1079 quia

1020 1092 1169 1131 quamvis
1184 1092 1248 1122 sint
1264 1092 1327 1122 duo
1343 1092 1440 1122 verbu
1454 1094 1484 1122 et
1499 1092 1670 1130 elementa,
1693 1101 1794 1122 unum

1020 1146 1127 1174 tamen
1149 1147 1222 1174 sunt
1241 1147 1493 1182 sacramentum,
1515 1145 1592 1184 quia
1606 1145 1742 1176 verbum
1764 1147 1796 1176 et

1023 1197 1215 1227 elementum
1232 1207 1295 1228 non
1310 1198 1503 1228 conveniunt
1517 1198 1555 1228 ad
1572 1207 1675 1229 unum
1690 1206 1793 1229 sacra-

1026 1253 1173 1280 mentnm
1188 1251 1248 1280 nisi
1264 1252 1387 1281 ratione
1403 1251 1608 1281 institutionis
1622 1251 1797 1281 ordinantis

1021 1303 1060 1333 ad
1084 1312 1186 1333 111111111
1203 1314 1210 1333 ;
1228 1303 1303 1342 quia
1323 1313 1400 1341 ergo
1426 1304 1477 1333 hic
1498 1306 1546 1334 est
1567 1304 1723 1334 institutio
1743 1303 1796 1334 illa

1022 1357 1114 1396 plura
1128 1356 1167 1386 ad
1183 1365 1286 1386 unum
1301 1356 1467 1395 ordinans,
1486 1357 1556 1387 ideo
1572 1366 1673 1387 unum
1688 1366 1796 1387 sacra-

1023 1413 1179 1440 mentum.
1197 1409 1256 1440 Per
1271 1410 1330 1440 hoe
1348 1413 1432 1449 patet
1453 1411 1537 1450 quod
1553 1419 1616 1441 non
1632 1413 1678 1441 est
1693 1410 1796 1441 simile

1023 1463 1060 1493 de
1088 1472 1182 1493 causa
1205 1463 1375 1493 universali
1388 1487 1396 1501 ‚
1421 1464 1497 1502 quia
1523 1472 1587 1493 non
1614 1465 1737 1493 tanturn
1757 1463 1796 1494 ad

1021 1525 1122 1546 unum
1140 1516 1287 1546 effectum
1300 1525 1402 1545 causae
1420 1516 1615 1555 particularis
1628 1516 1796 1547 ordinatur

1022 1568 1230 1606 universalis,
1259 1568 1313 1598 sed
1337 1569 1375 1598 ad
1402 1569 1518 1598 multos
1538 1569 1625 1599 alios.
1644 1568 1704 1599 Sed
1728 1569 1797 1600 haee

1021 1621 1084 1651 duo
1097 1621 1135 1651 ad
1152 1630 1252 1650 111111111
1269 1621 1441 1660 perfeetum
1459 1623 1693 1651 sacramentum
1710 1622 1795 1652 ordi-

1022 1677 1139 1704 nantur
1156 1685 1162 1704 :
1181 1673 1372 1713 perfectum,
1400 1674 1548 1714 inquam,
1573 1677 1730 1714 quantum
1758 1674 1796 1705 ad

1022 1727 1303 1767 significationem,
1321 1727 1396 1766 quia
1410 1727 1444 1757 in
1459 1731 1572 1757 neutro
1587 1727 1727 1758 salvatur
1745 1736 1796 1758 ra-

1024 1781 1066 1810 tio
1083 1780 1227 1819 persectae
1243 1780 1419 1810 resectionis
1433 1780 1587 1810 naturalis
1602 1789 1657 1820 per
1676 1789 1726 1817 se;
1743 1779 1797 1811 sed

1023 1833 1057 1863 in
1074 1835 1210 1872 utroque
1225 1832 1320 1862 simul
1332 1857 1340 1870 ‚
1356 1834 1391 1863 ut
1404 1834 1524 1862 tactum
1539 1835 1596 1863 est.

727 1978 1148 2028 DISTINCTIO
1193 1979 1265 2024 IX

246 2100 283 2122 DE
307 2098 514 2121 EUCHARISTIAE
537 2096 736 2118 SACRAMENTO
761 2096 817 2117 PER
841 2092 1095 2115 COMPARATloNEM
1121 2092 1161 2113 AD
1185 2091 1408 2120 SUSCIPIENTES,
1435 2091 1494 2112 VEL
1515 2091 1747 2113 MANDUCANTES.

249 2186 289 2219 Et
303 2191 313 2206 ²
327 2186 409 2217 sicut
431 2185 504 2217 duae
531 2188 607 2216 sunt
631 2194 681 2215 res
704 2182 793 2214 illius
816 2181 1031 2220 sacramenti,
1051 2180 1096 2212 ita
1119 2179 1215 2211 etiam
1237 2178 1303 2210 duo
1328 2178 1415 2210 modi
1438 2178 1658 2211 manducandi
1683 2191 1690 2210 t
1709 2190 1796 2212 unus

206 2242 448 2276 sacramentalis
463 2268 470 2282 ,
489 2242 609 2273 scilieet
634 2252 699 2284 qno
725 2239 802 2271 honi
818 2243 849 2271 et
869 2238 945 2270 mali
960 2237 1078 2277 edunt3
1097 2236 1178 2268 alter
1193 2235 1390 2279 spiritualis,
1407 2246 1472 2279 quo
1488 2236 1548 2268 soli
1564 2236 1641 2268 boni
1657 2235 1796 2268 mandu-

206 2305 290 2334 cant.
307 2300 401 2333 Unde
418 2299 626 2341 Augustinus
640 2302 650 2317 ³
668 2310 674 2329 :

700 2310 716 2327 «
738 2297 825 2335 Quid
849 2300 895 2328 est
918 2295 1082 2327 Christum
1110 2292 1328 2325 manducare?
1344 2292 1416 2325 Non
1431 2297 1477 2324 est
1502 2293 1560 2325 hoc
1576 2293 1683 2325 solum
1699 2293 1731 2325 in
1746 2304 1796 2324 sa-

204 2363 369 2391 cramento
389 2368 507 2400 corpus
528 2356 598 2399 ejus
622 2355 783 2398 accipere,
803 2353 898 2385 multi
921 2353 1009 2384 enim
1034 2351 1169 2392 indigne
1194 2350 1372 2393 accipiunt;
1391 2348 1445 2382 sed
1462 2350 1496 2382 in
1513 2350 1581 2394 ipso
1597 2361 1747 2390 manere,
1763 2353 1795 2382 et

205 2416 324 2448 habere
346 2415 455 2459 ipsum
479 2414 513 2445 in
529 2425 561 2445 se
578 2417 776 2445 manentem.
796 2425 811 2441 n
831 2409 1056 2454 spiritualiter
1080 2408 1168 2440 enim
1193 2407 1388 2449 manducat,
1405 2407 1512 2451 quiin
1536 2407 1660 2440 unitate
1675 2405 1794 2439 Christi

240 2530 249 2546 ¹
266 2530 399 2554 Consentit
412 2531 438 2554 S.
453 2530 554 2559 Thous„
569 2536 594 2559 p.
611 2528 652 2556 111,
671 2534 696 2558 q.
712 2532 805 2554 Luni,
823 2527 869 2550 art.
884 2527 940 2548 2.-
953 2526 963 2542 ¹
978 2526 1038 2549 Haec
1054 2523 1139 2547 omnia
1154 2529 1218 2553 pene
1234 2522 1359 2546 habentur
1376 2521 1405 2545 de
1421 2522 1532 2553 Censes„
1547 2521 1603 2546 dist.
1618 2527 1680 2545 11.—
1695 2521 1703 2535 ³
1718 2522 1794 2554 Aug„

205 2564 235 2588 de
253 2566 320 2589 verb.
341 2566 424 2594 Dom„
439 2571 516 2588 serm.
534 2570 572 2593 x1‚
585 2563 618 2587 al.
639 2568 710 2592 LXXI,
728 2569 750 2586 e.
771 2567 808 2591 xi,
823 2568 849 2584 11.
867 2562 905 2590 17,
925 2560 1008 2591 quoad
1027 2566 1142 2586 sensum,
1165 2560 1191 2581 et
1203 2557 1321 2588 habetur,
1336 2557 1366 2580 de
1386 2558 1510 2586 Consecr„
1525 2557 1583 2581 dist.
1600 2562 1626 2584 n,
1642 2563 1663 2580 c.
1680 2556 1745 2585 Quid
1757 2558 1795 2580 est

207 2600 343 2624 christum.
353 2612 383 2618 —
400 2600 433 2630 (a)
449 2599 489 2624 Al.
506 2606 565 2630 qua.
