2017 2948
731 202 829 233 DIST.
853 201 984 233 XXXIX.
1008 201 1097 232 ART.
1123 202 1161 232 11.

171 270 248 300 dens
269 279 364 310 quem
388 269 533 307 invocat,
550 271 580 299 et
594 269 632 299 ad
650 268 688 308 (a)
706 270 802 308 jquid,
825 270 878 300 sed
904 278 943 299 ex

171 323 308 363 quadam
332 322 570 353 consuetudine.
605 321 642 352 Et
666 324 840 353 secundum
865 323 940 361 boe,

171 377 352 415 perjurium
368 378 467 415 potest
487 375 642 406 committi
663 375 835 414 tripliciter.
862 375 942 406 Nam

171 430 197 459 si
214 430 430 460 committatur
442 429 522 459 circa
530 429 724 468 jurationem
738 429 941 459 deliberatam

173 485 202 512 et
218 483 465 519 solemnizatam,
483 482 526 511 sic
540 484 584 511 est
600 491 698 520 grave
714 484 888 521 peecatum,
912 486 943 512 et

171 544 310 572 enorme,
324 536 367 565 ita
381 535 465 574 quod
482 535 582 565 reddit
597 535 761 565 hominem
778 535 940 565 infamem.

172 587 204 618 Si
215 597 290 618 vero
300 588 515 618 committatur
524 588 807 627 eircaJurationem
820 598 885 618 non
896 598 942 619 50-

170 640 391 679 lemnizatam,
421 651 478 671 nec
499 641 715 679 deliberatam,
743 642 786 671 sie
810 651 873 672 non
896 644 942 672 est

170 697 333 734 peccatum
351 695 493 731 mortale,
512 695 565 725 scd
581 695 714 733 veniale,
741 697 869 734 propter
883 695 942 725 hoc

171 748 256 788 quod
280 748 392 787 lingua
416 749 448 778 111
474 749 599 779 lubrico
621 750 721 788 posita
735 751 791 779 est.
819 748 850 779 Si
867 758 942 779 vero

172 801 388 831 committatur
412 802 496 832 circa
509 803 705 841 jurationem
722 802 939 840 deliberatam,

169 863 233 884 non
245 855 491 893 solemnizatam,
509 856 858 894 tuncdistinguendum
874 859 920 886 est
934 865 939 883 τ

170 907 245 946 quia
266 910 321 938 aut
340 908 490 938 deliberat
508 909 544 938 ‹le
558 909 639 939 dicto
658 912 687 939 et
700 909 939 947 dejuramento⁷

170 962 280 991 utrum
294 961 437 991 videlicet
453 961 574 992 dictum
589 962 628 992 sit
643 971 768 999 verum⁷
787 964 816 991 et
830 963 940 991 utrum

170 1013 402 1052 sitjuramento
422 1015 690 1052 confirmandum3
717 1017 747 1045 et
761 1017 837 1044 tunc
858 1014 883 1043 si
905 1014 939 1052 (b)

170 1067 322 1105 perjurat,
340 1067 514 1097 mortaliter
525 1070 642 1106 peccat.
662 1068 726 1098 Aut
736 1067 886 1097 deliberat
904 1067 942 1097 de

170 1119 250 1149 dicto
266 1122 400 1157 tantum,
419 1123 527 1151 utrum
552 1121 592 1151 sit
612 1130 738 1157 verum,
756 1131 820 1151 non
836 1124 941 1151 tamen

170 1173 207 1203 de
230 1175 412 1212 Juramento
438 1175 653 1214 snperaddito3
683 1178 713 1205 et
740 1178 815 1206 tune
840 1177 942 1215 potest

170 1234 236 1256 esse
252 1227 374 1257 veniale
391 1230 561 1266 peceatum.
580 1228 675 1259 Valde
699 1232 807 1259 tamen
829 1231 875 1258 est
889 1238 940 1259 ea-

169 1280 322 1317 vendum,
339 1280 413 1319 quia
429 1281 551 1311 veniale
565 1281 641 1311 illud
658 1282 869 1321 periculosum
884 1284 940 1320 est,

170 1334 199 1361 et
214 1332 352 1363 multum
374 1334 606 1373 appropinquat
622 1334 660 1364 ad
683 1334 815 1364 mortale
838 1344 942 1373 pecca-

169 1386 250 1415 tum.
289 1385 527 1416 Concedendum
552 1390 597 1417 est
625 1387 739 1426 igitur,
768 1388 850 1427 quod
877 1396 941 1417 non

169 1447 262 1468 omne
278 1433 455 1478 perjurium
467 1442 513 1469 est
528 1440 660 1470 mortale
670 1443 845 1480 pet-catum,
862 1441 943 1470 sicut

169 1491 245 1521 illud
254 1492 337 1530 quod
352 1501 416 1522 non
430 1494 476 1522 est
489 1493 710 1523 deliberatum.
729 1493 940 1523 Concedendae

168 1547 242 1575 sunt
263 1554 340 1584 ergo
356 1546 492 1576 rationes
508 1555 581 1585 quae
598 1546 657 1576 hoc
673 1547 853 1584 ostendunt,
871 1548 941 1577 licet

169 1595 283 1637 aliquae
299 1607 338 1628 ex
353 1598 398 1628 eis
414 1608 476 1629 non
493 1600 667 1629 necessario
683 1603 810 1638 cogant.

213 1654 236 1681 t.
256 1651 302 1681 Ad
320 1651 397 1681 illud
411 1661 487 1682 vero
503 1652 587 1691 quod
603 1653 752 1692 objicitur
767 1654 799 1683 in
815 1656 937 1684 contra-

167 1703 263 1741 rium,
281 1705 365 1743 quod
382 1705 458 1735 falsa
478 1706 598 1744 Juratio
614 1709 660 1735 est
682 1707 867 1746 perniciosa,
893 1707 940 1737 di-

168 1757 303 1787 cendum
321 1759 405 1798 quod
421 1759 625 1797 Augustinus
640 1760 790 1799 intelligit
806 1770 868 1791 non
885 1770 940 1800 ge-

167 1811 328 1850 neraliter,
347 1813 384 1843 de
400 1813 485 1843 omni
510 1814 625 1843 scilicet
644 1815 810 1853 juratione,
834 1815 887 1845 sed
902 1815 939 1845 de

168 1863 222 1894 iila
237 1874 307 1904 qnae
326 1867 360 1895 fit
373 1876 446 1896 cum
462 1867 685 1897 deliberatione
702 1879 707 1897 ι
725 1871 754 1898 et
768 1869 806 1898 de
821 1868 874 1898 illa
888 1878 939 1898 ve-

167 1926 240 1947 rum
257 1921 312 1954 est,
330 1919 414 1957 quod
431 1920 561 1949 mortale
576 1923 740 1959 peccatum
760 1924 815 1951 est.

208 1973 236 2000 2.
267 1971 313 2001 Ad
334 1971 411 2002 illud
436 1973 518 2011 quod
540 1973 704 2012 objicitur,
731 1974 815 2013 quod
844 1983 938 2005 omne

167 2024 342 2062 perjurium
357 2024 472 2055 directe
488 2020 648 2064 repugnat
663 2027 781 2057 divinae
798 2027 939 2066 prohibi-

165 2076 255 2113 tioni,
272 2076 452 2115 dicendum,
471 2079 555 2117 quod
574 2079 651 2109 illud
670 2089 733 2109 non
758 2082 804 2110 est
824 2090 936 2110 verum

166 2127 204 2157 de
219 2129 370 2167 quolibet,
388 2131 442 2160 sed
458 2131 494 2161 de
509 2131 561 2161 illo
577 2131 691 2170 50111111,
708 2133 792 2171 quod
808 2133 843 2162 fit
864 2142 936 2163 cum

166 2178 259 2217 plena
283 2180 507 2212 deliberatione
530 2185 561 2212 et
581 2192 747 2213 consensu.
774 2183 834 2213 Sed
855 2184 880 2214 si
903 2187 937 2215 tu

167 2231 306 2270 objicias,
333 2234 415 2272 qnod
433 2235 537 2264 omnis
562 2238 649 2265 actus
671 2236 885 2266 fornicationis
907 2239 937 2267 et

167 2284 312 2314 adulterii
335 2290 493 2325 repugnat
510 2288 554 2318 illi
578 2292 735 2328 praecepto
752 2301 758 2319 ι
777 2290 846 2321 Non
864 2299 937 2322 ηιατ-

167 2336 320 2376 Chaberis,
337 2341 367 2368 et
382 2339 450 2369 ideo
466 2342 513 2370 est
529 2344 691 2380 peceatum
712 2343 860 2381 mortate3
888 2344 934 2373 di-

167 2390 312 2427 cendum,
330 2392 413 2430 quod
427 2401 490 2422 non
506 2396 552 2423 est
567 2394 666 2425 simite
682 2395 720 2425 de
735 2396 833 2426 verbo
852 2397 936 2435 quod

167 2442 254 2473 facilc
271 2443 384 2481 evolat,
403 2447 432 2474 et
448 2445 485 2475 de
497 2447 727 2485 perpetratione
744 2449 861 2488 peccati
873 2459 936 2479 car-

168 2495 263 2533 nalis,
282 2497 432 2535 quoniam
447 2501 534 2529 actus
551 2499 603 2529 ille
619 2509 742 2540 semper
757 2502 846 2532 debet
861 2503 935 2533 51111-

163 2549 269 2587 jacere
284 2549 417 2589 imperio
433 2551 572 2582 rationis.
591 2551 677 2583 Unde
689 2563 854 2595 nunquam
865 2565 937 2586 con-

167 2605 346 2633 summatur
361 2612 440 2642 opus
459 2604 492 2643 tc)
511 2605 624 2643 carnis,
641 2606 718 2644 quin
734 2607 831 2639 homo
845 2618 937 2648 repu-

201 2664 308 2690 ¹Ecclz'..
320 2671 396 2695 xxiii,
411 2668 434 2689 9.

1707 209 1762 238 211

998 271 1082 299 tetur
1096 269 1288 299 consensisse
1302 269 1394 309 pleno
1415 279 1580 302 consensu.
1607 273 1679 304 Ideo
1697 283 1767 304 ma-

999 322 1050 360 gis
1066 322 1254 361 generaliter
1269 325 1427 362 repugnat
1439 325 1651 364 prohibitioni,
1670 336 1766 367 quam
1785 365 1787 367 ¹

998 377 1084 405 actus
1100 376 1242 414 perjurii.

1039 430 1067 458 3.
1091 428 1136 459 Ad
1156 429 1232 459 illud
1249 430 1334 469 quod
1348 431 1506 470 objicitur,
1527 432 1610 472 quod
1627 433 1659 463 in
1679 435 1766 465 omni

998 482 1137 520 perjurio
1161 485 1206 512 est
1230 485 1427 523 contemptus
1448 493 1584 516 summae
1606 486 1765 524 veritatis,

998 534 1164 565 dicendum
1176 536 1260 574 quod
1275 537 1402 576 quando
1415 537 1530 577 aliquis
1539 539 1628 577 jurat
1638 548 1678 569 ex
1692 549 1768 579 qua-

998 587 1070 617 dam
1089 589 1317 619 consuetudine
1332 589 1382 621 vel
1401 591 1484 629 joco,
1506 600 1570 621 non
1590 591 1768 623 deliberans

997 640 1034 670 de
1050 642 1235 673 excellentia
1253 643 1395 674 veritatis
1418 644 1452 674 in
1476 645 1692 676 testimonium
1716 647 1765 677 in-

997 696 1134 724 vocatae:
1152 695 1209 725 etsi
1224 695 1329 735 aliquo
1345 697 1439 727 modo
1455 698 1621 737 possitdici
1632 701 1769 731 contem-

997 755 1083 784 nere,
1101 748 1176 786 quia
1192 758 1255 778 non
1275 750 1352 780 adeo
1367 753 1548 790 veneratur,
1565 751 1646 782 sieut
1660 752 1766 790 debet3

997 801 1103 829 tamen
1119 801 1244 839 proprie
1272 811 1335 832 nou
1352 804 1544 841 contemnit,
1571 805 1646 844 quia
1666 805 1769 844 potius

997 855 1044 882 est
1054 853 1097 882 ibi
1108 853 1212 884 debita
1222 855 1352 885 honoris
1364 857 1503 895 omissio,
1517 858 1663 896 quaedam
1674 859 1768 888 etiam

997 906 1206 945 negligentia,
1220 918 1316 948 quam
1328 909 1424 940 illatio
1440 911 1652 942 coutumeliae.
1668 911 1727 942 Sed
1743 912 1769 941 si

997 968 1037 988 ex
1058 959 1282 992 deliberatione
1306 963 1365 993 boc
1385 964 1509 1003 faceret,
1534 964 1653 1004 absque
1672 965 1770 996 dubio

997 1013 1071 1041 tunc
1087 1013 1228 1051 graviter
1245 1018 1396 1054 peccaret.

1038 1067 1066 1094 Ji.
1083 1065 1131 1095 Ad
1144 1066 1221 1097 illud
1237 1068 1320 1106 quod
1338 1068 1496 1108 objicitur,
1510 1070 1595 1109 quod
1607 1071 1771 1109 juramen-

997 1120 1065 1148 tum
1080 1119 1177 1149 trahit
1199 1121 1399 1152 mendacium
1415 1123 1453 1152 ad
1478 1122 1563 1154 aliud
1589 1133 1703 1163 genus,
1721 1124 1770 1155 di-

998 1172 1132 1202 cendum
1148 1174 1232 1212 quod
1246 1174 1322 1205 illud
1338 1177 1384 1206 est
1400 1185 1524 1214 verum,
1541 1177 1669 1216 quando
1681 1179 1770 1217 jiira-

999 1228 1144 1256 mentum
1158 1227 1282 1257 additur
1293 1237 1365 1258 cum
1377 1228 1601 1260 deliberatione
1613 1230 1672 1270 ipsi
1682 1240 1771 1262 men-

998 1278 1110 1309 dacio:
1137 1282 1212 1309 tunc
1237 1281 1322 1310 enim
1347 1281 1440 1311 habet
1463 1282 1587 1321 plenam
1614 1284 1768 1315 rationem

993 1332 1181 1370 fflramenti,
1198 1335 1229 1363 et
1248 1334 1344 1365 trahit
1366 1335 1398 1365 in
1413 1335 1499 1366 aliud
1515 1345 1618 1374 genus
1638 1338 1767 1376 peccati.

999 1384 1129 1420 Quando
1140 1395 1215 1417 vero
1228 1389 1342 1426 praeter
1356 1388 1614 1420 deliberationem
1629 1390 1767 1428 additur,

997 1440 1073 1468 tunc
1089 1440 1236 1478 qnaedam
1251 1445 1297 1471 est
1322 1441 1558 1473 circumstantia
1573 1453 1767 1483 aggravans,

997 1501 1060 1521 non
1089 1494 1264 1524 necessario
1288 1494 1416 1525 trahens
1440 1496 1472 1526 in
1500 1506 1603 1535 genus
1628 1499 1769 1529 mortalis

996 1547 1124 1584 peccati,
1141 1556 1199 1586 pro
1214 1557 1250 1578 eo
1266 1549 1351 1588 quod
1370 1550 1593 1588 juramentum
1614 1551 1691 1582 illud
1713 1562 1769 1583 su-

998 1599 1196 1637 peradditum
1212 1610 1275 1631 non
1294 1601 1464 1633 introducit
1481 1603 1611 1643 plenum
1628 1605 1769 1636 veritatis

996 1654 1226 1691 contemptum,
1245 1664 1301 1685 nec
1314 1657 1360 1685 est
1370 1655 1468 1695 ipsius
1479 1657 1619 1688 veritatis
1629 1658 1768 1689 destruc-

996 1704 1111 1742 11ν11111,
1135 1706 1206 1737 licet
1227 1708 1335 1749 aliquo
1354 1710 1447 1740 modo
1461 1710 1607 1750 disponat
1626 1712 1664 1742 ad
1679 1712 1766 1743 veri-

994 1758 1067 1788 tatis
1082 1760 1289 1798 contrarium,
1313 1762 1388 1801 quia
1403 1764 1596 1795 consuetudo
1616 1765 1767 1805 frequen-

994 1813 1043 1841 ter
1065 1813 1147 1850 parit
1172 1813 1334 1844 libidinem
1365 1818 1395 1845 et
1419 1820 1634 1857 contemptum
1662 1827 1668 1847 :
1697 1819 1766 1850 ideo

994 1864 1085 1894 valde
1115 1866 1291 1896 cavendum
1320 1870 1366 1898 est
1395 1870 1586 1908 perjurium.
1626 1871 1664 1902 Et
1691 1873 1767 1911 quia

994 1920 1123 1956 propter
1146 1918 1400 1951 incertitudinem
1415 1924 1569 1953 sermonis
1584 1924 1766 1964 frequenter

994 1971 1171 2009 pchurium
1183 1973 1367 2011 juramento
1383 1976 1602 2017 conjungitur,
1633 1978 1707 2009 hine
1719 1981 1765 2009 est

994 2023 1076 2061 quod
1092 2024 1197 2064 ipsum
1206 2027 1218 2064 j
1225 2029 1429 2058 uramentum
1442 2028 1475 2058 111
1487 2028 1665 2061 christianis
1674 2031 1762 2070 viris,

993 2079 1023 2106 et
1037 2077 1174 2107 maxime
1189 2079 1345 2117 perfectis,
1359 2080 1450 2111 debet
1461 2091 1527 2112 csse
1539 2083 1629 2115 valde
1642 2093 1762 2122 rarum,

993 2130 1168 2160 secundum
1185 2132 1351 2162 consilinm
1367 2135 1447 2173 ejus⁷
1465 2135 1519 2174 qui
1534 2135 1626 2166 dieit¹
1641 2147 1647 2166 :
1665 2137 1764 2169 Μνα-

992 2183 1077 2214 ttoni
1088 2191 1149 2215 non
1163 2188 1323 2217 assuescat
1332 2194 1365 2217 os
1377 2190 1478 2225 tumn,
1490 2192 1567 2220 sunt
1576 2190 1661 2222 enim
1672 2191 1765 2223 mulli

991 2243 1082 2267 casus
1096 2237 1131 2267 ίη
1147 2237 1215 2269 illa.

1222 2354 1463 2388 ARTICULUs
1487 2357 1528 2389 ΙΙ.

1032 2449 1267 2489 Consequenter
1279 2451 1436 2490 quaeritur
1450 2452 1487 2482 de
1502 2453 1603 2484 forma
1612 2454 1758 2493 jiiraiidi3

991 2504 1022 2533 et
1035 2503 1117 2533 circa
1131 2503 1191 2534 hoe
1212 2506 1402 2543 quaeruntur
1422 2504 1482 2533 tria
1499 2515 1505 2535 ε
1522 2505 1625 2544 primo
1640 2508 1760 2546 quaeri—

991 2558 1043 2587 tur
1058 2559 1166 2587 utrum
1180 2557 1270 2587 liceat
1280 2557 1391 2595 jurare
1406 2566 1462 2596 per
1477 2559 1592 2597 Deum;
1609 2561 1759 2601 secundo,

991 2611 1101 2640 utrum
1125 2610 1215 2641 liceat
1233 2611 1346 2649 jurare
1369 2618 1425 2648 per
1446 2609 1574 2651 aliquod
1598 2616 1757 2653 ereatum;

1024 2673 1057 2701 (n)
1074 2671 1140 2696 Edit.
1161 2672 1216 2695 1111.
1232 2672 1289 2695 (κω.
1301 2671 1335 2696 id.
1346 2682 1375 2688 -—·
1391 2671 1420 2701 (ll,
1433 2673 1510 2697 5111.-
1523 2676 1552 2704 (v)
1566 2682 1665 2706 corpus.
