2017 2948
480 275 692 306 CONCLL'SIO.

203 365 271 391 Doni
285 365 458 397 fortitudinis
477 366 548 391 arcus
563 365 684 390 consistit
701 365 729 389 in
751 364 896 390 tolerantia
904 370 972 397 pus-

236 410 339 435 sc'onum
359 409 552 439 tantummode,
573 409 601 434 in
622 409 797 434 imitationem
816 407 850 442 (a)
874 407 974 433 Christi

235 455 381 488 perfectam
398 453 442 486 (b).

242 532 332 572 Rcsp.
352 532 390 561 ad
415 541 483 571 arg.
506 531 677 561 Dicendum
705 530 787 570 quod
809 529 971 566 fortitudo,

201 588 356 626 quantum
371 587 418 615 est
439 585 476 615 de
491 594 549 615 sua
568 584 670 623 prima
690 584 823 620 ratione,
841 582 972 613 attendi-

201 642 255 670 tur
272 641 416 678 respectu
431 637 533 668 ardui.
557 637 704 667 Arduum
728 638 835 666 autem
858 635 973 665 (licitur

201 692 317 731 aliquid
333 692 496 731 dupliciter
513 700 520 720 z
536 693 591 721 aut
606 690 680 729 quia
696 692 741 719 est
754 689 874 728 aliquid
889 689 974 718 labo-

201 746 321 776 riosum
339 747 369 775 et
394 744 530 781 (lil'ticile,
551 743 781 783 quodaminodo
804 742 971 778 excellens,

201 802 231 829 et
257 807 442 837 aggravans
469 797 648 827 facultatem
678 796 776 836 ipsius
800 795 948 835 potentiae
964 804 971 832 ;

202 853 258 881 aut
272 851 348 890 quia
369 852 415 880 est
439 850 522 880 ultra
547 849 779 886 necessitatem,
800 851 831 879 et
852 848 974 878 excedit

202 906 319 934 statum
345 912 558 933 communem.
581 902 618 933 let
639 902 788 932 fortitudo
813 901 906 931 hahet
931 902 975 930 at-

202 957 287 987 tendi
298 958 440 995 respectu
453 956 616 995 utriusque
628 966 634 985 z
649 955 700 985 sed
713 957 857 994 respectu
867 953 972 993 primi,

203 1012 374 1042 attenditur
398 1014 428 1041 et
450 1011 616 1042 ordinatur
636 1011 810 1041 secundum
838 1010 973 1040 necessi-

203 1068 298 1095 tatem
309 1067 475 1104 p1·ae‹·epti;
488 1066 630 1104 respectu
645 1064 785 1101 secundi,
799 1063 974 1093 secundum

203 1119 380 1148 libertatem
404 1117 537 1147 consilii.
568 1117 603 1147 let
628 1118 769 1157 primum
792 1118 909 1156 spectat
937 1116 975 1146 ad

203 1171 418 1201 fortitudinem
442 1171 613 1205 virtutem:
643 1170 819 1200 secundum
839 1178 915 1199 vero
937 1169 976 1199 ad

204 1223 419 1254 fortitudinem
432 1223 564 1253 donum.
577 1224 733 1261 Quoniam
751 1225 858 1253 autem
875 1222 976 1252 ardui-

204 1279 250 1307 tas
264 1276 401 1306 maxime
415 1277 587 1307 attenditur
597 1277 680 1307 circa
694 1276 895 1306 tolerantiam
910 1284 977 1314 pas-

203 1330 345 1367 sionum;
361 1330 436 1359 hinc
446 1330 587 1368 estquod
602 1332 667 1359 tam
684 1329 878 1359 fortitudinis
889 1329 974 1364 doni,

204 1392 300 1423 quam
316 1383 507 1413 fortitudinis
529 1383 658 1413 virtutis
675 1385 721 1412 est
743 1382 911 1412 habilitare
931 1390 977 1411 se-

204 1437 344 1467 cundum
373 1435 577 1475 principalem
607 1435 655 1465 sui
685 1435 916 1465 ordinationem
938 1434 977 1463 ad

205 1489 422 1520 sufferentiam
434 1488 628 1527 passionum,
645 1488 698 1517 sed
714 1487 804 1517 aliter
820 1489 850 1517 et
865 1487 955 1517 aliter
968 1498 975 1517 ι

205 1543 280 1582 quia
295 1542 448 1572 sustinere
463 1543 493 1571 et
503 1541 637 1580 aggredi
650 1540 810 1580 passiones
828 1541 864 1579 (c)
877 1541 977 1579 potest

206 1596 320 1635 aliquis
334 1597 388 1625 aut
398 1598 526 1634 propter
533 1595 666 1633 justitiae
679 1596 708 1624 et
720 1594 894 1624 honestatis
907 1601 978 1623 con-

206 1650 433 1686 servationem,
455 1651 511 1678 aut
529 1650 656 1687 propter
676 1647 843 1687 perfectam
863 1646 977 1677 Christi

206 1705 439 1735 imitationem:
466 1703 509 1733 ita
530 1703 614 1742 quod
641 1703 781 1742 primum
805 1703 923 1741 spectat
938 1701 977 1731 ad

206 1758 363 1789 dictamen
370 1757 453 1795 juris
469 1756 632 1792 naturalis,
647 1758 677 1786 et
687 1755 862 1786 honestatis
877 1763 979 1785 mora-

206 1812 264 1848 lis;
287 1810 462 1841 secundum
486 1818 562 1839 vero
587 1811 703 1848 spectat
722 1808 761 1838 ad
785 1808 907 1838 consilii
927 1807 979 1837 do-

207 1873 296 1894 num.
315 1863 351 1893 Et
363 1862 515 1902 quoniam
531 1861 663 1891 imitatio
677 1861 791 1891 Christi
803 1861 979 1891 attenditur

207 1918 239 1947 in
254 1916 458 1947 crucifixio-ne
473 1915 532 1952 sui,
552 1914 727 1944 secundum
743 1914 828 1953 quod
846 1914 911 1953 ipse
931 1913 977 1943 di-

209 1970 250 1999 cit
263 1970 288 1999 ¹:
308 1969 368 2003 Qui
383 1968 450 1999 vult
465 1969 571 1999 venire
581 1970 651 2006 post
667 1975 723 2003 me,
740 1967 872 2006 abneget
887 1974 981 1997 seme-

209 2023 341 2061 tipsum,
354 2023 412 2051 etc.
425 2032 432 2057 ·,
446 2021 519 2050 hinc
535 2020 675 2059 estquod
687 2022 775 2049 actus
787 2019 980 2049 fortitudinis

209 2074 283 2105 doni
294 2073 465 2103 attenditur
473 2073 555 2102 circa
567 2074 749 2111 promptam
759 2074 790 2101 et
800 2071 980 2110 expeditam

210 2126 395 2165 passionum
410 2124 621 2160 tolerantiam,
644 2132 700 2161 per
719 2123 779 2152 hoc
801 2122 885 2161 quod
900 2130 978 2161 quo-

211 2179 380 2209 dammodo
401 2187 459 2208 nos
482 2177 623 2213 mundo,
654 2179 684 2207 et
706 2176 865 2206 mundum
891 2175 982 2205 nobis

212 2232 319 2262 crucifi
325 2231 383 2270 git,
397 2232 490 2270 juxta
500 2230 576 2259 illud
589 2230 673 2269 quod
684 2229 757 2259 (licit
767 2229 937 2268 Apostolus
948 2233 957 2247 ’Ξ
973 2240 979 2258 ;

213 2285 298 2316 Mihi
312 2284 451 2315 mundus
465 2283 643 2321 crucifioeus
659 2285 718 2319 est,
735 2285 765 2313 et
781 2290 834 2321 eqo
850 2281 980 2313 inundo.

214 2337 252 2368 Et
266 2338 325 2367 hoc
340 2337 481 2376 estquod
496 2336 569 2367 dicit
584 2335 784 2375 Augustinus
800 2335 833 2364 in
847 2335 928 2365 libro
943 2334 981 2365 dc

215 2391 367 2422 Doctrina
383 2389 569 2421 Christiana.
584 2398 593 2418 .-
614 2400 627 2417 «
642 2389 819 2427 Assurgant
834 2387 982 2426 deinceps

215 2443 253 2473 ad
268 2443 496 2480 fortitudinem,
508 2445 544 2472 ut
556 2441 696 2472 mundus
711 2441 754 2470 eis
763 2440 979 2478 crucifigatur,

215 2497 246 2524 et
262 2495 319 2534 ipsi
335 2495 465 2532 mundo,
478 2497 509 2525 et
523 2495 554 2524 in
569 2494 666 2533 hujus
675 2493 750 2523 vitae
763 2492 980 2532 perversitate,

216 2550 245 2576 et
266 2547 460 2577 abundantia
487 2546 676 2585 iniquitatis,
706 2554 771 2575 non
798 2545 983 2582 refrigescat

249 2610 281 2639 (a)
289 2609 357 2632 Edit.
370 2609 424 2632 i'en.
433 2609 571 2632 imitatione
579 2608 651 2639 .·—(l))
659 2609 842 2639 perlecta—(c)
850 2608 982 2638 passionis.

730 143 1039 176 SENTENTIARUM
1061 143 1133 175 LlB.
1157 143 1209 175 111.

1031 210 1178 242 charitas.
1194 222 1208 239 ι)
1234 210 1272 242 Et
1297 211 1342 242 sic
1367 214 1470 252 patet,
1497 214 1582 253 quod
1610 215 1801 247 fortitudinis

1031 265 1107 295 doni
1122 267 1210 295 actus
1219 265 1361 296 consistit
1370 266 1455 297 circa
1469 267 1654 306 passionum
1669 269 1802 300 toleran-

1032 318 1107 348 tiam
1122 318 1295 349 secundum
1311 318 1519 350 imitationem
1541 320 1655 351 Christi
1672 332 1679 352 :
1702 323 1734 353 et
1748 322 1802 353 hic

1031 373 1077 401 cst
1099 372 1168 410 eJus
1183 373 1271 401 actus
1291 372 1483 411 principalis,
1505 374 1586 404 sicut
1609 375 1748 406 rationes
1761 374 1801 406 ad

1031 424 1169 463 primam
1197 427 1320 464 partem
1343 425 1480 456 inductae
1509 427 1698 466 ostendunt,
1727 428 1803 468 quia

1032 486 1144 507 verum
1173 477 1367 508 concludunt
1396 489 1403 508 ε
1432 481 1463 509 et
1493 479 1563 511 ideo
1592 481 1801 513 concedendae

1031 532 1118 561 sunt.

1071 586 1100 621 1,
1117 585 1135 613 ⁶2
1151 585 1180 613 et
1196 586 1225 614 3.
1244 583 1290 614 Ad
1303 583 1381 614 illud
1395 593 1472 615 vero
1492 586 1577 624 quod
1598 586 1702 626 primo
1717 587 1803 628 obji-

1031 636 1125 673 citur,
1147 636 1231 675 quod
1247 638 1293 666 est
1316 636 1398 666 circa
1412 637 1656 669 delectationum
1678 649 1800 680 repres-

1031 689 1164 726 sionem,
1188 698 1242 728 per
1261 690 1463 721 auctoritates
1484 691 1674 730 Augustini3
1695 693 1804 724 dicen-

1031 742 1108 773 dum
1121 742 1205 782 quod
1220 742 1424 780 Augustinus
1439 744 1472 774 in
1485 744 1548 774 illis
1563 745 1803 777 auctoritatibus

1031 805 1095 826 non
1119 796 1262 834 assignat
1277 797 1443 835 proprium
1467 800 1497 828 et
1520 798 1728 838 principalem
1751 809 1802 830 ac-

1032 850 1100 878 tum
1117 848 1216 888 ipsius
1232 849 1422 879 fortitudinis
1437 850 1523 887 doni,
1540 851 1594 882 sed
1610 852 1699 891 quasi
1716 861 1802 892 prae-

1031 902 1209 932 ambulum.
1226 902 1323 932 Nemo
1333 903 1419 933 enim
1432 906 1599 943 promptus
1608 906 1655 935 est
1662 906 1693 935 et
1707 913 1802 944 expe-

1031 955 1115 986 ditus
1136 956 1174 986 ad
1199 956 1381 995 passionum
1403 956 1604 987 tolerantiam
1627 957 1804 988 secundum

1033 1009 1241 1039 imitationem
1259 1009 1384 1046 Christi,
1408 1010 1469 1040 nisi
1485 1010 1541 1050 qui
1560 1019 1689 1041 carnem
1711 1019 1804 1041 suam

1032 1072 1105 1092 cum
1121 1062 1206 1092 vitiis
1219 1065 1249 1092 et
1263 1063 1524 1102 concupiscentiis
1541 1063 1710 1094 crucifixit.

1072 1117 1101 1144 4.
1119 1115 1165 1145 Ad
1180 1115 1257 1146 illud
1273 1116 1358 1155 quod
1373 1116 1534 1155 objicitur,
1553 1116 1639 1156 quod
1652 1116 1804 1148 fortitudo

1032 1168 1203 1208 exequitur
1217 1178 1254 1198 ea
1277 1169 1315 1199 ad
1339 1178 1412 1208 quae
1428 1169 1596 1199 eonsilium
1617 1169 1740 1208 dirigit,
1756 1169 1803 1200 di-

1032 1222 1168 1252 cendum
1185 1222 1270 1261 quod
1285 1223 1343 1252 etsi
1359 1222 1479 1253 donum
1494 1223 1616 1253 consilii
1632 1223 1750 1262 dirigat
1765 1222 1804 1254 ad

1033 1275 1142 1305 divina
1158 1275 1288 1305 consilia
1302 1275 1473 1315 implenda,
1484 1276 1519 1306 in
1534 1276 1651 1315 quibus
1665 1275 1806 1306 consistit

1033 1328 1180 1367 perfectio
1195 1328 1371 1367 religionis,
1389 1328 1607 1368 principaliori
1622 1330 1729 1359 tamen
1753 1329 1801 1359 in·

1033 1381 1171 1411 tentione
1186 1381 1294 1420 dtrigit
1318 1381 1357 1412 ad
1380 1382 1463 1412 eain
1478 1382 1596 1419 quibus
1616 1382 1688 1421 plus
1707 1384 1753 1413 est
1766 1382 1804 1414 de

1033 1434 1154 1464 ratione
1169 1434 1333 1464 arduitatis
1349 1445 1355 1463 :
1372 1435 1501 1474 maJoris
1516 1436 1624 1465 autem
1637 1435 1803 1466 arduitatis
1833 1459 1839 1464 .

1033 1489 1079 1517 est
1094 1486 1252 1517 Christum
1273 1487 1390 1518 imitari
1414 1488 1447 1518 in
1471 1488 1691 1527 passionibus,
1708 1497 1805 1528 quam

1033 1540 1066 1570 in
1081 1540 1256 1570 actionibus
1274 1551 1281 1570 :
1299 1543 1329 1570 et
1343 1540 1413 1571 ideo
1428 1541 1509 1571 eirca
1524 1541 1711 1580 huJusmodi
1738 1542 1804 1571 tam

1033 1593 1212 1630 consilium,
1222 1603 1321 1633 quam
1337 1594 1457 1624 donum
1472 1594 1679 1632 fortitudinis,
1691 1593 1806 1634 princi-

1033 1647 1145 1686 paliter
1159 1647 1254 1677 habet
1272 1648 1452 1678 consistere.

1075 1702 1103 1731 5.
1119 1701 1167 1731 Ad
1192 1700 1270 1731 illud
1291 1701 1376 1740 quod
1397 1701 1528 1731 ulterius
1546 1701 1705 1740 objicitur,
1721 1701 1806 1740 quod

1034 1754 1154 1784 donum
1169 1753 1362 1784 fortitudinis
1374 1763 1439 1784 non
1455 1756 1556 1793 potest
1570 1763 1638 1784 esse
1651 1753 1807 1784 excellen-

1034 1807 1107 1838 tiori
1122 1807 1216 1837 modo
1230 1807 1312 1837 circa
1326 1807 1497 1847 passiones,
1513 1816 1610 1847 quam
1625 1807 1728 1838 virtus
1741 1807 1808 1838 for·-

1034 1860 1195 1897 titudinis;
1212 1860 1381 1891 dicendum
1405 1860 1491 1900 quod
1511 1860 1627 1891 falsum
1643 1862 1708 1898 est,
1732 1860 1807 1900 quia

1035 1912 1249 1943 excellentiori
1264 1913 1357 1944 modo
1372 1913 1506 1944 sustinet
1518 1913 1691 1953 passiones,
1707 1915 1739 1944 et
1755 1922 1808 1944 ex-

1035 1966 1208 1997 cellentiori
1234 1966 1343 1996 habitu
1354 1990 1362 2004 ,
1393 1967 1448 2006 qui
1476 1966 1610 1997 sustinet
1631 1966 1807 1997 secundum

1037 2018 1150 2049 Christi
1172 2019 1391 2057 imitationem,
1409 2028 1506 2059 quam
1521 2019 1577 2058 qui
1592 2021 1720 2059 propter
1731 2020 1807 2058 jus-

1036 2072 1113 2102 titiae
1127 2072 1399 2102 conservationem
1412 2083 1418 2109 ;
1435 2074 1465 2102 et
1480 2072 1534 2112 qui
1549 2072 1683 2102 sustinet
1696 2080 1808 2102 secun-

1036 2125 1114 2155 dum
1129 2125 1252 2155 consilii
1277 2125 1611 2164 supererogationem,
1628 2133 1726 2164 quam
1751 2125 1806 2164 qui

1037 2178 1211 2208 secundum
1242 2177 1390 2216 praecepti
1422 2177 1662 2215 obligationem.
1687 2177 1723 2208 In
1741 2186 1807 2208 uno

1037 2231 1123 2261 enim
1146 2231 1279 2261 istorum
1301 2230 1512 2266 rectificatur,
1537 2229 1655 2260 scilicet
1675 2230 1710 2260 in
1733 2232 1808 2261 actu

1037 2283 1164 2314 virtutis
1179 2283 1384 2319 fortitudinis;
1409 2283 1442 2312 in
1463 2283 1524 2313 alio
1546 2285 1653 2313 autem
1675 2292 1740 2314 non
1755 2292 1808 2314 so-

1038 2337 1105 2367 lum
1120 2337 1320 2373 rectificatur,
1335 2335 1388 2366 sed
1400 2335 1495 2366 etiam
1511 2335 1608 2366 altius
1622 2336 1765 2367 elevatur
1777 2338 1808 2366 et

1038 2389 1213 2429 expeditur,
1228 2388 1343 2419 scilicet
1360 2389 1393 2418 in
1412 2391 1483 2419 actu
1502 2389 1696 2420 fortitudinis
1717 2388 1803 2421 doni.

1039 2442 1076 2472 Et
1097 2450 1152 2481 per
1176 2441 1235 2471 hoc
1256 2443 1339 2481 patet
1356 2441 1435 2472 illud
1454 2441 1538 2481 quod
1554 2441 1666 2472 ultimo
1680 2449 1802 2481 quaere·

1039 2494 1142 2531 batur,
1161 2494 1304 2524 videlicet
1322 2494 1359 2524 de
1379 2494 1555 2524 differentia
1579 2493 1656 2524 reali
1678 2494 1807 2524 fortitu-

1039 2547 1122 2577 dinis
1133 2547 1218 2584 doni,
1237 2549 1267 2576 et
1282 2547 1472 2577 fortitudinis
1487 2547 1624 2585 virtutis,
1638 2549 1669 2577 et
1682 2546 1720 2578 de
1734 2555 1809 2578 con·

1074 2608 1193 2638 lamma„
1207 2614 1261 2639 xvi,
1272 2610 1310 2632 24.
1322 2622 1352 2627 —
1363 2609 1373 2625 ¹
1385 2608 1452 2639 Gal..
1465 2614 1499 2639 vi,
1515 2610 1554 2633 ¹4.
