2017 2948
253 117 310 147 302

250 181 328 212 tiam
343 181 530 212 sacramenti
545 181 681 213 verbum
703 182 830 220 vocale,
851 182 919 213 sive
933 191 1020 215 erea-

251 237 331 265 tum.

290 290 320 318 2.
345 287 422 318 Item
448 290 479 318 et
493 288 516 317 si
534 291 694 325 creatum,
718 298 781 319 non
797 288 923 319 videtur
938 290 1022 328 quod

252 340 368 377 vocale,
385 341 459 380 quia
475 341 676 380 Augustinus
691 341 765 371 dicit
784 343 792 359 ¹
807 366 814 378 ‚
838 343 869 372 et
888 342 1024 372 habetur

251 394 281 423 in
306 394 411 424 littera
424 417 433 431 ‚
451 395 533 433 quod
555 406 567 421 (ι
582 395 685 423 virtus
709 403 801 433 aquae
816 398 863 425 est
878 405 897 425 a
912 396 1022 433 verbo,

250 455 312 476 non
324 446 398 485 quia
415 446 540 482 dicitur,
558 446 610 476 sed
633 446 709 485 quia
729 447 878 477 creditur.
895 458 910 475 1)
938 447 1022 486 Ergo

250 499 365 529 sufficit
384 499 518 528 verbum
544 499 697 529 mentale:
722 509 786 530 non
808 509 886 539 ergo
902 500 1019 532 vocale.

291 554 319 581 3.
345 551 441 588 ltein,
465 552 490 581 si
515 552 651 581 verbum
679 552 787 583 vocale
811 556 858 583 est
879 563 1022 585 necessa-

252 605 345 641 rium,
361 613 432 634 cuni
449 604 561 641 Patris,
579 607 608 634 et
627 604 706 643 Filii⁷
724 608 753 636 et
771 606 906 646 Spiritus
922 608 1022 637 sancti

250 658 312 688 sint
329 657 386 687 tria
401 658 530 688 nomina
552 658 673 688 vocalia
685 683 692 696 ‚
715 659 805 689 debet
824 669 904 699 ergo
919 661 1020 700 bapti—

249 711 311 740 zari
335 719 398 740 non
422 710 455 740 in
479 711 607 741 nomine
630 713 765 750 tantum,
782 712 836 743 sed
860 713 892 743 111
915 714 1019 743 nomi-

249 763 352 793 nibus.

287 819 316 847 4.
332 817 420 853 Item,
434 817 517 855 quod
528 827 591 848 non
603 819 738 849 verbum
752 819 869 856 vocale,
882 819 1020 856 videtur,

248 870 322 909 quia
348 870 446 900 verba
470 871 592 901 vocalia
614 881 678 902 non
704 875 778 903 sunt
803 873 913 903 eadem
937 873 1021 912 apud

247 932 375 953 omnes:
392 932 470 962 ergo
493 933 552 954 nec
568 928 802 956 sacramentum
819 936 825 956 t
844 928 875 956 et
890 926 949 957 hoc
963 926 1020 957 fal-

248 985 324 1006 sum
335 979 391 1014 est,
403 977 480 1016 quia
489 977 499 992 ²⁵
512 986 576 1008 ιιηα
587 977 680 1015 fides,
694 982 723 1010 el
734 987 833 1009 uittam
847 979 1019 1019 baptisma.

517 1093 741 1126 CONCLUSIO.

253 1177 365 1204 Verbum
384 1185 537 1212 eaepressum
557 1181 593 1204 cst
609 1179 640 1205 cle
656 1181 807 1206 necessitate
826 1182 849 1206 et
868 1181 1023 1213 inteqritaee

285 1224 460 1256 sacramenti,
476 1224 504 1248 ut
519 1224 555 1248 stt
571 1225 599 1249 i'n
613 1231 640 1249 eo
652 1224 775 1257 perfecta
794 1224 856 1257 fidei
876 1225 1021 1258 professio,

285 1269 309 1292 et
324 1268 359 1293 sz't
376 1268 403 1292 in
415 1267 487 1298 facto
503 1269 582 1300 atquc
597 1269 625 1293 ιή
640 1268 727 1293 verbo.

289 1349 379 1389 Resp.
397 1350 435 1380 ad
450 1359 520 1389 arg.
541 1350 715 1381 Dicendum
731 1352 816 1391 quod
831 1361 958 1383 necesse
974 1357 1022 1383 est

248 1403 384 1442 exprimi
401 1404 534 1433 verbum
551 1404 658 1435 vocale
670 1428 677 1440 ‚
695 1405 770 1444 quia
792 1408 876 1436 Deus
890 1406 1022 1437 contulit

249 1457 315 1486 vini
331 1458 428 1487 verbo
442 1468 448 1488 :
467 1458 550 1488 unde
565 1458 633 1489 sine
646 1459 744 1489 verbo
759 1459 878 1490 nullius
892 1462 939 1490 est
954 1460 1023 1490 effi-

249 1510 354 1540 030133.
376 1510 466 1541 Ratio
488 1513 595 1541 autem
621 1521 719 1551 quare
742 1512 845 1543 voluit
868 1513 1020 1552 exprimi,

250 1566 295 1592 est
319 1563 454 1602 perfecta
471 1564 543 1594 fidei
559 1565 728 1603 professio,
747 1567 781 1595 ut
798 1565 838 1595 sit
853 1566 884 1595 in
901 1566 980 1596 facto
992 1569 1023 1596 et

250 1616 358 1646 verbo.
390 1616 443 1646 Est
468 1617 563 1647 etiam
590 1618 725 1656 perfecta
755 1618 916 1657 signatio:
947 1619 1022 1658 quia

249 1669 334 1698 enim
364 1672 488 1708 peracta
513 1672 560 1699 est
584 1670 784 1708 regeneratio
808 1680 864 1710 per
882 1670 1022 1702 Verbum

248 1721 465 1758 incarnatum,
482 1725 511 1753 et
530 1722 671 1753 Vei-buin
690 1723 889 1754 incarnatum
903 1725 1022 1764 optime

249 1774 399 1813 signatur
427 1784 482 1814 per
511 1776 647 1806 verbum
668 1784 745 1807 voce
762 1776 926 1814 indutum3
952 1777 1022 1808 ideo

249 1827 350 1857 voluit
376 1829 406 1858 et
433 1828 569 1858 instituit
596 1828 681 1868 quod
705 1831 787 1859 esset
813 1829 857 1860 ibi
885 1830 1022 1861 verbum

247 1880 367 1911 vocale.

289 1935 316 1964 1.
338 1933 385 1964 Ad
409 1934 488 1964 illud
514 1934 600 1973 quod
619 1934 769 1974 objicitur
791 1935 913 1975 primo,
936 1937 1022 1976 quod

247 1986 355 2016 onmia
375 1989 451 2017 sunt
468 1989 573 2017 creata
592 1996 648 2027 per
668 1987 810 2018 Verbum
830 1988 1020 2027 increatum,

248 2039 415 2070 dicendum
437 2040 522 2079 quod
545 2048 601 2079 per
620 2040 717 2078 illud,
741 2041 916 2072 secundum
937 2043 1022 2082 quod

248 2091 448 2122 incarnatum
463 2094 530 2129 est,
546 2092 655 2122 omnia
674 2094 749 2123 sunt
770 2096 910 2124 recreata
930 2095 1020 2124 suffi-

247 2144 381 2182 cientem
396 2145 450 2174 sed
465 2145 635 2175 efficienter
650 2154 706 2185 per
723 2145 818 2175 fidem
828 2170 836 2183 ,
854 2148 885 2177 et
899 2147 1019 2186 protes-

247 2197 367 2227 sionem
393 2197 515 2236 huJ'us:
544 2199 575 2227 et
597 2198 672 2236 quia
696 2198 729 2227 in
752 2201 949 2229 sacramento
975 2202 1022 2230 est

246 2250 430 2287 efficientia,
453 2251 524 2280 ideo
546 2253 592 2279 est
615 2250 659 2280 ibi
678 2251 840 2290 expressio
864 2253 898 2282 in
924 2252 1021 2283 verbo

248 2303 362 2333 vocali.

287 2357 316 2385 2.
342 2355 388 2385 Ad
414 2355 490 2385 illud
512 2355 596 2395 quod
620 2355 786 2393 objicitur,
814 2367 829 2385 (1
852 2365 918 2386 11011
945 2357 1021 2397 quia

248 2408 381 2447 dicitur,
398 2409 452 2439 sed
466 2408 540 2448 quia
555 2408 711 2446 creditur,
736 2419 750 2436 1)
779 2409 1021 2448 intelligendum

284 2471 289 2485 ¹
303 2472 377 2500 Aug..
393 2470 437 2494 ubi
451 2477 578 2501 5011111.-
591 2470 599 2484 ²
612 2469 712 2500 Ephes„
726 2476 760 2500 ιν,
777 2472 800 2494 5.
813 2484 844 2489 —
858 2472 866 2484 ³
881 2472 947 2495 Psal.
964 2477 1020 2503 Lm,

249 2507 271 2529 3.
289 2518 315 2522 -
336 2506 344 2519 ⁴
360 2506 428 2529 Psul.
446 2512 525 2535 Lxxv,
545 2507 569 2530 1.
585 2519 616 2523 —
634 2505 644 2521 ⁵
663 2504 807 2537 Ἀνθρωπος.
823 2519 854 2523 -
869 2508 878 2520 ‘³
893 2508 932 2537 Cf.
950 2508 1020 2531 Alex.

248 2542 344 2572 Ateus„
358 2544 423 2572 part.
439 2542 480 2570 [Υ.
497 2549 522 2573 q.
538 2548 567 2572 11,
583 2541 678 2566 memb.
694 2543 716 2569 3,
736 2544 782 2565 art.
808 2545 833 2572 1,
854 2542 869 2573 ἓ
889 2544 911 2567 3.
934 2544 1020 2574 Stepn.

250 2577 354 2607 Bruies„
371 2578 400 2600 lv
419 2578 497 2608 Sunt„
510 2577 573 2602 dist.
595 2583 633 2607 111,
653 2583 677 2607 q.
698 2583 740 2606 1¹1;
761 2579 849 2601 Petrus
863 2579 894 2602 de
909 2579 1020 2609 Tarant„

810 115 1119 147 SENTENTIARUM
1139 115 1212 147 LlB.
1238 116 1286 146 lv.

1077 184 1125 213 est
1146 191 1219 213 cum
1241 182 1442 222 praecisione,
1459 192 1524 214 non
1548 184 1623 223 quia
1640 184 1754 216 dicitur
1774 187 1845 215 tan-

1078 238 1158 273 tum,
1172 237 1225 267 sed
1239 238 1333 268 etiam
1349 238 1425 277 quia
1438 237 1586 268 creditur.

1117 291 1145 320 3.
1170 290 1215 320 Ad
1239 290 1315 320 illud
1342 290 1427 330 quod
1448 291 1613 330 objicitur,
1644 291 1729 331 quod
1756 291 1847 323 debet

1077 342 1137 372 (1101
1156 343 1192 374 in
1214 343 1407 380 nominibus,
1435 343 1603 374 dioendum
1629 343 1715 383 quod
1736 351 1848 375 nomen

1077 394 1190 424 dicitur
1211 395 1392 434 tripliciter:
1419 405 1483 426 uno
1498 396 1606 434 modo,
1623 405 1687 427 vox
1701 396 1848 436 imposita

1077 447 1115 477 ad
1138 447 1386 486 significandum
1405 448 1544 488 aliquid,
1570 451 1605 478 ut
1630 448 1763 480 Petrus:
1786 447 1848 479 alio

1077 502 1186 539 modo,
1202 509 1315 534 nomen
1331 502 1447 533 dicitur
1467 503 1594 540 notitia,
1617 504 1654 533 ut
1669 512 1743 534 cum
1767 502 1847 533 dici-

1076 557 1129 585 tur
1141 556 1171 585 ³:
1191 557 1286 593 Deus,
1304 557 1337 587 in
1360 557 1488 587 nomine
1503 560 1556 587 ῑιιο
1576 556 1700 588 salvum
1713 564 1761 588 me
1783 556 1847 595 rac,

1077 608 1152 647 quia
1165 608 1191 638 si
1207 610 1287 639 esset
1303 617 1367 639 vox
1379 632 1386 646 ,
1398 609 1467 647 jam
1480 617 1545 639 non
1559 611 1641 640 esset
1655 608 1739 640 salus
1752 617 1849 639 mun-

1077 660 1116 690 (10
1129 671 1136 697 ;
1154 661 1248 691 tertio
1263 661 1375 699 modo,
1389 668 1501 692 nomen
1516 661 1631 692 dicitur
1644 661 1757 692 notitia
1770 669 1848 692 voce

1077 722 1241 752 expressa,
1261 716 1295 744 ut
1311 714 1342 743 in
1365 713 1531 745 Psalmo‘:
1553 714 1654 746 Notus
1679 714 1716 746 in
1738 713 1849 746 Judoea

1076 766 1180 804 Deus,
1202 767 1239 797 in
1258 767 1358 798 Israel
1379 775 1530 806 maynum
1553 774 1665 799 nomen
1687 766 1768 806 ejus.
1795 766 1850 798 lile

1076 818 1162 848 enim
1179 818 1294 850 dicitur
1309 820 1418 859 magni
1434 819 1587 858 nominis,
1604 821 1697 859 cujus
1710 819 1849 850 nominis

1077 871 1160 901 tama
1185 872 1381 911 percrebuit:
1401 874 1431 902 et
1453 873 1497 903 sic
1518 873 1670 913 accipitur
1684 872 1718 902 in
1732 880 1847 912 propo-

1077 924 1147 954 sito.
1167 923 1206 954 Et
1223 924 1375 963 quoniam
1399 934 1462 955 uua
1481 927 1528 955 est
1547 925 1658 956 notitia
1679 925 1798 963 Patris,
1819 927 1850 956 et

1078 977 1160 1014 Filii,
1178 980 1208 1007 et
1221 977 1357 1017 Spiritus
1371 979 1482 1017 sancti,
1498 979 1574 1019 quia
1588 987 1655 1010 una
1665 978 1765 1017 fides;
1779 978 1849 1009 ideo

1077 1030 1192 1061 dicitur
1207 1032 1243 1062 in
1258 1032 1384 1063 nomine
1406 1033 1531 1063 tantum
1543 1055 1551 1070 ‚
1568 1034 1599 1063 et
1615 1040 1681 1063 non
1694 1032 1731 1064 in
1744 1032 1847 1063 nomi-

1076 1084 1182 1115 nibus.

1117 1138 1146 1166 4.
1170 1137 1218 1167 Ad
1242 1137 1319 1168 illud
1344 1138 1427 1177 quod
1455 1138 1622 1177 objicitur,
1647 1138 1732 1178 quod
1756 1146 1849 1169 voces

1077 1192 1151 1220 sunt
1169 1190 1319 1228 diversae,
1338 1191 1508 1221 dicendum
1529 1192 1614 1230 quod
1636 1192 1693 1222 etsi
1713 1191 1848 1222 diversae

1077 1243 1137 1272 siut
1153 1243 1285 1281 linguae,
1301 1246 1405 1273 tamen
1420 1245 1614 1274 conveniunt
1627 1244 1659 1273 in
1675 1243 1847 1281 intellectu,

1078 1298 1108 1326 et
1125 1296 1218 1326 modo
1240 1296 1457 1336 intelligendi,
1485 1298 1514 1327 id
1539 1300 1585 1328 est
1605 1297 1802 1336 signatione,
1819 1299 1850 1327 et

1078 1349 1172 1379 modo
1188 1349 1336 1388 signandi
1354 1360 1360 1380 :
1379 1352 1409 1380 et
1430 1351 1505 1390 quia
1520 1360 1582 1380 non
1598 1350 1773 1390 requiritur
1790 1359 1846 1380 no-

1079 1412 1152 1432 men
1168 1403 1343 1433 seeundum
1358 1403 1440 1443 quod
1454 1413 1518 1434 vox
1527 1406 1662 1441 tantum,
1675 1403 1727 1434 sed
1741 1412 1850 1434 secun-

1079 1455 1155 1486 dum
1171 1455 1255 1495 quod
1272 1465 1335 1486 vox
1351 1456 1391 1485 sit
1406 1456 1549 1495 signans,
1562 1459 1592 1487 et
1606 1456 1701 1487 talem
1714 1455 1851 1486 intellec-

1078 1510 1147 1538 tum
1165 1518 1338 1547 generans,
1354 1511 1383 1539 et
1397 1509 1450 1539 tali
1462 1510 1570 1547 modo,
1587 1512 1620 1540 et
1635 1510 1694 1540 hoc
1706 1512 1753 1540 est
1766 1508 1850 1539 idem

1078 1562 1162 1600 apud
1184 1571 1309 1599 omnes;
1334 1562 1404 1593 ideo
1431 1565 1461 1593 et
1482 1565 1716 1594 sacramentum
1743 1562 1848 1600 idem,

1078 1616 1159 1645 sicut
1171 1615 1263 1647 homo
1278 1618 1308 1645 ct
1322 1615 1495 1655 cmchropos
1507 1619 1528 1645 ⁵.

1337 1730 1515 1767 QUAESTlO
1533 1730 1586 1761 111.

1108 1810 1155 1837 An
1170 1810 1206 1837 ad
1219 1811 1379 1845 completum
1394 1810 1430 1845 (a)
1446 1814 1469 1837 et
1484 1812 1617 1844 integrum
1631 1817 1684 1837 esse
1697 1810 1824 1845 baptismi

1178 1856 1213 1881 sit
1228 1856 1378 1882 necessaria
1392 1855 1456 1888 fides
1471 1855 1588 1888 alicujus
1602 1854 1714 1881 articuli
1726 1854 1746 1880 ⁶.

1122 1934 1234 1966 Utrum
1258 1935 1297 1966 ad
1321 1934 1514 1974 completum
1540 1937 1571 1966 et
1596 1934 1759 1974 integrum
1781 1943 1849 1965 esse

1079 1988 1225 2028 baptismi
1249 1987 1289 2018 sit
1309 1987 1485 2019 necessaria
1508 1987 1585 2018 fides
1608 1987 1745 2027 alicujus
1770 1988 1847 2018 arti-

1078 2041 1155 2078 culi3
1171 2043 1202 2071 et
1216 2041 1300 2081 quod
1315 2041 1370 2079 sic,
1389 2041 1534 2071 videtur:
1547 2040 1699 2080 quoniam
1713 2040 1850 2072 Ambro-

1078 2093 1145 2124 sius
1156 2093 1250 2123 dicit⁷
1262 2117 1269 2131 ,
1287 2096 1318 2124 et
1336 2093 1471 2123 habetur
1486 2093 1518 2123 in
1533 2093 1654 2131 littera,
1671 2093 1756 2132 quod
1772 2092 1850 2132 hap-

1078 2145 1192 2175 tismus
1206 2148 1251 2175 est
1267 2145 1345 2183 fidei
1364 2148 1618 2177 sacrcmzencum:
1635 2154 1715 2185 ergo
1730 2145 1756 2175 si
1771 2145 1852 2176 desit

1077 2198 1166 2236 fides,
1178 2198 1263 2228 deest
1279 2199 1355 2229 illud
1370 2199 1453 2238 quod
1464 2199 1681 2238 principaliter
1693 2201 1724 2229 et
1733 2198 1850 2239 specia-

1077 2251 1148 2281 liter
1163 2251 1290 2290 respicit
1310 2252 1504 2291 baptismus:
1520 2261 1598 2291 ergo
1619 2261 1684 2283 non
1707 2254 1755 2282 est
1769 2252 1848 2282 inte·

1078 2312 1175 2343 grum
1189 2307 1432 2334 sacramentum.

1119 2356 1195 2387 item
1210 2358 1413 2396 Augustinus
1427 2358 1502 2388 dicit
1512 2360 1537 2395 ⁸,
1553 2360 1584 2389 et
1597 2358 1734 2390 habetur
1747 2359 1780 2389 in
1793 2358 1849 2389 lit-

1078 2413 1169 2441 tera:
1201 2423 1215 2439 u
1238 2411 1326 2442 Unde
1353 2411 1423 2441 haze
1446 2413 1533 2441 tanta
1555 2411 1659 2442 virtus
1680 2421 1789 2452 aquae,
1813 2413 1849 2442 ut

1079 2469 1110 2493 lV
1130 2468 1208 2499 Sent.‚
1227 2469 1286 2493 dist.
1306 2475 1346 2498 111,
1371 2476 1395 2500 q.
1419 2474 1458 2493 111.
1481 2481 1512 2486 —-
1529 2469 1539 2484 ⁷
1559 2469 1687 2498 Ambros.‚
1707 2468 1736 2492 de
1756 2468 1846 2499 Spirtt.

1078 2504 1176 2533 Sancto,
1193 2505 1238 2528 lib.
1254 2505 1272 2535 1,
1288 2512 1311 2529 0.
1328 2510 1367 2530 111.
1382 2517 1411 2522 -
1430 2504 1441 2521 ⁸
1454 2505 1530 2535 Aug„
1544 2505 1570 2528 in
1583 2505 1665 2534 Joan„
1679 2506 1751 2528 tract.
1767 2508 1846 2532 uxx,

1078 2547 1102 2563 n.
1121 2542 1144 2564 3.

1111 2581 1144 2610 (a)
1161 2580 1222 2604 Coet.
1234 2580 1296 2604 edit.
1313 2580 1536 2610 complementum.
