2017 2948
188 163 246 192 234

188 227 309 266 gelicae.
325 226 491 258 Secundus
504 237 579 259 vero
594 237 683 259 amor
694 230 724 258 et
735 228 829 257 timor
841 236 956 257 conve-

189 281 234 310 nit
244 281 308 319 legi
321 281 476 312 mosaicae.
490 281 528 312 Et
537 281 687 321 quoniam
699 280 855 311 secundus
869 288 960 309 amor

189 334 335 364 convenit
348 334 443 365 statui
459 335 704 374 imperfectionis
719 358 726 370 ‚
747 334 778 363 in
798 342 862 372 quo
882 342 957 370 reg-

188 390 242 417 nat
255 388 370 424 timor;
398 388 471 418 hinc
486 391 533 418 est
549 388 630 427 quod
650 387 721 416 licet
735 387 905 425 utrobique
921 386 961 415 sit

188 440 284 470 timor
298 441 329 470 et
342 449 443 473 amor,
467 440 518 469 lex
539 442 644 469 tamen
662 439 830 477 Evangelii
846 439 960 468 dicitur

189 492 294 531 magis
315 493 476 523 observari
498 502 536 523 ex
559 501 683 529 amore,
707 501 803 531 quam
826 492 958 529 timore;

187 545 238 575 lex
254 554 330 575 vero
347 545 444 585 illoysi
462 554 478 573 e
493 545 660 575 contrario.

227 600 256 628 ⁶2.
276 597 323 628 Ad
338 597 415 627 illud
430 597 511 636 quod
527 597 687 635 objicitur,
705 597 789 636 quod
805 596 874 627 aliae
887 598 962 626 sunt

188 651 304 680 animae
319 650 500 680 affectiones
510 674 518 687 ,
540 650 708 680 dicendum
723 649 806 689 quod
821 649 877 679 etsi
892 649 961 679 aliae

188 704 261 740 sint,
280 705 387 733 tamen
402 703 468 733 istae
481 703 553 733 duat
567 703 741 738 sufficiunt,
758 711 815 741 pro
828 711 864 732 eo
877 702 962 741 quod

188 765 298 786 omnes
322 756 392 786 aliae
415 756 453 786 ad
480 756 555 786 istas
578 756 657 786 duas
684 758 815 795 possunt
840 755 959 785 reduci.

188 808 297 838 Omnis
317 808 401 838 enim
422 808 544 838 allectio
566 810 622 838 aut
643 810 691 838 est
708 810 852 847 respectu
867 808 960 845 boni,

187 864 242 892 aut
256 863 400 900 respectu
415 861 488 891 mali
502 870 509 891 :
527 863 557 891 et
572 861 596 891 si
610 864 755 898 respectu
768 861 853 897 boni,
870 860 964 890 redu-

188 914 270 944 citur
284 914 323 944 ad
337 923 498 951 amorem;
521 914 547 943 si
568 916 713 953 respectu
729 914 802 944 mali
813 938 822 950 ,
839 913 963 944 16111161-

189 969 240 997 tur
254 967 293 997 ad
311 967 470 997 timorem.
493 966 580 997 Unde
601 967 669 997 istae
689 967 762 997 duae
783 967 964 996 affectiones

189 1020 335 1050 dicuntur
364 1020 480 1050 habere
509 1020 723 1059 principatum
754 1020 836 1049 inter
864 1019 940 1049 alias
953 1045 962 1057 ,

188 1073 264 1112 quia
279 1073 418 1103 maxime
440 1073 557 1103 habent
580 1073 733 1103 rationem
751 1073 861 1103 motivi
873 1096 882 1110 ,
900 1082 963 1103 una

188 1126 367 1156 inclinando
382 1126 421 1156 ad
437 1127 556 1156 bonum
569 1149 576 1162 ,
601 1126 698 1156 altera
719 1126 752 1156 in
772 1126 964 1156 retrahendo

188 1188 206 1208 a
222 1178 305 1208 malo
320 1189 326 1208 z
343 1181 374 1208 et
387 1181 553 1217 propterea
568 1179 671 1216 magis
686 1179 834 1217 competit
848 1178 892 1208 eis
909 1188 960 1208 ra-

188 1232 232 1261 tio
247 1231 358 1261 radicis
370 1255 378 1268 ‚
394 1241 490 1270 quam
506 1231 725 1261 affectionibus
740 1231 818 1260 aliis.
836 1231 873 1260 Et
889 1231 913 1260 si
930 1234 963 1261 111

189 1284 327 1323 objicias,
344 1284 428 1323 quod
442 1287 516 1313 tune
530 1293 594 1313 non
606 1283 733 1313 deberet
744 1292 811 1313 esse
824 1283 883 1313 nisi
899 1292 965 1314 una

189 1337 281 1367 radix
293 1361 300 1373 ⁷
317 1337 391 1376 quia
406 1337 501 1367 timor
516 1337 677 1367 reducitur
691 1336 730 1366 ad
745 1345 897 1373 amorem,
914 1336 961 1366 di-

188 1390 323 1420 cendum
346 1390 429 1429 quod
449 1390 521 1420 duae
539 1389 687 1419 dicuntur
706 1389 881 1419 secundum
902 1390 965 1419 im-

190 1443 358 1473 mediatam
384 1442 653 1481 comparationem
681 1442 720 1472 ad
747 1451 843 1472 suum
870 1442 963 1472 moti-

189 1505 288 1532 vum,
313 1498 343 1525 et
365 1496 403 1526 ad
427 1498 514 1525 actus
538 1495 755 1532 immediatos,
781 1496 836 1534 qui
859 1495 897 1525 ab
919 1496 964 1525 eis

188 1549 307 1579 habent
327 1551 444 1579 ortum.
472 1549 557 1579 Unde
578 1549 632 1579 ubi
647 1550 693 1579 est
707 1549 797 1578 radix
821 1549 962 1584 timoris,

190 1611 305 1633 verum
320 1606 366 1632 est
382 1603 466 1641 quod
481 1604 527 1631 est
540 1602 633 1632 radix
647 1602 764 1631 amoris
778 1612 784 1637 ;
801 1601 853 1631 sed
871 1601 965 1631 alicu-

186 1656 240 1693 jUs
251 1657 296 1685 est
307 1655 397 1685 radix
407 1655 590 1685 immediata
600 1655 665 1694 ipse
678 1655 783 1691 timor,
797 1656 888 1693 qu'us
900 1663 964 1684 non

189 1712 235 1740 est
250 1718 340 1740 amor
354 1709 397 1739 ita
412 1710 603 1739 immediate.

230 1766 258 1792 3.
275 1762 323 1792 Ad
338 1762 416 1793 illud
432 1763 516 1802 quod
531 1763 678 1801 objicitur
690 1762 728 1792 de
740 1762 813 1800 lege
826 1764 961 1799 naturae,

190 1816 274 1855 quod
296 1815 422 1846 deberet
443 1816 559 1845 habere
584 1815 708 1845 tertiam
730 1815 867 1845 radicem
880 1839 889 1852 ,
913 1815 962 1844 di-

190 1867 324 1910 cendum
343 1868 427 1906 quod
445 1868 496 1898 lex
516 1869 640 1897 naturze
663 1868 778 1906 partim
794 1867 964 1897 convenie—

190 1921 243 1951 bat
252 1929 324 1950 eum
332 1920 404 1958 lege
412 1921 536 1959 gratiae,
550 1921 664 1959 partim
674 1929 747 1950 cum
756 1920 826 1958 lege
836 1920 961 1959 scripta.

191 1972 401 2004 Conveniebat
422 1983 495 2003 cum
517 1974 588 2011 lege
611 1973 724 2011 gratiae
747 1975 903 2012 quantum
925 1973 963 2003 ad

190 2026 367 2056 libertatem
381 2037 387 2062 ;
418 2035 491 2056 cum
519 2026 590 2064 lege
616 2026 731 2064 scripta
757 2026 964 2056 conveniebat

191 2081 349 2118 quantum
373 2079 411 2108 ad
436 2079 705 2117 imperfectionem
730 2080 760 2109 et
786 2079 961 2109 obscurita-

190 2134 255 2162 tem
271 2143 277 2162 :
293 2134 324 2162 et
338 2131 406 2161 ideo
422 2131 597 2161 secundum
614 2132 754 2162 diversas
770 2131 962 2162 conditiones

190 2184 298 2215 reduci
312 2184 407 2214 habet
420 2184 459 2214 ad
472 2184 531 2213 ista
546 2184 609 2214 duo
631 2184 749 2214 motiva
764 2194 770 2214 :
794 2193 851 2214 nec.
867 2193 960 2223 opor-

191 2238 252 2268 tuit
269 2237 352 2276 quod
367 2238 481 2267 habeat
495 2237 633 2267 radicem
649 2237 785 2267 tertiam.

232 2292 260 2320 4.
285 2289 333 2319 Ad
353 2289 428 2319 illud
448 2289 532 2328 quod
547 2289 705 2327 objicitur,
724 2289 809 2328 quod
825 2289 859 2319 in
872 2292 962 2320 utra-

192 2351 254 2381 que
263 2341 336 2380 lege
344 2342 527 2381 praecipitur
536 2341 630 2372 timor
639 2344 668 2371 et
678 2350 778 2379 amor,
795 2343 963 2373 dicendum

229 2404 233 2419 2
250 2403 306 2433 lm„
323 2409 338 2429 1,
360 2405 394 2426 19.

754 159 1063 192 SENTENTIARUM
1083 159 1157 190 LlB.
1181 158 1234 190 111.

1013 226 1097 265 quod
1114 235 1227 256 verum
1242 228 1288 256 est
1303 235 1310 256 :
1331 227 1384 257 sed
1399 235 1472 256 cum
1487 226 1539 256 lex
1554 226 1646 256 vetus
1667 225 1786 264 princi-

1013 278 1126 317 paliter
1141 278 1255 309 habeat
1273 279 1402 310 oculum
1417 279 1455 308 ad
1470 279 1628 313 timorem,
1644 277 1696 308 lex
1710 286 1787 308 vero

1014 340 1096 361 nova
1114 332 1328 371 principaliter
1342 333 1379 362 ad
1403 340 1564 368 amorem;
1588 330 1666 361 illud
1681 332 1786 361 autem

1014 386 1098 413 tenet
1110 384 1142 413 in
1155 384 1226 422 lege
1239 384 1395 414 rationem
1411 384 1534 421 radicis,
1551 383 1636 422 quod
1649 382 1687 421 (α)
1704 382 1788 422 prin-

1014 435 1153 474 cipaliter
1163 439 1269 466 movet
1283 437 1316 466 111
1328 437 1481 466 mandatis
1488 437 1517 475 ej
1523 445 1562 465 us
1571 434 1786 465 observandis.

1055 490 1083 518 5.
1103 488 1149 518 Ad
1162 489 1238 518 illud
1250 489 1334 528 quod
1347 490 1506 528 objicitur,
1523 488 1606 528 quod
1620 487 1789 526 utrobique

1014 541 1131 571 fiebant
1147 542 1412 572 comminationes
1426 544 1456 571 et
1471 540 1696 580 promissiones
1708 563 1716 577 ,
1740 539 1788 569 di-

1014 594 1150 624 cendum
1173 594 1256 633 quod
1272 594 1306 624 in
1321 594 1391 632 lege
1407 594 1507 624 vetem·
1521 593 1638 623 fiebant
1653 592 1790 632 promis-

1015 647 1117 677 siones
1131 647 1331 686 temporales,
1349 647 1524 677 secundum
1536 646 1621 685 quod
1635 645 1766 676 dicitur¹
1779 655 1786 675 :

1015 700 1056 731 Si
1072 701 1234 732 volueritis
1248 725 1257 738 ,
1277 703 1304 732 ec
1327 700 1499 731 audieritis
1519 708 1584 737 me,
1607 699 1687 731 bona
1701 701 1792 730 terroe

1014 752 1204 791 comedetis;
1218 753 1250 782 in
1261 752 1333 791 lege
1346 754 1453 782 autem
1465 761 1550 782 nova
1564 751 1789 791 promissiones

1016 809 1143 838 aeternae
1154 832 1161 845 ,
1180 808 1213 837 in
1228 817 1291 847 qua
1305 807 1458 838 Dominus
1471 806 1626 846 promittit
1640 805 1789 844 semetip-

1016 868 1088 890 sum
1103 860 1193 890 nobis
1205 861 1238 890 in
1251 860 1432 900 praemium.
1449 859 1598 890 Similiter
1611 858 1691 889 etde
1707 866 1791 888 com-

1018 913 1244 943 minationibus
1259 912 1502 951 intelligendum
1515 913 1570 942 est.
1587 911 1625 942 Et
1638 911 1791 950 quoniam

1017 965 1077 995 illae
1105 966 1366 996 comminationes
1380 968 1410 995 61
1429 964 1654 1004 promissiones
1678 964 1791 1003 primae

1017 1019 1236 1058 competebant
1277 1018 1372 1048 statui
1407 1016 1653 1057 imperfectionis
1676 1027 1684 1053 ;
1721 1015 1791 1046 ideo

1017 1072 1229 1101 abundantius
1255 1072 1451 1109 generabant
1475 1070 1623 1100 affectum
1648 1068 1790 1105 timoris,

1017 1133 1114 1163 quam
1128 1124 1246 1154 amoris
1262 1136 1267 1154 :
1285 1124 1338 1154 sed
1352 1134 1368 1153 e
1381 1126 1490 1154 contra
1502 1124 1549 1153 est
1561 1122 1599 1152 de
1614 1121 1793 1161 promissio-

1018 1177 1112 1206 nibus
1127 1179 1158 1206 et
1174 1176 1473 1206 comminationibus
1491 1175 1572 1213 legis
1586 1183 1678 1204 novae
1694 1185 1701 1211 ;
1723 1173 1792 1204 ideo

1018 1229 1098 1259 ratio
1114 1229 1166 1259 illa
1181 1238 1246 1259 non
1263 1229 1357 1259 valet.

1058 1286 1087 1311 ϋ.
1111 1282 1158 1311 Ad
1174 1282 1250 1312 illud
1266 1282 1351 1321 quod
1373 1280 1531 1320 objicitur,
1550 1279 1634 1319 quod
1656 1280 1793 1319 majores

1018 1329 1278 1365 comminationes
1294 1335 1375 1364 fiunt
1394 1335 1426 1363 in
1444 1333 1515 1371 lege
1536 1341 1619 1362 nova
1631 1356 1639 1370 ‚
1661 1340 1791 1372 respon-

1018 1387 1084 1418 deri
1107 1389 1207 1427 potest
1230 1387 1417 1426 dupliciter:
1444 1386 1566 1425 primo,
1595 1385 1670 1424 quia
1694 1384 1792 1416 homo

1020 1441 1153 1471 earnalis
1168 1443 1199 1470 et
1215 1440 1370 1470 sensibilis
1389 1440 1492 1477 magis
1506 1440 1695 1476 exterretur,
1719 1447 1793 1469 cum

1021 1493 1233 1524 comminatur
1249 1493 1311 1522 sibi
1332 1502 1425 1532 poena
1446 1493 1478 1522 in
1500 1492 1667 1530 praesenti,
1696 1501 1793 1531 quam

1020 1547 1051 1575 in
1068 1548 1189 1584 futuro,
1208 1547 1289 1576 sicut
1305 1547 1396 1577 multi
1410 1547 1548 1576 latrones
1562 1545 1666 1584 magis
1679 1545 1794 1576 timent

1018 1599 1117 1628 furari
1147 1602 1274 1638 propter
1300 1599 1478 1638 patibulum
1510 1600 1541 1628 et
1564 1598 1791 1638 suspendium,

1019 1661 1116 1691 quam
1142 1654 1270 1691 propter
1295 1651 1447 1682 infernale
1471 1651 1676 1690 supplicium.
1705 1650 1793 1681 Unde

1019 1705 1075 1735 etsi
1101 1706 1202 1744 maJor
1226 1705 1265 1735 sit
1288 1704 1511 1741 comminatio,
1537 1713 1604 1734 non
1624 1705 1730 1733 tamen
1749 1703 1792 1734 ita

1019 1760 1142 1795 movet,
1164 1758 1239 1797 quia
1258 1767 1321 1788 non
1341 1760 1388 1787 est
1407 1757 1484 1787 adeo
1501 1759 1586 1786 nota.
1606 1756 1677 1786 Alio
1698 1755 1793 1786 modo

1019 1814 1120 1851 potest
1138 1812 1199 1842 diei
1211 1836 1220 1850 ,
1244 1812 1329 1850 quod
1345 1812 1378 1841 in
1392 1811 1465 1850 lege
1483 1820 1567 1841 nova
1582 1820 1648 1841 non
1666 1812 1795 1841 tantum

1019 1868 1064 1896 est
1076 1866 1279 1896 comminatio
1289 1873 1393 1905 poenae
1406 1873 1547 1903 magnae,
1562 1864 1616 1895 sed
1629 1863 1794 1894 abundans

1019 1918 1142 1949 collatio
1157 1918 1269 1957 gratiae
1282 1942 1290 1955 ,
1312 1926 1386 1957 quae
1407 1917 1536 1956 quidem
1550 1917 1632 1957 parit
1651 1925 1793 1948 amorem

1018 1974 1050 2002 61
1064 1972 1296 2002 confidentiam.
1316 1971 1351 2001 In
1367 1971 1437 2009 lege
1451 1979 1526 2001 vero
1541 1970 1639 2001 veteri
1655 1970 1792 2001 commi-

1019 2025 1105 2055 natio
1121 2033 1223 2063 poenae
1243 2026 1326 2061 erat,
1349 2033 1407 2054 nec
1426 2025 1493 2054 erat
1506 2023 1544 2062 (b)
1561 2024 1647 2052 tanta
1668 2022 1792 2053 collatio

1019 2078 1132 2116 gratiae
1147 2088 1154 2107 ι
1172 2077 1242 2107 ideo
1258 2076 1360 2115 magis
1375 2085 1428 2106 eos
1443 2076 1572 2115 spiritus
1589 2075 1711 2106 timoris
1725 2075 1792 2114 agi-

1018 2130 1114 2167 tabat,
1132 2139 1195 2160 non
1216 2131 1344 2169 propter
1359 2129 1639 2159 comminationem
1662 2128 1793 2168 majoris

1021 2182 1165 2222 supplicii
1191 2182 1293 2212 solum
1306 2206 1313 2219 ‚
1340 2181 1394 2212 sed
1420 2183 1547 2221 propter
1571 2181 1790 2212 comminatio-

1020 2245 1093 2266 nem
1107 2235 1273 2274 supplicii,
1296 2237 1326 2264 et
1347 2234 1503 2264 defectum
1518 2233 1689 2273 adjutorii,
1707 2234 1792 2274 quod

1019 2288 1160 2319 consistit
1171 2288 1203 2317 in
1216 2287 1370 2318 desiderio
1386 2287 1473 2325 boni,
1493 2289 1524 2317 et
1539 2287 1643 2325 gratia
1656 2286 1792 2327 Spiritus

1019 2340 1134 2372 Sancti.

1052 2402 1088 2432 2n)
1105 2402 1172 2425 Edu.
1193 2402 1247 2424 13117.
1264 2408 1323 2431 quo.
1339 2414 1367 2417 —
1379 2401 1412 2432 (b)
1428 2403 1498 2425 bees!
1511 2408 1558 2426 nec
1572 2403 1633 2425 erat,
