2017 2948
97 868 146 891 tjuu)
161 866 203 885 sue-

98 898 125 917 rit
134 900 202 923 putos-

98 931 128 947 1:1⁸>
147 928 200 954 bup-

111 959 165 978 tisuii
176 975 180 983 ,

119 997 182 1016 quani

113 1022 180 1048 potuit

97 1053 194 1073 (Au-tuus

96 1084 146 1103 dare
156 1090 198 1103 scr-

96 1115 134 1134 vis,

97 1212 196 1232 Confuta-

96 1243 124 1262 fio
142 1246 161 1267 ζ’,
181 1246 201 1263 (“ἱ

107 1275 181 1293 muttir-

96 1306 159 1325 matio

105 1337 191 1356 saluum

96 1374 135 1387 Ul>-

192 1310 196 1326 l

226 146 284 175 356
784 142 1091 174 sENTENTtARUM
1114 142 1187 174 Lm.
1212 143 1262 175 tv.

223 214 346 255 quanta
360 209 454 243 estin
470 210 631 254 baptismo
645 209 777 244 Domini
791 237 797 252 ‚
816 210 870 244 sed
889 210 1017 251 noluit,
1035 222 1076 244 ne
1091 221 1204 244 servus
1220 211 1252 244 in
1268 222 1362 244 servo
1376 222 1466 256 spem
1481 216 1489 233 ¹
1505 216 1650 256 poneret.
1668 213 1815 260 Baptizat

222 279 336 301 servus
351 272 386 300 ut
402 267 560 309 minister,
578 268 720 312 baptizat
733 269 892 301 Dominus
909 273 1064 313 tanquam
1081 273 1270 312 potestatem
1286 269 1420 311 habens,
1434 281 1532 314 quam
1549 271 1575 303 si
1592 271 1681 305 daret
1697 273 1811 314 servis,

223 330 260 358 ut
280 326 400 358 scilicet
422 326 567 369 ipsorum
591 330 672 358 esset
697 326 783 369 quod
807 326 936 358 Domini
960 331 1047 366 erat,
1072 331 1117 359 tot
1140 332 1245 360 essent
1265 328 1416 372 baptismi
1443 333 1523 372 quot
1545 330 1629 361 servi
1648 334 1709 362 :ut
1732 330 1815 363 sicut

222 383 328 416 dictus
345 387 392 416 est
408 384 588 428 baptismus
602 384 758 423 Joauuis,
777 385 821 416 sie
839 384 1000 417 diceretur
1014 385 1195 428 baptismus
1209 385 1295 417 Petri
1310 412 1317 425 ,
1337 386 1386 417 vel
1410 386 1517 418 Pauli.
1535 387 1629 426 Quod
1646 399 1686 420 ne
1702 387 1812 429 fieret,

222 441 354 474 retinuit
378 442 440 474 sibi
455 442 614 473 Dominus
640 446 830 485 potestatem
856 443 1008 486 l·›aptismi
1025 468 1032 483 ,
1051 443 1152 475 servis
1172 447 1280 475 autem
1305 443 1523 476 ministerium
1544 444 1632 476 dedit
1647 449 1668 477 ².
1687 444 1722 477 Si
1738 456 1815 488 ergo

221 511 335 532 servus
360 499 437 532 dicit
460 511 492 531 se
515 499 701 543 baptizare,
728 504 811 532 recte
837 500 938 541 dicit,
964 500 1018 532 sed
1039 504 1196 544 tanquam
1223 501 1368 533 minister
1393 502 1534 545 baptizat
1561 514 1567 533 :
1594 506 1629 534 et
1651 502 1722 535 ideo
1749 514 1814 536 non

220 556 348 598 differt,
373 557 440 588 sive
464 557 570 588 honus
586 583 593 596 ‚
617 557 683 589 sive
712 558 819 589 malus
843 558 995 602 baptizet.
1022 558 1099 590 Inde
1124 558 1221 590 etiam
1238 558 1248 573 ³
1265 570 1360 591 nemo
1375 558 1452 591 dicit
1469 571 1475 591 z
1494 560 1686 603 Baptismus
1700 571 1810 601 meus,

220 625 294 646 cum
312 618 419 646 tamen
435 614 518 646 dicat
536 626 542 646 τ
560 615 782 659 Evanqeliztm
799 627 908 648 meum
921 642 929 655 ,
942 615 1126 660 prudentia
1142 626 1216 647 meu
1228 642 1236 655 ‚
1255 615 1328 647 licet
1343 616 1408 648 sint
1425 616 1491 649 lucc
1506 628 1524 648 a
1546 616 1622 649 Deo.
1642 617 1677 657 ln
1693 618 1814 662 quibus

219 671 403 704 differentia
418 676 464 703 est
475 674 489 703 Ἰ
504 672 601 704 Alius
616 673 704 704 enim
721 673 785 705 alio
803 674 920 705 melius
936 677 1089 717 operatur
1105 673 1138 706 in
1154 674 1409 715 evangelizando
1421 701 1428 715 ,
1446 679 1476 707 et
1491 675 1576 707 alius
1591 675 1656 707 alio
1672 675 1814 719 pruden-

219 729 282 761 tior
299 733 366 770 est3
385 729 470 761 alius
485 734 593 762 autem
610 730 675 763 alio
691 731 794 773 magis
810 731 961 764 minusve
976 731 1170 776 baptizatus,
1188 731 1255 764 sive
1271 732 1311 764 ab
1328 732 1487 773 inferiori,
1504 734 1572 765 sive
1593 744 1612 765 a
1628 733 1743 778 majori
1758 733 1814 766 ba-

218 787 370 831 ptizetur,
388 787 450 819 dici
465 799 530 819 nou
547 792 663 831 potest.
682 802 698 819 >1

264 845 324 877 Hic
338 845 518 889 quaeritur,
535 857 609 890 quae
633 846 673 878 sit
696 846 753 879 illa
780 850 918 890 potestas
940 846 1116 890 baptismi,
1135 858 1233 891 quam
1251 847 1399 879 Christus
1414 847 1475 879 sibi
1491 848 1644 889 retinuit,
1662 853 1693 882 et
1708 849 1813 892 potuit

218 901 295 934 dare
310 902 421 935 servis.
441 902 515 935 Itaec
538 908 606 944 est,
631 908 667 935 ut
684 903 818 947 plurimi
844 904 981 943 volunt,
1000 908 1138 948 potestas
1159 904 1345 936 dimittendi
1366 909 1491 949 peecata
1508 905 1541 938 in
1557 906 1730 950 baptismo.
1749 905 1812 939 Sed

218 964 357 1003 potestas
372 960 558 993 dimittendi
576 965 702 1004 peccata
715 988 722 1001 ,
739 973 811 1005 quae
827 962 859 993 in
878 962 942 993 Deo
958 967 1023 1001 est,
1042 962 1128 993 Deus
1144 966 1200 994 est.
1220 962 1295 994 Ideo
1315 962 1369 994 alii
1395 963 1506 995 dicunt
1522 963 1605 996 hauc
1624 967 1812 1008 potestatem

218 1030 283 1050 non
298 1018 440 1062 potuisse
456 1018 532 1050 dare
547 1018 644 1050 alicui
661 1030 848 1060 servorum,
866 1020 943 1063 quia
960 1019 1045 1051 nulli
1062 1020 1167 1063 potuit
1187 1020 1263 1052 darc
1284 1024 1318 1052 ut
1335 1025 1415 1052 essct
1432 1021 1519 1065 quod
1538 1021 1605 1065 ipse
1619 1025 1686 1062 est,
1703 1021 1755 1054 vel
1777 1026 1814 1054 ut

219 1076 351 1108 haberet
366 1076 537 1108 essentiam
555 1088 653 1119 quam
669 1076 736 1120 ipse
752 1076 848 1108 babet
861 1103 868 1116 ,
886 1077 937 1109 cui
954 1077 1013 1109 boc
1029 1081 1076 1109 est
1096 1088 1162 1110 esse
1180 1077 1268 1121 quod
1288 1089 1390 1121 posse.
1409 1078 1529 1110 Dicunt
1548 1079 1635 1111 enim
1655 1091 1661 1110 :
1679 1078 1714 1112 Si
1730 1078 1814 1111 hanc

219 1133 395 1176 potentiam
412 1133 510 1165 alicui
526 1133 602 1165 dare
618 1134 743 1176 potuit,
760 1134 866 1177 potuit
886 1134 915 1165 ei
940 1134 1016 1166 dare
1039 1139 1203 1167 creaturas
1221 1146 1329 1167 creare
1343 1161 1350 1176 ,
1368 1135 1447 1179 quia
1463 1148 1527 1168 nou
1543 1140 1589 1168 est
1605 1136 1665 1169 hoc
1681 1135 1813 1180 majoris

219 1190 369 1234 potentias
393 1202 491 1235 quam
516 1191 613 1223 illud.
632 1191 684 1223 Ad
709 1191 797 1235 quod
818 1191 881 1224 dici
907 1196 1032 1235 potest,
1049 1193 1127 1236 quia
1148 1193 1254 1236 potuit
1273 1192 1319 1224 eis
1338 1192 1413 1225 dare
1435 1193 1611 1236 potentiam
1628 1193 1813 1226 dimittendi

218 1253 365 1292 peccata3
383 1260 448 1282 non
473 1253 582 1281 tamen
606 1249 707 1293 ipsam
728 1249 874 1282 eamdem
890 1275 898 1290 ,
915 1261 981 1293 qua
1003 1249 1069 1294 ipse
1087 1254 1200 1293 potens
1215 1254 1282 1290 est,
1301 1250 1354 1282 sed
1376 1251 1554 1294 potentiam
1569 1255 1709 1283 creatam
1723 1277 1731 1292 ,
1747 1263 1814 1295 qua

216 1318 330 1340 servus
345 1310 451 1351 posset
465 1307 629 1339 dimittere
643 1311 789 1351 peccata,
808 1319 873 1339 uon
889 1311 999 1339 tamen
1022 1311 1058 1339 ut
1073 1312 1186 1340 auctor
1202 1307 1400 1339 remissionis
1413 1333 1421 1348 ,
1438 1308 1490 1339 sed
1514 1312 1550 1340 ut
1573 1308 1737 1350 minister;
1754 1319 1813 1341 nec

217 1369 325 1397 tamen
341 1365 408 1397 sine
425 1364 489 1397 Deo
505 1369 652 1403 auctore,
670 1368 706 1397 ut
722 1365 804 1397 sicut
828 1365 862 1396 iu
879 1364 1060 1397 ministerio
1075 1364 1172 1397 habet
1187 1366 1330 1397 exterius
1346 1365 1562 1405 sanctificare,
1582 1366 1626 1398 ita
1641 1365 1674 1398 in
1692 1365 1812 1398 minis-

217 1423 296 1455 terio
316 1422 450 1454 haberet
471 1422 609 1455 interius
633 1422 791 1455 mundare
807 1435 813 1463 3
830 1427 861 1454 et
884 1422 968 1454 sicut
986 1422 1068 1455 illud
1091 1422 1164 1454 fecit
1186 1425 1249 1455 Deo
1271 1427 1422 1462 auctore,
1440 1423 1497 1467 qui
1514 1434 1587 1456 cum
1613 1434 1650 1456 eo
1670 1426 1701 1455 et
1724 1423 1759 1455 in
1774 1434 1811 1456 eo

216 1483 370 1523 operatur
385 1479 468 1512 illud
485 1480 641 1521 exterius,
659 1480 704 1511 ita
719 1480 858 1512 interius
883 1480 1056 1513 mundaret
1077 1480 1143 1512 Deo
1169 1484 1320 1522 auctore,
1337 1481 1396 1524 qui
1416 1480 1486 1524 ejus
1506 1480 1606 1513 verbo
1624 1480 1714 1513 velut
1730 1491 1812 1525 quo-

215 1537 290 1570 dam
307 1537 487 1569 ministerio
503 1541 661 1569 uteretur.
681 1538 759 1569 Item
781 1538 878 1570 etiam
895 1542 1000 1581 posset
1020 1538 1107 1570 Deus
1123 1549 1180 1581 per
1205 1538 1348 1581 aliquem
1365 1538 1374 1553 ¹²
1387 1549 1496 1571 creare
1516 1538 1626 1582 aliqua
1640 1564 1648 1579 ,
1666 1549 1732 1571 non
1754 1549 1812 1582 per

217 1605 294 1627 eum
310 1598 466 1638 tanquam
482 1599 646 1626 auctorem
664 1621 670 1634 ‚
687 1596 739 1627 sed
758 1595 946 1627 ministrum
961 1621 968 1636 ,
986 1607 1060 1627 cum
1086 1606 1152 1639 quo
1168 1599 1199 1626 ot
1214 1595 1247 1627 in
1264 1606 1330 1639 quo
1346 1600 1552 1639 operaretur3
1570 1596 1653 1628 sicut
1667 1596 1702 1628 in
1716 1596 1810 1629 bonis

215 1652 368 1696 operibus
393 1651 511 1683 nostris
535 1652 603 1695 ipse
625 1656 794 1696 operatur,
823 1656 854 1684 et,
876 1664 953 1693 11053
979 1663 1037 1685 uec
1058 1653 1125 1696 ipse
1149 1656 1292 1693 tantum,
1320 1664 1377 1685 nec
1401 1664 1458 1685 nos
1486 1657 1633 1694 tantum3
1657 1653 1711 1686 sed
1740 1653 1808 1697 ipse

214 1710 383 1742 nobiscum
400 1713 430 1742 et
446 1710 479 1741 iu
496 1709 589 1741 nobis
603 1724 610 1751 3
631 1714 661 1741 et
676 1714 785 1742 tamen
800 1710 834 1742 in
856 1710 920 1742 illis
935 1711 1068 1753 agendis
1085 1710 1225 1742 ministri
1240 1710 1249 1725 ⁵
1264 1710 1334 1753 ejus
1348 1722 1462 1743 sumus
1476 1736 1483 1750 ‚
1501 1721 1566 1743 non
1583 1715 1741 1744 auctores.
1759 1711 1807 1743 Ita

215 1779 291 1810 ergo
307 1767 413 1811 potuit
433 1767 508 1799 dare
524 1778 616 1799 servo
634 1771 823 1811 potestatem
840 1768 1026 1800 dimittendi
1042 1773 1169 1812 pecvata
1185 1768 1219 1799 in
1241 1768 1417 1811 baptismo,
1435 1767 1467 1800 id
1483 1772 1529 1799 est
1544 1794 1551 1809 ,
1569 1768 1654 1800 utin
1670 1768 1807 1801 munda-

215 1826 301 1858 tione
317 1825 465 1858 iuteriori
486 1836 600 1857 servus
619 1837 694 1857 cum
709 1825 850 1858 Domino
866 1830 1056 1870 operaretur
1074 1838 1080 1858 :
1099 1837 1165 1858 non
1181 1837 1294 1858 servus
1313 1826 1381 1858 siue
1402 1825 1541 1858 Domino
1552 1852 1559 1866 ,
1576 1837 1634 1858 nec
1648 1825 1808 1858 Dominus

214 1887 283 1920 sine
298 1899 391 1920 servo
406 1901 413 1929 3
431 1888 485 1920 sed
502 1887 662 1919 Dominus
679 1900 754 1920 cum
771 1899 863 1920 servo
878 1914 885 1928 ,
903 1892 933 1920 et
949 1888 983 1920 in
997 1900 1090 1921 servo
1107 1901 1113 1906 ·
1133 1888 1216 1920 sieut
1232 1888 1266 1920 in
1282 1887 1435 1920 exteriori
1456 1887 1637 1920 ministerio
1647 1887 1808 1921 Dominus

215 1951 367 1991 operatur
381 1958 454 1979 eum
471 1959 584 1988 servo,
602 1951 632 1979 vt
651 1947 684 1979 in
701 1958 805 1979 servo.
824 1947 918 1979 Unde
940 1952 971 1980 et
991 1947 1152 1980 Dominus
1174 1948 1294 1980 dicitur
1315 1947 1537 1988 sanctificare,
1554 1951 1585 1979 et
1600 1958 1733 1989 servus;
1751 1948 1805 1981 sed

214 2004 374 2036 Dominus
390 2005 547 2036 invisibili
571 2005 675 2047 gratia
689 2031 696 2045 ‚
714 2016 828 2037 servus
846 2005 970 2037 visibili
994 2010 1205 2038 sacramento.
1225 2005 1319 2038 Unde
1336 2005 1558 2047 Augustinus,
1575 2016 1670 2047 super
1687 2005 1807 2037 Leviti-

215 2073 287 2094 cum
300 2067 309 2082 ὃ
329 2075 334 2094 ;
349 2076 364 2092 α
379 2062 539 2094 Dominus
552 2063 594 2094 ait
607 2065 615 2080 ⁷
632 2064 720 2106 :Eyo
736 2063 909 2102 Dominus,
928 2064 983 2106 qui
997 2064 1183 2107 sanctifico.
1211 2063 1251 2095 Et
1274 2062 1313 2095 de
1335 2062 1446 2106 Moyse
1461 2062 1558 2094 etiam
1574 2062 1696 2094 dictum
1714 2061 1803 2094 est⁸2

214 2121 260 2152 Et
283 2121 509 2164 sanctificabis
532 2133 617 2154 eum.
643 2121 703 2154 Sed
732 2122 858 2165 Moyses
882 2121 1104 2154 sanctificabat
1128 2121 1314 2153 visibilibus
1341 2120 1554 2153 sacramentis
1577 2131 1634 2164 per
1661 2120 1806 2153 ministe-

214 2177 316 2218 rium;
336 2178 494 2211 Dominus
518 2183 627 2211 autem
652 2179 809 2211 invisibili
824 2179 929 2221 gratia
949 2190 1006 2222 per
1021 2179 1202 2222 Spiritum;
1220 2178 1277 2210 ubi
1296 2182 1342 2210 est
1366 2182 1452 2210 totus
1471 2178 1596 2210 fructus
1623 2177 1805 2210 visibilium

213 2240 502 2268 sacramentorum.
529 2237 606 2268 Sine
631 2237 690 2269 hac
724 2237 978 2269 sanctificatione
1001 2236 1144 2269 visibilia
1170 2239 1370 2268 sacramenta
1390 2235 1438 2267 nil
1460 2238 1608 2279 prosunt.
1633 2248 1648 2265 »
1673 2234 1709 2267 Si
1733 2234 1807 2278 quis

213 2292 273 2325 hoc
288 2293 404 2326 melius
419 2294 543 2337 aperire
558 2294 677 2338 poterit
690 2321 698 2336 ,
716 2305 781 2326 non
796 2294 940 2327 invideo.

248 2409 364 2440 ’.Μ-ειη,
380 2415 443 2439 xvu,
457 2411 469 2433 5
490 2423 520 2427 —
535 2410 545 2425 Ξ
556 2410 630 2440 Aug„
646 2410 702 2434 eod.
719 2412 790 2434 tract.
808 2411 833 2434 in
848 2412 929 2438 dmm.v
946 2418 972 2436 n.
990 2413 1027 2440 13,
1042 2411 1125 2443 quoad
1136 2419 1247 2436 sensum.
1261 2427 1287 2431 -
1300 2413 1310 2429 ⁸
1323 2413 1368 2440 td„
1380 2413 1409 2436 (Ie
1423 2413 1506 2445 Bapt„
1522 2416 1586 2438 conl.
1599 2414 1699 2444 Donat„
1711 2413 1752 2438 tib.
1769 2409 1800 2443 V,

212 2452 233 2467 c.
253 2450 303 2472 xiv,
319 2452 343 2468 n.
369 2446 403 2473 tu,
420 2445 503 2475 quoad
519 2452 630 2468 sensum.
643 2459 668 2461 —
688 2446 698 2461 Β
709 2446 764 2469 Nou
779 2446 810 2469 ab
830 2447 946 2470 omnibus
966 2449 1065 2470 tenetur
1079 2447 1119 2470 hic
1136 2448 1264 2479 Magister,
1283 2450 1396 2472 attamen
1412 2456 1470 2473 cum
1485 2449 1527 2473 illo
1541 2452 1580 2474 est
1594 2450 1706 2474 Andreas
1722 2449 1798 2479 Vega.

211 2493 240 2496 —
255 2481 265 2496 ⁵
281 2481 288 2503 t
305 2480 375 2509 Coun,
393 2487 429 2511 ui,
448 2483 466 2503 t.
482 2493 507 2497 -
520 2482 528 2495 ‘¹
542 2482 615 2511 Aug,
633 2482 658 2504 in
674 2482 760 2511 Levis„
776 2489 801 2512 q.
820 2488 922 2506 mxxiv.
934 2496 965 2500 —
979 2483 989 2499 ⁷
1004 2483 1092 2512 Lavit..
1107 2489 1161 2512 xx1,
1180 2485 1257 2507 15.—
1270 2485 1279 2498 ⁰
1291 2484 1381 2512 Exotl„
1396 2490 1470 2511 xxnx,
1485 2486 1523 2508 24.
