2017 2948
561 144 655 176 DIST.
679 145 770 177 XVII.
796 144 910 176 PART.
934 143 971 173 ll.

448 277 670 309 CONCLUSIO.

176 368 295 403 Obligati
311 371 348 396 ad
362 370 535 404 confitendum
549 378 601 397 non
620 378 652 397 ecc
670 371 749 405 culpa
761 372 869 405 possunt
884 371 941 402 dis-

208 415 279 446 ferre
292 416 482 447 confessionem
496 422 577 449 usque
589 415 625 441 ad
639 415 759 447 Pascha,·
775 416 821 448 qui
834 422 893 441 vero
909 422 941 440 ea:

205 461 313 492 peccato
329 460 462 485 commisso
483 461 602 485 tenentur
613 480 619 492 ‚
634 460 780 494 periculose
795 459 938 492 differunt:

208 503 255 536 qui
272 504 296 528 ει·
309 503 417 529 timeant
432 502 462 528 de
477 505 676 537 opportunitate
687 502 838 532 sacerdotis,
849 501 940 529 debent

207 547 324 579 confiteri
338 554 395 573 cum
407 548 528 581 primum
536 549 657 581 possunt.

210 636 303 676 Resp.
323 637 362 667 ad
386 646 458 676 arg.
478 637 565 668 Circa
578 637 639 668 hoe
654 638 842 675 notandum,
856 639 939 677 quod

169 691 216 720 est
227 689 314 729 loqui
328 690 365 720 de
381 690 574 720 confessione
585 690 766 730 dupliciter:
783 690 830 720 vel
841 700 940 730 quan-

167 745 239 773 tum
251 742 289 773 ad
301 743 498 783 propositum
509 743 640 773 interius
648 767 655 781 ,
670 743 720 773 vel
734 746 889 782 quantum
900 744 939 773 ad

168 795 305 827 verbum
316 796 467 826 exterius.
483 795 516 826 Si
528 798 683 835 quantum
694 796 733 825 ad
742 796 939 835 propositum

168 848 302 878 interius
315 872 323 885 ‚
348 848 392 878 sic
415 849 625 878 communiter
641 848 832 883 conceditur,
853 848 937 887 quod

168 903 293 932 tenetur
307 910 482 941 proponere
503 902 643 932 confiteri
664 904 694 932 et
710 901 844 937 conteri,
866 901 939 940 quia

169 954 235 984 sine
255 955 414 994 proposito
430 955 598 985 confitendi
615 957 644 984 et
664 953 852 984 emendandi
875 963 939 984 non

167 1006 336 1037 dimittitur
357 1009 522 1046 peccatum
533 1029 542 1043 ,
566 1007 647 1037 sicut
661 1016 719 1037 nec
733 1007 800 1037 sine
817 1007 938 1036 contri-

166 1059 263 1089 tione.
280 1059 327 1090 Ad
349 1059 409 1090 hoc
432 1062 538 1090 autem
553 1061 688 1096 tenetur,
707 1059 834 1098 quando
851 1068 937 1089 reco—

169 1112 250 1151 gitat
263 1112 388 1152 culpam
412 1113 613 1143 commissam
637 1114 667 1142 et
683 1112 737 1143 Dei
762 1112 914 1142 offensam
930 1136 936 1149 ,

167 1165 217 1195 vel
232 1165 358 1204 quando
376 1167 501 1204 tempus
516 1174 548 1195 se
565 1165 676 1203 offert,
692 1165 725 1195 in
742 1174 804 1204 quo
819 1165 939 1203 recogi-

166 1219 232 1248 tare
247 1218 355 1255 debet,
381 1218 459 1248 sicut
482 1218 517 1248 in
539 1217 617 1247 hora
633 1217 760 1253 mortis,
779 1217 827 1247 vel
854 1217 936 1256 peri-

166 1270 253 1308 culo,
271 1271 322 1301 vel
338 1270 443 1309 aliquo
457 1270 517 1300 alio
533 1270 641 1300 simili.
670 1269 730 1300 Sed
746 1269 871 1308 quando
890 1272 936 1300 te-

165 1325 278 1353 neatur
290 1323 441 1363 progredi
463 1323 498 1352 in
513 1325 635 1360 actum,
652 1322 703 1352 hic
723 1322 936 1353 diversimode

165 1376 336 1415 opinantur
348 1375 477 1406 diversi.
495 1375 600 1414 Aliqui
615 1375 701 1405 enim
716 1375 835 1411 dicunt,
853 1375 935 1414 quod

165 1437 237 1458 cum
253 1431 341 1459 actus
356 1428 523 1459 confitendi
541 1437 606 1458 non
629 1428 668 1458 sit
682 1428 877 1458 necessarius
898 1428 936 1458 ad

163 1482 440 1520 justificationem,
465 1482 540 1522 quia
563 1491 619 1522 per
642 1482 863 1512 contritionem
891 1484 937 1512 est

162 1535 348 1574 justificatio
358 1546 365 1572 ;
383 1537 413 1565 et
430 1535 472 1565 ita
487 1535 640 1565 consessio
655 1534 757 1564 solum
773 1534 812 1564 sit
828 1543 934 1565 neces-

163 1588 261 1626 saria,
277 1589 352 1628 quia
366 1591 413 1619 est
428 1589 461 1618 in
475 1590 631 1627 praecepto
644 1612 652 1624 ,
671 1590 701 1617 et
720 1587 857 1618 Ecclesia
871 1597 935 1618 non

163 1640 265 1679 exigit
274 1642 346 1671 ante
356 1640 486 1679 Pascha,
495 1641 578 1680 quod
584 1642 725 1671 antenon
731 1643 866 1678 tenetur7
875 1641 934 1670 nisi

162 1693 340 1733 periculum
364 1693 476 1724 mortis
503 1693 679 1723 immineat.
705 1692 808 1732 HuJus
828 1695 934 1724 autem

163 1745 321 1776 dilationis
344 1745 454 1776 dieunt
476 1754 657 1776 concessam
684 1754 752 1775 esse
775 1745 934 1776 licentiam

162 1808 203 1829 ex
217 1798 363 1829 decretali
386 1799 439 1829 illa
462 1799 495 1828 in
510 1798 652 1837 generali
667 1798 803 1829 Concilio
824 1799 907 1828 edita
924 1809 930 1829 :

166 1862 182 1880 α
201 1850 309 1882 Omnis
332 1851 500 1891 utriusque
526 1859 640 1888 sexus,
666 1861 681 1878 ι)
708 1853 774 1880 εἴας
788 1850 932 1881 Aliorum

162 1903 268 1943 opinio
283 1905 340 1942 est,
354 1904 439 1944 quod
453 1904 533 1934 sicut
543 1905 668 1933 tenetur
680 1902 719 1933 ad
734 1903 932 1942 propositum

161 1957 342 1994 confitendi,
359 1957 435 1987 dum
451 1965 483 1987 se
505 1956 597 1987 offert
618 1956 836 1995 opportunitas
851 1956 930 1987 inte-

160 2010 236 2048 rlor‚
249 2010 293 2040 sic
304 2012 429 2040 tenetur
438 2010 476 2040 ad
491 2019 582 2050 opus⁷
593 2009 719 2049 quando
730 2018 763 2039 se
772 2009 865 2039 offert
874 2019 929 2040 ex-

160 2063 268 2094 terior.
278 2063 342 2093 Aut
355 2063 441 2093 enim
456 2063 651 2103 propositum
665 2072 730 2093 non
746 2065 792 2093 est
806 2062 929 2100 efficax,

160 2117 216 2145 aut
230 2115 310 2146 cadit
324 2125 342 2146 a
355 2116 514 2156 proposito
529 2116 662 2153 efficaci,
684 2116 728 2153 si,
754 2116 881 2155 quando
898 2125 931 2146 se

160 2167 253 2198 offert
267 2169 494 2208 opportunitas,
511 2169 544 2199 in
560 2178 640 2208 opus
657 2178 720 2199 non
737 2169 813 2199 exit.
830 2167 867 2199 Et
882 2168 931 2198 di-

161 2223 238 2251 cunt
252 2221 335 2260 quod
344 2230 377 2252 se
385 2221 476 2252 offert
490 2222 719 2261 opportunitas,
736 2220 862 2261 quando
877 2220 931 2251 ha-

160 2272 214 2303 het
233 2273 357 2304 discreti
381 2275 547 2305 sacerdotis
574 2274 696 2314 copiam
716 2298 726 2312 ,
755 2276 786 2304 et
812 2273 929 2312 peccati

160 2327 319 2356 commissi
336 2327 535 2358 memoriam.
551 2327 614 2359 Nec
628 2328 731 2357 obstat
747 2326 927 2363 decretalis,

160 2379 236 2418 quia
249 2388 312 2410 non
327 2380 380 2410 dat
398 2379 741 2421 licentiamlditt'erendi
754 2403 761 2417 ,
785 2379 838 2410 sed
854 2388 926 2418 pro-

159 2431 247 2463 hibet
273 2432 502 2471 negligentiam
532 2435 562 2463 et
587 2433 769 2464 dilationem
805 2442 812 2463 :
849 2432 929 2462 sicut

159 2485 253 2516 etiam
268 2485 414 2525 prohibet
425 2510 433 2523 ,
449 2495 489 2516 ne
502 2486 573 2525 quis
587 2485 670 2517 ultra
686 2494 807 2516 annum
821 2485 855 2515 in
870 2494 927 2515 ex-

159 2538 443 2569 communicatione
459 2540 602 2576 maneat3
618 2547 683 2570 non
699 2540 806 2568 tamen
820 2537 872 2568 dat
886 2537 927 2568 li-

159 2591 293 2621 centiam
319 2591 501 2623 remanendi
516 2601 618 2631 usque
632 2591 671 2622 ad
689 2592 802 2622 horam
817 2590 923 2627 illam3

995 143 1085 174 ΛΒΤ.
1110 144 1147 175 Π.
1168 145 1316 182 QUAEST.
1341 148 1379 179 ll.
1704 157 1762 186 687

998 221 1004 239 f
1015 210 1149 241 imiliter
1165 211 1191 241 si
1206 212 1377 252 imperator
1389 214 1442 246 dat
1454 215 1547 247 alicui
1562 226 1703 257 personae
1717 222 1768 254 in-

998 262 1074 292 fami
1089 264 1305 304 privilegium‚
1322 269 1358 297 ut
1371 277 1436 298 non
1450 271 1564 307 agatur
1576 274 1685 304 contra
1697 283 1766 306 eam

1000 316 1080 346 sicut
1095 320 1205 348 contra
1230 319 1399 359 infamem,
1422 331 1486 353 non
1509 327 1637 364 propter
1652 327 1713 358 hoc
1733 328 1768 359 li-

997 369 1084 399 berat
1106 371 1145 400 ab
1169 371 1306 402 infamia}
1328 376 1421 412 nota,
1446 375 1500 406 sed
1525 377 1724 411 solummodo
1749 391 1767 412 a

996 431 1087 461 poena
1098 447 1105 461 ,
1122 426 1157 453 ut
1173 427 1281 455 contra
1301 426 1401 465 ipsam
1423 437 1487 457 non
1502 432 1626 468 agatur.
1645 432 1695 463 Sic
1715 434 1766 464 de-

995 475 1116 505 cretalis
1130 476 1183 506 illa
1197 486 1260 507 non
1274 478 1385 510 liberat
1399 490 1418 510 a
1431 482 1571 512 tensione
1586 486 1616 513 et
1630 485 1763 524 offensa;

995 528 1046 558 sed
1058 537 1097 558 ne
1112 528 1247 560 Ecclesia
1262 534 1357 571 neget
1366 533 1460 564 alicui
1470 534 1651 574 ingressum
1667 538 1699 567 in
1712 538 1765 569 Ec-

994 580 1119 611 clesiam
1127 605 1137 620 ,
1155 582 1204 612 vel
1219 583 1251 613 in
1267 585 1478 625 sepulturam,
1494 587 1520 617 si
1535 588 1607 618 facit
1624 592 1703 629 post.
1721 591 1766 621 Si-

995 636 1047 664 cut
1070 643 1148 673 ergo
1170 639 1242 666 ante
1266 638 1475 669 conditionem
1500 640 1662 671 decretalis
1679 645 1762 674 tene-

994 686 1087 717 batur
1103 688 1242 718 confiteri
1255 712 1262 726 ‚
1290 691 1416 728 quando
1432 701 1464 722 se
1479 693 1630 724 offerebat
1650 704 1763 735 oppor-

994 739 1112 769 tunitas
1125 749 1132 777 ;
1149 741 1191 770 sic
1206 741 1332 772 videtur
1347 744 1431 782 quod
1448 748 1517 783 post
1531 747 1601 785 ejus
1616 749 1764 780 conditio—

994 800 1079 829 nem,
1096 793 1170 832 quia
1185 794 1347 825 decretalis
1361 806 1425 826 non
1440 807 1497 837 pro
1512 799 1761 839 negligentibus,

994 844 1047 874 sed
1062 848 1170 876 contra
1184 847 1383 886 negligentes
1398 852 1444 880 est
1456 851 1551 882 edita.
1569 853 1644 889 Quae
1657 856 1763 885 autem

994 896 1126 928 istarum
1142 900 1327 938 opinionum
1344 903 1450 933 verior
1466 904 1520 941 sit,
1549 905 1682 936 dubium
1696 910 1760 946 est,

994 952 1023 979 et
1038 950 1162 981 difficile
1174 952 1327 990 Judicare.
1344 953 1463 985 Tamen
1483 957 1521 986 ad
1542 959 1680 989 veritatis
1697 959 1764 990 cla-

994 1001 1109 1032 riorem
1125 1003 1366 1043 intelligentiam
1377 1007 1530 1047 distingui
1543 1012 1653 1049 potest,
1665 1021 1763 1051 quan—

993 1053 1032 1083 do
1047 1055 1214 1093 quaeritur,
1236 1058 1363 1095 quaudo
1384 1060 1544 1099 obligatur
1564 1062 1664 1093 fidelis
1687 1074 1761 1095 con-

993 1106 1077 1137 fiteri
1094 1132 1102 1144 ⁷
1130 1110 1304 1140 secuudum
1329 1111 1486 1151 duplicem
1515 1114 1760 1156 obligationem,

993 1169 1066 1200 quae
1082 1163 1228 1201 superius
1243 1166 1321 1194 tacta
1333 1167 1393 1202 est,
1412 1168 1441 1196 et
1458 1168 1632 1198 secundum
1647 1169 1764 1209 duplex

994 1214 1178 1245 mandatum
1200 1215 1410 1248 diversimode
1432 1220 1685 1258 respondendum
1705 1225 1760 1253 est.

993 1266 1127 1303 Quidam
1154 1268 1238 1298 enim
1263 1270 1301 1299 ad
1330 1271 1555 1302 confessionem
1582 1273 1764 1312 obligantur

992 1328 1055 1349 non
1071 1329 1110 1349 ex
1126 1320 1217 1360 culpa
1237 1323 1421 1361 commissa,
1445 1325 1498 1354 sed
1512 1334 1551 1355 ex
1569 1325 1763 1357 institutione

992 1371 1196 1403 ecclesiastica
1208 1398 1215 1412 ,
1249 1377 1356 1414 utpote
1381 1376 1425 1405 illi
1439 1400 1446 1413 ‚
1473 1378 1526 1416 qui
1556 1387 1620 1408 non
1648 1379 1764 1410 habent

992 1426 1137 1455 mortalia
1151 1430 1286 1465 peccata.
1305 1427 1395 1459 Tales
1410 1429 1536 1460 differre
1559 1434 1692 1470 possunt
1709 1443 1763 1463 us-

991 1486 1052 1516 que
1071 1478 1110 1508 ad
1136 1478 1273 1516 Pascha,
1298 1482 1374 1520 quia
1390 1483 1576 1513 mandatum
1602 1484 1686 1514 illius
1709 1486 1762 1516 de-

991 1530 1113 1560 cretalis
1138 1541 1201 1562 non
1228 1533 1365 1571 obligat,
1397 1535 1457 1565 nisi
1482 1536 1562 1566 sicut
1581 1538 1704 1577 obligat
1723 1539 1761 1569 acl

990 1582 1230 1621 eucharistiam,
1248 1585 1286 1615 ad
1312 1595 1408 1625 quam
1432 1591 1589 1627 praeparat
1609 1591 1762 1621 confessio

990 1635 1144 1665 sacerdoti
1168 1636 1258 1667 facta.
1286 1638 1419 1674 Quidam
1447 1649 1522 1670 vero
1546 1650 1610 1672 non
1636 1644 1761 1674 tantum

991 1687 1175 1726 obligantur
1190 1698 1230 1719 ex
1245 1691 1453 1721 ecclesiastica
1468 1692 1664 1724 institutione
1675 1718 1682 1731 ,
1707 1697 1760 1726 sed

990 1749 1029 1770 ex
1051 1742 1177 1780 propria
1199 1744 1448 1782 transgressione
1474 1756 1479 1775 :
1506 1745 1536 1775 hi
1558 1748 1704 1778 tenentur
1721 1758 1761 1779 ex

989 1794 1177 1824 sacramenti
1190 1794 1396 1826 institutione.
1415 1796 1457 1826 De
1472 1797 1588 1828 talibus
1602 1801 1759 1838 generali-

989 1848 1036 1876 ter
1050 1856 1188 1877 asserere
1202 1848 1285 1887 quod
1305 1852 1436 1888 possunt
1455 1860 1558 1890 usque
1579 1853 1616 1883 ad
1643 1853 1761 1885 Pascha

989 1899 1114 1931 differre
1126 1925 1133 1938 ,
1150 1901 1276 1932 videtur
1296 1903 1372 1933 milii
1388 1905 1600 1943 periculosum
1618 1917 1624 1936 ε
1644 1908 1759 1938 simili-

989 1955 1035 1983 ter
1049 1955 1133 1993 quod
1148 1956 1314 1986 teneantur
1328 1966 1462 1996 semper,
1479 1959 1605 1997 quando
1620 1969 1653 1990 se
1667 1961 1759 1992 offert

988 2009 1205 2046 opportunitas
1217 2010 1370 2047 confiteri,
1387 2011 1511 2042 videtur
1524 2013 1614 2044 valde
1628 2014 1755 2046 durum.

988 2059 1060 2090 Ideo
1075 2061 1200 2091 videtur
1223 2063 1451 2094 rationabiliter
1471 2065 1669 2097 sentiendum
1689 2077 1755 2099 me—

987 2112 1074 2143 dium
1088 2137 1095 2151 ‚
1112 2114 1228 2144 scilicet
1242 2115 1326 2154 quod
1345 2118 1563 2155 opportqutas
1578 2119 1656 2158 loci,
1674 2123 1757 2151 tem-

987 2166 1072 2204 poris
1083 2189 1092 2204 ,
1109 2169 1140 2196 et
1159 2168 1327 2198 sacerdotis
1344 2171 1443 2208 potest
1457 2170 1620 2209 tripliciter
1638 2182 1671 2203 se
1685 2177 1757 2205 ante

987 2217 1106 2248 Pascha
1121 2219 1234 2250 offerro
1246 2230 1252 2250 :
1266 2223 1320 2251 aut
1334 2221 1377 2251 ita
1392 2222 1476 2261 quod
1492 2223 1631 2262 timetur,
1647 2235 1686 2256 ne
1700 2236 1757 2257 un-

987 2281 1083 2311 quam
1099 2281 1131 2302 sc
1146 2273 1257 2303 otl'erat
1273 2274 1342 2303 talis
1359 2276 1592 2314 opportunitas'‚
1608 2277 1689 2308 sicut
1709 2284 1756 2310 est

986 2324 1018 2355 in
1034 2325 1081 2354 his
1094 2326 1147 2365 qui
1164 2326 1305 2365 graviter
1320 2327 1531 2367 infirmantur,
1549 2332 1579 2360 et
1594 2331 1668 2361 tales
1682 2335 1754 2364 ante

984 2379 1131 2408 tenentur
1157 2379 1275 2419 absque
1299 2380 1492 2412 dubitatione
1518 2382 1557 2412 ad
1583 2384 1751 2416 confessio-

984 2440 1072 2469 nem;
1089 2434 1144 2463 aut
1167 2432 1210 2463 ita
1232 2433 1316 2473 quod
1333 2434 1434 2473 maior
1454 2436 1672 2474 opportunitas
1695 2447 1750 2469 ex-

983 2486 1136 2523 pectatur,
1152 2485 1201 2516 vel
1217 2488 1373 2525 quantum
1387 2487 1425 2516 ad
1439 2489 1575 2527 tempus,
1591 2489 1641 2520 vel
1653 2499 1751 2530 quan-

983 2539 1051 2568 tum
1066 2537 1105 2568 ad
1120 2538 1324 2577 sacerdotem,
1336 2540 1422 2569 etsie
1435 2542 1535 2579 potest
1549 2541 1666 2573 differri
1683 2544 1750 2576 sine

983 2590 1089 2629 aliquo
1113 2594 1254 2630 pcccato;
1279 2594 1333 2623 aut
1349 2592 1391 2624 ita
1405 2593 1490 2632 quod
1511 2603 1676 2634 nunquam
1697 2607 1746 2629 ra-

1785 977 1843 997 iit-[ci
1850 979 1885 998 ini-

1778 1008 1833 1028 natio
1840 1015 1886 1035 pro-

1779 1045 1832 1064 pria.
