<?xml version="1.0" encoding="UTF-8"?>
<!DOCTYPE html PUBLIC "-//W3C//DTD XHTML 1.0 Transitional//EN"
    "http://www.w3.org/TR/xhtml1/DTD/xhtml1-transitional.dtd">
<html xmlns="http://www.w3.org/1999/xhtml" xml:lang="en" lang="en">
 <head>
  <title>
</title>
<meta http-equiv="Content-Type" content="text/html;charset=utf-8" />
  <meta name='ocr-system' content='tesseract 3.04.00' />
  <meta name='ocr-capabilities' content='ocr_page ocr_carea ocr_par ocr_line ocrx_word'/>
</head>
<body>
  <div class='ocr_page' id='page_1' title='image "./operaomniasixtiv05bonauoft/operaomniasixtiv05bonauoft_0150.png"; bbox 0 0 2017 2948; ppageno 0'>
   <div class='ocr_carea' id='block_1_1' title="bbox 226 169 282 197">
    <p class='ocr_par' dir='ltr' id='par_1_1' title="bbox 226 169 282 197">
     <span class='ocr_line' id='line_1_1' title="bbox 226 169 282 197; baseline 0 0"><span class='ocrx_word' id='word_1_1' title='bbox 226 169 282 197; x_wconf 76' lang='lat'><strong>138</strong></span> 
     </span>
    </p>
   </div>
   <div class='ocr_carea' id='block_1_2' title="bbox 219 231 996 2501">
    <p class='ocr_par' dir='ltr' id='par_1_2' title="bbox 220 231 995 1591">
     <span class='ocr_line' id='line_1_2' title="bbox 224 231 993 272; baseline -0.001 -10"><span class='ocrx_word' id='word_1_2' title='bbox 224 234 335 270; x_wconf 82' lang='lat' dir='ltr'><strong>liticas,</strong></span> <span class='ocrx_word' id='word_1_3' title='bbox 349 232 420 262; x_wconf 90' lang='lat' dir='ltr'><strong>licet</strong></span> <span class='ocrx_word' id='word_1_4' title='bbox 434 231 541 272; x_wconf 84' lang='lat' dir='ltr'><strong>aliqua</strong></span> <span class='ocrx_word' id='word_1_5' title='bbox 557 232 639 262; x_wconf 89' lang='lat' dir='ltr'><strong>inter</strong></span> <span class='ocrx_word' id='word_1_6' title='bbox 654 241 706 263; x_wconf 85' lang='lat' dir='ltr'><strong>eas</strong></span> <span class='ocrx_word' id='word_1_7' title='bbox 722 235 825 272; x_wconf 79' lang='lat' dir='ltr'><strong>posset</strong></span> <span class='ocrx_word' id='word_1_8' title='bbox 838 231 993 262; x_wconf 72' lang='lat' dir='ltr'><strong>connexio</strong></span> 
     </span>
     <span class='ocr_line' id='line_1_3' title="bbox 224 284 991 325; baseline -0.001 -10"><span class='ocrx_word' id='word_1_9' title='bbox 224 285 355 325; x_wconf 81' lang='lat' dir='ltr'><strong>reperiri</strong></span> <span class='ocrx_word' id='word_1_10' title='bbox 373 285 495 315; x_wconf 85' lang='lat' dir='ltr'><strong>ratione</strong></span> <span class='ocrx_word' id='word_1_11' title='bbox 509 287 609 315; x_wconf 81' lang='lat' dir='ltr'><strong>status</strong></span> <span class='ocrx_word' id='word_1_12' title='bbox 630 285 764 325; x_wconf 79' lang='lat' dir='ltr'><strong>alicujus</strong></span> <span class='ocrx_word' id='word_1_13' title='bbox 780 284 991 321; x_wconf 86' lang='lat' dir='ltr'><strong>determinati,</strong></span> 
     </span>
     <span class='ocr_line' id='line_1_4' title="bbox 223 338 991 378; baseline -0.004 -9"><span class='ocrx_word' id='word_1_14' title='bbox 223 341 254 369; x_wconf 89' lang='lat' dir='ltr'><strong>et</strong></span> <span class='ocrx_word' id='word_1_15' title='bbox 278 338 492 378; x_wconf 87' lang='lat' dir='ltr'><strong>quarumdam</strong></span> <span class='ocrx_word' id='word_1_16' title='bbox 516 338 735 369; x_wconf 83' lang='lat' dir='ltr'><strong>conditionum</strong></span> <span class='ocrx_word' id='word_1_17' title='bbox 757 338 991 367; x_wconf 86' lang='lat' dir='ltr'><strong>communium.</strong></span> 
     </span>
     <span class='ocr_line' id='line_1_5' title="bbox 226 390 995 431; baseline -0.004 -9"><span class='ocrx_word' id='word_1_18' title='bbox 226 391 357 431; x_wconf 80' lang='lat' dir='ltr'><strong>Propter</strong></span> <span class='ocrx_word' id='word_1_19' title='bbox 367 391 451 431; x_wconf 89' lang='lat' dir='ltr'><strong>quod</strong></span> <span class='ocrx_word' id='word_1_20' title='bbox 468 391 642 421; x_wconf 81' lang='lat' dir='ltr'><strong>notandum</strong></span> <span class='ocrx_word' id='word_1_21' title='bbox 656 393 713 427; x_wconf 83' lang='lat' dir='ltr'><strong>est,</strong></span> <span class='ocrx_word' id='word_1_22' title='bbox 737 391 821 430; x_wconf 83' lang='lat' dir='ltr'><strong>quod</strong></span> <span class='ocrx_word' id='word_1_23' title='bbox 845 390 995 420; x_wconf 85' lang='lat' dir='ltr'><strong>convenit</strong></span> 
     </span>
     <span class='ocr_line' id='line_1_6' title="bbox 224 443 995 484; baseline -0.003 -10"><span class='ocrx_word' id='word_1_24' title='bbox 224 445 310 484; x_wconf 85' lang='lat' dir='ltr'><strong>loqui</strong></span> <span class='ocrx_word' id='word_1_25' title='bbox 325 444 362 475; x_wconf 86' lang='lat' dir='ltr'><strong>de</strong></span> <span class='ocrx_word' id='word_1_26' title='bbox 375 445 554 483; x_wconf 82' lang='lat' dir='ltr'><strong>hujusmodi</strong></span> <span class='ocrx_word' id='word_1_27' title='bbox 569 444 739 474; x_wconf 78' lang='lat' dir='ltr'><strong>virtutibus</strong></span> <span class='ocrx_word' id='word_1_28' title='bbox 752 443 885 483; x_wconf 82' lang='lat' dir='ltr'><strong>politicis</strong></span> <span class='ocrx_word' id='word_1_29' title='bbox 896 452 995 482; x_wconf 81' lang='lat' dir='ltr'><strong>quan·</strong></span> 
     </span>
     <span class='ocr_line' id='line_1_7' title="bbox 224 496 988 536; baseline -0.003 -8"><span class='ocrx_word' id='word_1_30' title='bbox 224 501 292 528; x_wconf 87' lang='lat' dir='ltr'><strong>tum</strong></span> <span class='ocrx_word' id='word_1_31' title='bbox 301 498 339 528; x_wconf 83' lang='lat' dir='ltr'><strong>ad</strong></span> <span class='ocrx_word' id='word_1_32' title='bbox 355 497 496 536; x_wconf 43' lang='lat' dir='ltr'><strong>propria,-</strong></span> <span class='ocrx_word' id='word_1_33' title='bbox 509 499 537 527; x_wconf 77' lang='grc'><strong>61</strong></span> <span class='ocrx_word' id='word_1_34' title='bbox 549 499 704 535; x_wconf 78' lang='lat' dir='ltr'><strong>quantuni</strong></span> <span class='ocrx_word' id='word_1_35' title='bbox 716 496 754 526; x_wconf 85' lang='lat' dir='ltr'><strong>ad</strong></span> <span class='ocrx_word' id='word_1_36' title='bbox 765 496 968 535; x_wconf 81' lang='lat' dir='ltr'><strong>appropriata</strong></span> <span class='ocrx_word' id='word_1_37' title='bbox 982 507 988 526; x_wconf 76' lang='grc' dir='ltr'><strong><em>τ</em></strong></span> 
     </span>
     <span class='ocr_line' id='line_1_8' title="bbox 224 548 995 589; baseline -0.003 -9"><span class='ocrx_word' id='word_1_38' title='bbox 224 551 248 580; x_wconf 87' lang='lat' dir='ltr'><strong>si</strong></span> <span class='ocrx_word' id='word_1_39' title='bbox 273 553 428 589; x_wconf 76' lang='lat' dir='ltr'><strong>quantuni</strong></span> <span class='ocrx_word' id='word_1_40' title='bbox 458 549 494 578; x_wconf 77' lang='lat' dir='ltr'><strong>ad</strong></span> <span class='ocrx_word' id='word_1_41' title='bbox 514 549 734 588; x_wconf 79' lang='lat' dir='ltr'><strong>appropriata,</strong></span> <span class='ocrx_word' id='word_1_42' title='bbox 757 548 800 577; x_wconf 88' lang='lat' dir='ltr'><strong>sic</strong></span> <span class='ocrx_word' id='word_1_43' title='bbox 825 551 871 578; x_wconf 80' lang='lat' dir='ltr'><strong>est</strong></span> <span class='ocrx_word' id='word_1_44' title='bbox 894 549 925 578; x_wconf 89' lang='lat' dir='ltr'><strong>in</strong></span> <span class='ocrx_word' id='word_1_45' title='bbox 951 549 995 578; x_wconf 88' lang='lat' dir='ltr'><strong>eis</strong></span> 
     </span>
     <span class='ocr_line' id='line_1_9' title="bbox 225 601 995 641; baseline -0.004 -8"><span class='ocrx_word' id='word_1_46' title='bbox 225 603 379 633; x_wconf 75' lang='lat' dir='ltr'><strong>connexio</strong></span> <span class='ocrx_word' id='word_1_47' title='bbox 391 627 398 640; x_wconf 85' lang='lat'>‚</span> <span class='ocrx_word' id='word_1_48' title='bbox 429 602 503 641; x_wconf 80' lang='lat' dir='ltr'><strong>quia</strong></span> <span class='ocrx_word' id='word_1_49' title='bbox 541 601 602 631; x_wconf 75' lang='lat' dir='ltr'><strong>illae</strong></span> <span class='ocrx_word' id='word_1_50' title='bbox 636 604 774 640; x_wconf 85' lang='lat' dir='ltr'><strong>quatuor</strong></span> <span class='ocrx_word' id='word_1_51' title='bbox 802 601 995 631; x_wconf 85' lang='lat' dir='ltr'><strong>conditiones</strong></span> 
     </span>
     <span class='ocr_line' id='line_1_10' title="bbox 224 654 994 696; baseline -0.003 -10"><span class='ocrx_word' id='word_1_52' title='bbox 224 657 314 696; x_wconf 85' lang='lat' dir='ltr'><strong>prius</strong></span> <span class='ocrx_word' id='word_1_53' title='bbox 335 655 462 692; x_wconf 55' lang='lat' dir='ltr'><strong>babita‘,</strong></span> <span class='ocrx_word' id='word_1_54' title='bbox 479 663 552 694; x_wconf 80' lang='lat' dir='ltr'><strong>quae</strong></span> <span class='ocrx_word' id='word_1_55' title='bbox 571 656 644 684; x_wconf 79' lang='lat' dir='ltr'><strong>sunt</strong></span> <span class='ocrx_word' id='word_1_56' title='bbox 666 654 854 691; x_wconf 68' lang='lat' dir='ltr'><strong>discernere,</strong></span> <span class='ocrx_word' id='word_1_57' title='bbox 876 656 906 684; x_wconf 87' lang='lat' dir='ltr'><strong>et</strong></span> <span class='ocrx_word' id='word_1_58' title='bbox 927 664 994 684; x_wconf 84' lang='lat' dir='ltr'><strong>me-</strong></span> 
     </span>
     <span class='ocr_line' id='line_1_11' title="bbox 224 707 994 745; baseline -0.003 -7"><span class='ocrx_word' id='word_1_59' title='bbox 224 709 313 739; x_wconf 86' lang='lat' dir='ltr'><strong>dium</strong></span> <span class='ocrx_word' id='word_1_60' title='bbox 338 710 460 745; x_wconf 82' lang='lat' dir='ltr'><strong>tenere,</strong></span> <span class='ocrx_word' id='word_1_61' title='bbox 487 709 517 737; x_wconf 82' lang='lat' dir='ltr'><strong>et</strong></span> <span class='ocrx_word' id='word_1_62' title='bbox 539 707 742 745; x_wconf 81' lang='lat' dir='ltr'><strong>hujusmodi,</strong></span> <span class='ocrx_word' id='word_1_63' title='bbox 765 707 927 745; x_wconf 74' lang='lat' dir='ltr'>sigillatim</span> <span class='ocrx_word' id='word_1_64' title='bbox 944 707 994 736; x_wconf 91' lang='lat' dir='ltr'><strong>his</strong></span> 
     </span>
     <span class='ocr_line' id='line_1_12' title="bbox 223 760 994 800; baseline -0.003 -9"><span class='ocrx_word' id='word_1_65' title='bbox 223 763 360 800; x_wconf 83' lang='lat' dir='ltr'><strong>quatuor</strong></span> <span class='ocrx_word' id='word_1_66' title='bbox 380 760 550 791; x_wconf 88' lang='lat' dir='ltr'><strong>virtutibus</strong></span> <span class='ocrx_word' id='word_1_67' title='bbox 568 760 824 800; x_wconf 72' lang='lat' dir='ltr'><strong>appropriantur,</strong></span> <span class='ocrx_word' id='word_1_68' title='bbox 843 762 872 790; x_wconf 84' lang='lat' dir='ltr'><strong>et</strong></span> <span class='ocrx_word' id='word_1_69' title='bbox 888 762 994 789; x_wconf 81' lang='lat' dir='ltr'><strong>tamen</strong></span> 
     </span>
     <span class='ocr_line' id='line_1_13' title="bbox 223 813 992 853; baseline 0 -10"><span class='ocrx_word' id='word_1_70' title='bbox 223 814 316 845; x_wconf 90' lang='lat' dir='ltr'><strong>simul</strong></span> <span class='ocrx_word' id='word_1_71' title='bbox 343 814 381 844; x_wconf 86' lang='lat' dir='ltr'><strong>ad</strong></span> <span class='ocrx_word' id='word_1_72' title='bbox 400 814 574 853; x_wconf 86' lang='lat' dir='ltr'><strong>quamlibet</strong></span> <span class='ocrx_word' id='word_1_73' title='bbox 595 814 745 844; x_wconf 88' lang='lat' dir='ltr'><strong>virtutem</strong></span> <span class='ocrx_word' id='word_1_74' title='bbox 774 813 992 852; x_wconf 85' lang='lat' dir='ltr'><strong>requiruntur.</strong></span> 
     </span>
     <span class='ocr_line' id='line_1_14' title="bbox 223 867 994 906; baseline -0.001 -9"><span class='ocrx_word' id='word_1_75' title='bbox 223 867 254 897; x_wconf 86' lang='lat' dir='ltr'><strong>Si</strong></span> <span class='ocrx_word' id='word_1_76' title='bbox 273 876 348 897; x_wconf 81' lang='lat' dir='ltr'><strong>vero</strong></span> <span class='ocrx_word' id='word_1_77' title='bbox 360 867 530 906; x_wconf 83' lang='lat' dir='ltr'><strong>loquamur</strong></span> <span class='ocrx_word' id='word_1_78' title='bbox 546 869 701 906; x_wconf 82' lang='lat' dir='ltr'><strong>quantuni</strong></span> <span class='ocrx_word' id='word_1_79' title='bbox 717 867 755 896; x_wconf 89' lang='lat' dir='ltr'><strong>ad</strong></span> <span class='ocrx_word' id='word_1_80' title='bbox 772 867 916 905; x_wconf 81' lang='lat' dir='ltr'><strong>propria,</strong></span> <span class='ocrx_word' id='word_1_81' title='bbox 936 867 994 896; x_wconf 83' lang='grc'><strong>1106</strong></span> 
     </span>
     <span class='ocr_line' id='line_1_15' title="bbox 222 919 995 960; baseline 0 -11"><span class='ocrx_word' id='word_1_82' title='bbox 222 922 323 960; x_wconf 81' lang='lat' dir='ltr'><strong>potest</strong></span> <span class='ocrx_word' id='word_1_83' title='bbox 336 922 411 959; x_wconf 67' lang='lat' dir='ltr'><strong>[esse</strong></span> <span class='ocrx_word' id='word_1_84' title='bbox 431 920 595 960; x_wconf 79' lang='lat' dir='ltr'><strong>dupliciter</strong></span> <span class='ocrx_word' id='word_1_85' title='bbox 619 929 626 949; x_wconf 90' lang='lat'>:</span> <span class='ocrx_word' id='word_1_86' title='bbox 650 922 705 950; x_wconf 87' lang='lat' dir='ltr'><strong>aut</strong></span> <span class='ocrx_word' id='word_1_87' title='bbox 724 919 916 959; x_wconf 78' lang='lat' dir='ltr'><strong>simpliciter,</strong></span> <span class='ocrx_word' id='word_1_88' title='bbox 940 921 995 949; x_wconf 90' lang='lat' dir='ltr'><strong>aut</strong></span> 
     </span>
     <span class='ocr_line' id='line_1_16' title="bbox 221 972 993 1013; baseline -0.001 -10"><span class='ocrx_word' id='word_1_89' title='bbox 221 973 395 1004; x_wconf 76' lang='lat' dir='ltr'><strong>secundum</strong></span> <span class='ocrx_word' id='word_1_90' title='bbox 410 976 526 1003; x_wconf 85' lang='lat' dir='ltr'><strong>statum</strong></span> <span class='ocrx_word' id='word_1_91' title='bbox 542 973 740 1013; x_wconf 71' lang='lat' dir='ltr'><strong>perfectionis</strong></span> <span class='ocrx_word' id='word_1_92' title='bbox 757 983 762 1002; x_wconf 92' lang='lat'><strong>:</strong></span> <span class='ocrx_word' id='word_1_93' title='bbox 780 972 805 1002; x_wconf 90' lang='lat' dir='ltr'><strong>si</strong></span> <span class='ocrx_word' id='word_1_94' title='bbox 818 973 993 1003; x_wconf 86' lang='lat' dir='ltr'><strong>secundum</strong></span> 
     </span>
     <span class='ocr_line' id='line_1_17' title="bbox 222 1026 994 1065; baseline 0 -9"><span class='ocrx_word' id='word_1_95' title='bbox 222 1028 340 1056; x_wconf 83' lang='lat' dir='ltr'><strong>statum</strong></span> <span class='ocrx_word' id='word_1_96' title='bbox 358 1026 572 1065; x_wconf 70' lang='lat' dir='ltr'><strong>perfectionis,</strong></span> <span class='ocrx_word' id='word_1_97' title='bbox 592 1026 643 1056; x_wconf 81' lang='lat' dir='ltr'><strong>hie</strong></span> <span class='ocrx_word' id='word_1_98' title='bbox 665 1028 711 1055; x_wconf 76' lang='lat' dir='ltr'><strong>est</strong></span> <span class='ocrx_word' id='word_1_99' title='bbox 730 1026 832 1056; x_wconf 86' lang='lat' dir='ltr'><strong>adbuc</strong></span> <span class='ocrx_word' id='word_1_100' title='bbox 850 1035 994 1056; x_wconf 88' lang='lat' dir='ltr'><strong>necessa-</strong></span> 
     </span>
     <span class='ocr_line' id='line_1_18' title="bbox 222 1079 992 1119; baseline 0 -10"><span class='ocrx_word' id='word_1_101' title='bbox 222 1080 269 1109; x_wconf 81' lang='lat' dir='ltr'><strong>ria</strong></span> <span class='ocrx_word' id='word_1_102' title='bbox 285 1079 317 1109; x_wconf 90' lang='grc'><strong>111</strong></span> <span class='ocrx_word' id='word_1_103' title='bbox 338 1080 382 1109; x_wconf 84' lang='lat' dir='ltr'><strong>eis</strong></span> <span class='ocrx_word' id='word_1_104' title='bbox 402 1080 574 1117; x_wconf 79' lang='lat' dir='ltr'><strong>connexio,</strong></span> <span class='ocrx_word' id='word_1_105' title='bbox 593 1079 669 1119; x_wconf 80' lang='lat' dir='ltr'><strong>quia</strong></span> <span class='ocrx_word' id='word_1_106' title='bbox 692 1089 756 1109; x_wconf 88' lang='lat' dir='ltr'><strong>una</strong></span> <span class='ocrx_word' id='word_1_107' title='bbox 785 1080 887 1109; x_wconf 90' lang='lat' dir='ltr'><strong>virtus</strong></span> <span class='ocrx_word' id='word_1_108' title='bbox 908 1089 992 1109; x_wconf 91' lang='grc'><strong>1100-</strong></span> 
     </span>
     <span class='ocr_line' id='line_1_19' title="bbox 221 1133 991 1172; baseline -0.001 -9"><span class='ocrx_word' id='word_1_109' title='bbox 221 1142 317 1172; x_wconf 80' lang='lat' dir='ltr'><strong>quam</strong></span> <span class='ocrx_word' id='word_1_110' title='bbox 330 1133 463 1171; x_wconf 79' lang='lat' dir='ltr'><strong>perfecte</strong></span> <span class='ocrx_word' id='word_1_111' title='bbox 479 1133 624 1169; x_wconf 86' lang='lat' dir='ltr'><strong>habetur,</strong></span> <span class='ocrx_word' id='word_1_112' title='bbox 642 1133 700 1162; x_wconf 88' lang='lat' dir='ltr'><strong>nisi</strong></span> <span class='ocrx_word' id='word_1_113' title='bbox 712 1134 835 1162; x_wconf 73' lang='lat' dir='ltr'><strong>cceterae</strong></span> <span class='ocrx_word' id='word_1_114' title='bbox 851 1133 991 1162; x_wconf 80' lang='lat' dir='ltr'><strong>babean-</strong></span> 
     </span>
     <span class='ocr_line' id='line_1_20' title="bbox 220 1186 985 1225; baseline 0.001 -10"><span class='ocrx_word' id='word_1_115' title='bbox 220 1188 282 1215; x_wconf 86' lang='lat' dir='ltr'><strong>tur.</strong></span> <span class='ocrx_word' id='word_1_116' title='bbox 296 1186 332 1216; x_wconf 86' lang='lat' dir='ltr'><strong>Et</strong></span> <span class='ocrx_word' id='word_1_117' title='bbox 345 1188 499 1225; x_wconf 77' lang='lat' dir='ltr'><strong>quantum</strong></span> <span class='ocrx_word' id='word_1_118' title='bbox 515 1186 624 1216; x_wconf 82' lang='lat' dir='ltr'><strong>adhoc</strong></span> <span class='ocrx_word' id='word_1_119' title='bbox 636 1186 715 1216; x_wconf 87' lang='grc'><strong>116116</strong></span> <span class='ocrx_word' id='word_1_120' title='bbox 725 1186 869 1216; x_wconf 83' lang='lat' dir='ltr'><strong>dicebant</strong></span> <span class='ocrx_word' id='word_1_121' title='bbox 879 1186 985 1223; x_wconf 82' lang='lat' dir='ltr'><strong>Stoici,</strong></span> 
     </span>
     <span class='ocr_line' id='line_1_21' title="bbox 221 1241 993 1281; baseline 0 -10"><span class='ocrx_word' id='word_1_122' title='bbox 221 1241 292 1271; x_wconf 86' lang='lat' dir='ltr'><strong>licet</strong></span> <span class='ocrx_word' id='word_1_123' title='bbox 306 1251 369 1272; x_wconf 92' lang='lat' dir='ltr'><strong>nou</strong></span> <span class='ocrx_word' id='word_1_124' title='bbox 388 1251 616 1281; x_wconf 71' lang='lat' dir='ltr'><strong>usquequaque</strong></span> <span class='ocrx_word' id='word_1_125' title='bbox 632 1251 726 1281; x_wconf 87' lang='lat' dir='ltr'><strong>super</strong></span> <span class='ocrx_word' id='word_1_126' title='bbox 741 1251 853 1272; x_wconf 89' lang='lat' dir='ltr'><strong>verum</strong></span> <span class='ocrx_word' id='word_1_127' title='bbox 870 1241 993 1271; x_wconf 82' lang='lat' dir='ltr'><strong>fundati</strong></span> 
     </span>
     <span class='ocr_line' id='line_1_22' title="bbox 221 1294 991 1333; baseline 0.001 -10"><span class='ocrx_word' id='word_1_128' title='bbox 221 1297 334 1324; x_wconf 85' lang='grc'><strong>6556111.</strong></span> <span class='ocrx_word' id='word_1_129' title='bbox 353 1294 413 1325; x_wconf 77' lang='lat' dir='ltr'><strong>Sed</strong></span> <span class='ocrx_word' id='word_1_130' title='bbox 437 1294 629 1333; x_wconf 71' lang='lat' dir='ltr'><strong>simpliciter,</strong></span> <span class='ocrx_word' id='word_1_131' title='bbox 647 1295 712 1324; x_wconf 89' lang='lat' dir='ltr'><strong>sive</strong></span> <span class='ocrx_word' id='word_1_132' title='bbox 732 1294 908 1324; x_wconf 83' lang='lat' dir='ltr'><strong>secundum</strong></span> <span class='ocrx_word' id='word_1_133' title='bbox 924 1303 991 1324; x_wconf 89' lang='grc'><strong>001-</strong></span> 
     </span>
     <span class='ocr_line' id='line_1_23' title="bbox 223 1348 994 1385; baseline 0 -8"><span class='ocrx_word' id='word_1_134' title='bbox 223 1357 297 1377; x_wconf 87' lang='lat' dir='ltr'><strong>nem</strong></span> <span class='ocrx_word' id='word_1_135' title='bbox 314 1350 444 1385; x_wconf 80' lang='lat' dir='ltr'><strong>statum,</strong></span> <span class='ocrx_word' id='word_1_136' title='bbox 467 1348 510 1378; x_wconf 83' lang='lat' dir='ltr'><strong>sic</strong></span> <span class='ocrx_word' id='word_1_137' title='bbox 533 1357 595 1378; x_wconf 90' lang='lat' dir='ltr'><strong>non</strong></span> <span class='ocrx_word' id='word_1_138' title='bbox 617 1350 663 1378; x_wconf 86' lang='lat' dir='ltr'><strong>est</strong></span> <span class='ocrx_word' id='word_1_139' title='bbox 682 1348 895 1378; x_wconf 81' lang='lat' dir='ltr'><strong>necessarium</strong></span> <span class='ocrx_word' id='word_1_140' title='bbox 915 1357 994 1377; x_wconf 84' lang='grc'><strong>600-</strong></span> 
     </span>
     <span class='ocr_line' id='line_1_24' title="bbox 222 1401 992 1441; baseline 0 -10"><span class='ocrx_word' id='word_1_141' title='bbox 222 1401 392 1431; x_wconf 77' lang='lat' dir='ltr'><strong>nexionem</strong></span> <span class='ocrx_word' id='word_1_142' title='bbox 425 1411 492 1431; x_wconf 88' lang='lat' dir='ltr'><strong>esse</strong></span> <span class='ocrx_word' id='word_1_143' title='bbox 521 1401 554 1431; x_wconf 91' lang='lat' dir='ltr'><strong>in</strong></span> <span class='ocrx_word' id='word_1_144' title='bbox 580 1402 767 1441; x_wconf 85' lang='lat' dir='ltr'><strong>hujusmodi</strong></span> <span class='ocrx_word' id='word_1_145' title='bbox 794 1402 968 1432; x_wconf 88' lang='lat' dir='ltr'><strong>virtutibus</strong></span> <span class='ocrx_word' id='word_1_146' title='bbox 985 1426 992 1439; x_wconf 89' lang='lat'><strong>,</strong></span> 
     </span>
     <span class='ocr_line' id='line_1_25' title="bbox 221 1455 993 1494; baseline 0 -9"><span class='ocrx_word' id='word_1_147' title='bbox 221 1464 294 1485; x_wconf 81' lang='lat' dir='ltr'><strong>cun]</strong></span> <span class='ocrx_word' id='word_1_148' title='bbox 308 1455 370 1485; x_wconf 87' lang='lat' dir='ltr'><strong>sint</strong></span> <span class='ocrx_word' id='word_1_149' title='bbox 386 1455 425 1485; x_wconf 87' lang='lat' dir='ltr'><strong>ab</strong></span> <span class='ocrx_word' id='word_1_150' title='bbox 440 1455 645 1494; x_wconf 70' lang='lat' dir='ltr'><strong>acquisitione</strong></span> <span class='ocrx_word' id='word_1_151' title='bbox 661 1466 666 1485; x_wconf 81' lang='lat' dir='ltr'>z</span> <span class='ocrx_word' id='word_1_152' title='bbox 690 1456 733 1485; x_wconf 85' lang='lat' dir='ltr'><strong>sic</strong></span> <span class='ocrx_word' id='word_1_153' title='bbox 746 1455 915 1485; x_wconf 83' lang='lat' dir='ltr'><strong>ostendunt</strong></span> <span class='ocrx_word' id='word_1_154' title='bbox 941 1465 993 1485; x_wconf 88' lang='lat' dir='ltr'><strong>ra-</strong></span> 
     </span>
     <span class='ocr_line' id='line_1_26' title="bbox 221 1507 995 1547; baseline 0.003 -10"><span class='ocrx_word' id='word_1_155' title='bbox 221 1508 321 1537; x_wconf 81' lang='lat' dir='ltr'><strong>tiones</strong></span> <span class='ocrx_word' id='word_1_156' title='bbox 332 1508 370 1537; x_wconf 90' lang='lat' dir='ltr'><strong>ad</strong></span> <span class='ocrx_word' id='word_1_157' title='bbox 384 1508 466 1538; x_wconf 84' lang='lat' dir='ltr'><strong>hanc</strong></span> <span class='ocrx_word' id='word_1_158' title='bbox 482 1510 603 1547; x_wconf 81' lang='lat' dir='ltr'><strong>partem</strong></span> <span class='ocrx_word' id='word_1_159' title='bbox 620 1507 766 1545; x_wconf 82' lang='lat' dir='ltr'><strong>inductae,</strong></span> <span class='ocrx_word' id='word_1_160' title='bbox 786 1510 816 1538; x_wconf 85' lang='lat' dir='ltr'><strong>et</strong></span> <span class='ocrx_word' id='word_1_161' title='bbox 837 1508 906 1538; x_wconf 84' lang='lat' dir='ltr'><strong>ideo</strong></span> <span class='ocrx_word' id='word_1_162' title='bbox 921 1511 995 1539; x_wconf 87' lang='lat' dir='ltr'><strong>sunt</strong></span> 
     </span>
     <span class='ocr_line' id='line_1_27' title="bbox 223 1561 442 1591; baseline 0.005 -1"><span class='ocrx_word' id='word_1_163' title='bbox 223 1561 442 1591; x_wconf 71' lang='lat' dir='ltr'><strong>concedendae.</strong></span> 
     </span>
    </p>

    <p class='ocr_par' dir='ltr' id='par_1_3' title="bbox 219 1613 996 2023">
     <span class='ocr_line' id='line_1_28' title="bbox 260 1613 994 1653; baseline 0.001 -10"><span class='ocrx_word' id='word_1_164' title='bbox 260 1616 288 1643; x_wconf 78' lang='lat' dir='ltr'><strong>l.</strong></span> <span class='ocrx_word' id='word_1_165' title='bbox 305 1614 352 1643; x_wconf 81' lang='lat' dir='ltr'><strong>Ad</strong></span> <span class='ocrx_word' id='word_1_166' title='bbox 365 1613 440 1644; x_wconf 89' lang='lat' dir='ltr'><strong>illud</strong></span> <span class='ocrx_word' id='word_1_167' title='bbox 457 1623 534 1652; x_wconf 72' lang='lat' dir='ltr'><strong>ergo</strong></span> <span class='ocrx_word' id='word_1_168' title='bbox 551 1614 635 1653; x_wconf 88' lang='lat' dir='ltr'><strong>quod</strong></span> <span class='ocrx_word' id='word_1_169' title='bbox 648 1614 798 1653; x_wconf 85' lang='lat' dir='ltr'><strong>objicitur</strong></span> <span class='ocrx_word' id='word_1_170' title='bbox 819 1614 851 1643; x_wconf 88' lang='lat' dir='ltr'><strong>in</strong></span> <span class='ocrx_word' id='word_1_171' title='bbox 869 1616 994 1644; x_wconf 78' lang='lat' dir='ltr'><strong>contra-</strong></span> 
     </span>
     <span class='ocr_line' id='line_1_29' title="bbox 220 1667 991 1706; baseline 0.001 -9"><span class='ocrx_word' id='word_1_172' title='bbox 220 1667 307 1697; x_wconf 87' lang='lat' dir='ltr'><strong>rium</strong></span> <span class='ocrx_word' id='word_1_173' title='bbox 332 1667 369 1696; x_wconf 91' lang='lat' dir='ltr'><strong>de</strong></span> <span class='ocrx_word' id='word_1_174' title='bbox 398 1667 582 1697; x_wconf 81' lang='lat' dir='ltr'><strong>auctoritate</strong></span> <span class='ocrx_word' id='word_1_175' title='bbox 611 1667 739 1697; x_wconf 65' lang='lat' dir='ltr'><strong>senet-33</strong></span> <span class='ocrx_word' id='word_1_176' title='bbox 756 1691 764 1704; x_wconf 88' lang='lat'>‚</span> <span class='ocrx_word' id='word_1_177' title='bbox 794 1667 879 1706; x_wconf 84' lang='lat' dir='ltr'><strong>quod</strong></span> <span class='ocrx_word' id='word_1_178' title='bbox 903 1675 991 1698; x_wconf 81' lang='lat' dir='ltr'><strong>omne</strong></span> 
     </span>
     <span class='ocr_line' id='line_1_30' title="bbox 219 1719 995 1760; baseline 0.003 -11"><span class='ocrx_word' id='word_1_179' title='bbox 219 1719 305 1758; x_wconf 75' lang='lat' dir='ltr'><strong>quod</strong></span> <span class='ocrx_word' id='word_1_180' title='bbox 323 1719 396 1751; x_wconf 73' lang='lat' dir='ltr'><strong>bene</strong></span> <span class='ocrx_word' id='word_1_181' title='bbox 417 1720 465 1758; x_wconf 78' lang='lat' dir='ltr'><strong>fit,</strong></span> <span class='ocrx_word' id='word_1_182' title='bbox 481 1722 553 1756; x_wconf 61' lang='lat' dir='ltr'><strong>etc„</strong></span> <span class='ocrx_word' id='word_1_183' title='bbox 569 1720 737 1750; x_wconf 82' lang='lat' dir='ltr'><strong>(licendum</strong></span> <span class='ocrx_word' id='word_1_184' title='bbox 753 1721 837 1760; x_wconf 90' lang='lat' dir='ltr'><strong>quod</strong></span> <span class='ocrx_word' id='word_1_185' title='bbox 851 1721 926 1750; x_wconf 88' lang='lat' dir='ltr'><strong>illud</strong></span> <span class='ocrx_word' id='word_1_186' title='bbox 943 1721 995 1751; x_wconf 89' lang='lat' dir='ltr'><strong>in-</strong></span> 
     </span>
     <span class='ocr_line' id='line_1_31' title="bbox 220 1773 995 1813; baseline 0.001 -10"><span class='ocrx_word' id='word_1_187' title='bbox 220 1773 377 1812; x_wconf 81' lang='lat' dir='ltr'><strong>telligitur</strong></span> <span class='ocrx_word' id='word_1_188' title='bbox 391 1774 429 1804; x_wconf 88' lang='lat' dir='ltr'><strong>de</strong></span> <span class='ocrx_word' id='word_1_189' title='bbox 442 1774 518 1813; x_wconf 89' lang='lat' dir='ltr'><strong>ipsis</strong></span> <span class='ocrx_word' id='word_1_190' title='bbox 533 1774 705 1804; x_wconf 86' lang='lat' dir='ltr'><strong>virtutibus</strong></span> <span class='ocrx_word' id='word_1_191' title='bbox 716 1776 873 1813; x_wconf 84' lang='lat' dir='ltr'><strong>quantum</strong></span> <span class='ocrx_word' id='word_1_192' title='bbox 889 1774 928 1804; x_wconf 86' lang='lat' dir='ltr'><strong>ad</strong></span> <span class='ocrx_word' id='word_1_193' title='bbox 944 1784 995 1813; x_wconf 92' lang='lat' dir='ltr'><strong>ap-</strong></span> 
     </span>
     <span class='ocr_line' id='line_1_32' title="bbox 220 1826 993 1866; baseline 0.001 -10"><span class='ocrx_word' id='word_1_194' title='bbox 220 1827 390 1866; x_wconf 74' lang='lat' dir='ltr'><strong>propriata,</strong></span> <span class='ocrx_word' id='word_1_195' title='bbox 408 1836 473 1857; x_wconf 91' lang='lat' dir='ltr'><strong>non</strong></span> <span class='ocrx_word' id='word_1_196' title='bbox 486 1829 642 1866; x_wconf 87' lang='lat' dir='ltr'><strong>quantum</strong></span> <span class='ocrx_word' id='word_1_197' title='bbox 655 1827 693 1857; x_wconf 81' lang='lat' dir='ltr'><strong>ad</strong></span> <span class='ocrx_word' id='word_1_198' title='bbox 708 1828 844 1866; x_wconf 89' lang='lat' dir='ltr'><strong>propria.</strong></span> <span class='ocrx_word' id='word_1_199' title='bbox 865 1826 946 1857; x_wconf 89' lang='lat' dir='ltr'><strong>Nam</strong></span> <span class='ocrx_word' id='word_1_200' title='bbox 967 1828 993 1857; x_wconf 92' lang='lat' dir='ltr'><strong>si</strong></span> 
     </span>
     <span class='ocr_line' id='line_1_33' title="bbox 220 1880 995 1919; baseline 0.001 -10"><span class='ocrx_word' id='word_1_201' title='bbox 220 1883 377 1919; x_wconf 85' lang='lat' dir='ltr'><strong>quantum</strong></span> <span class='ocrx_word' id='word_1_202' title='bbox 403 1880 441 1910; x_wconf 87' lang='lat' dir='ltr'><strong>ad</strong></span> <span class='ocrx_word' id='word_1_203' title='bbox 465 1880 591 1919; x_wconf 85' lang='lat' dir='ltr'><strong>propria</strong></span> <span class='ocrx_word' id='word_1_204' title='bbox 611 1880 748 1910; x_wconf 84' lang='lat' dir='ltr'><strong>velimus</strong></span> <span class='ocrx_word' id='word_1_205' title='bbox 774 1880 878 1919; x_wconf 88' lang='lat' dir='ltr'><strong>loqui,</strong></span> <span class='ocrx_word' id='word_1_206' title='bbox 906 1883 995 1910; x_wconf 85' lang='lat' dir='ltr'><strong>actus</strong></span> 
     </span>
     <span class='ocr_line' id='line_1_34' title="bbox 222 1932 996 1971; baseline 0 -9"><span class='ocrx_word' id='word_1_207' title='bbox 222 1932 348 1962; x_wconf 85' lang='lat' dir='ltr'><strong>illarum</strong></span> <span class='ocrx_word' id='word_1_208' title='bbox 373 1933 528 1963; x_wconf 86' lang='lat' dir='ltr'><strong>virtutum</strong></span> <span class='ocrx_word' id='word_1_209' title='bbox 556 1933 670 1962; x_wconf 84' lang='lat' dir='ltr'><strong>diversi</strong></span> <span class='ocrx_word' id='word_1_210' title='bbox 695 1935 785 1969; x_wconf 76' lang='lat' dir='ltr'><strong>sunt3</strong></span> <span class='ocrx_word' id='word_1_211' title='bbox 814 1942 872 1963; x_wconf 85' lang='grc'><strong>1166</strong></span> <span class='ocrx_word' id='word_1_212' title='bbox 898 1942 996 1971; x_wconf 81' lang='lat' dir='ltr'><strong>nego-</strong></span> 
     </span>
     <span class='ocr_line' id='line_1_35' title="bbox 222 1985 868 2023; baseline 0.002 -9"><span class='ocrx_word' id='word_1_213' title='bbox 222 1985 342 2015; x_wconf 86' lang='lat' dir='ltr'><strong>tiantur</strong></span> <span class='ocrx_word' id='word_1_214' title='bbox 358 1985 442 2015; x_wconf 82' lang='lat' dir='ltr'><strong>circa</strong></span> <span class='ocrx_word' id='word_1_215' title='bbox 458 1985 552 2023; x_wconf 86' lang='lat' dir='ltr'><strong>idem,</strong></span> <span class='ocrx_word' id='word_1_216' title='bbox 569 1985 623 2015; x_wconf 82' lang='lat' dir='ltr'><strong>sed</strong></span> <span class='ocrx_word' id='word_1_217' title='bbox 638 1985 719 2015; x_wconf 77' lang='lat' dir='ltr'><strong>circa</strong></span> <span class='ocrx_word' id='word_1_218' title='bbox 733 1985 868 2015; x_wconf 82' lang='lat' dir='ltr'><strong>diversa.</strong></span> 
     </span>
    </p>

    <p class='ocr_par' dir='ltr' id='par_1_4' title="bbox 221 2037 996 2501">
     <span class='ocr_line' id='line_1_36' title="bbox 263 2037 995 2077; baseline -0.001 -9"><span class='ocrx_word' id='word_1_219' title='bbox 263 2041 292 2068; x_wconf 73' lang='lat'><strong>⁶2.</strong></span> <span class='ocrx_word' id='word_1_220' title='bbox 312 2038 360 2069; x_wconf 88' lang='lat' dir='ltr'><strong>Ad</strong></span> <span class='ocrx_word' id='word_1_221' title='bbox 377 2037 455 2068; x_wconf 92' lang='lat' dir='ltr'><strong>illud</strong></span> <span class='ocrx_word' id='word_1_222' title='bbox 477 2038 558 2077; x_wconf 86' lang='lat' dir='ltr'><strong>quod</strong></span> <span class='ocrx_word' id='word_1_223' title='bbox 581 2038 728 2076; x_wconf 83' lang='lat' dir='ltr'><strong>objicitur</strong></span> <span class='ocrx_word' id='word_1_224' title='bbox 750 2038 786 2067; x_wconf 83' lang='lat' dir='ltr'><strong>de</strong></span> <span class='ocrx_word' id='word_1_225' title='bbox 809 2038 995 2068; x_wconf 82' lang='lat' dir='ltr'><strong>auctoritate</strong></span> 
     </span>
     <span class='ocr_line' id='line_1_37' title="bbox 225 2091 993 2130; baseline -0.001 -9"><span class='ocrx_word' id='word_1_226' title='bbox 225 2091 418 2128; x_wconf 84' lang='lat' dir='ltr'><strong>Stoicorum,</strong></span> <span class='ocrx_word' id='word_1_227' title='bbox 447 2100 543 2130; x_wconf 83' lang='lat' dir='ltr'><strong>quani</strong></span> <span class='ocrx_word' id='word_1_228' title='bbox 570 2091 741 2121; x_wconf 80' lang='lat' dir='ltr'><strong>introducit</strong></span> <span class='ocrx_word' id='word_1_229' title='bbox 764 2091 993 2130; x_wconf 74' lang='lat' dir='ltr'><strong>Hieronymus,</strong></span> 
     </span>
     <span class='ocr_line' id='line_1_38' title="bbox 221 2142 995 2184; baseline -0.001 -10"><span class='ocrx_word' id='word_1_230' title='bbox 221 2146 289 2184; x_wconf 74' lang='lat' dir='ltr'><strong>Jam</strong></span> <span class='ocrx_word' id='word_1_231' title='bbox 305 2146 389 2183; x_wconf 83' lang='lat' dir='ltr'><strong>patet</strong></span> <span class='ocrx_word' id='word_1_232' title='bbox 403 2144 575 2183; x_wconf 74' lang='lat' dir='ltr'><strong>responsio,</strong></span> <span class='ocrx_word' id='word_1_233' title='bbox 595 2143 670 2183; x_wconf 86' lang='lat' dir='ltr'><strong>quia</strong></span> <span class='ocrx_word' id='word_1_234' title='bbox 689 2142 799 2173; x_wconf 80' lang='lat' dir='ltr'><strong>Stoicis</strong></span> <span class='ocrx_word' id='word_1_235' title='bbox 815 2153 879 2173; x_wconf 88' lang='lat' dir='ltr'><strong>non</strong></span> <span class='ocrx_word' id='word_1_236' title='bbox 901 2146 947 2174; x_wconf 86' lang='lat' dir='ltr'><strong>est</strong></span> <span class='ocrx_word' id='word_1_237' title='bbox 964 2144 995 2173; x_wconf 90' lang='lat' dir='ltr'><strong>iu</strong></span> 
     </span>
     <span class='ocr_line' id='line_1_39' title="bbox 224 2196 994 2236; baseline 0 -10"><span class='ocrx_word' id='word_1_238' title='bbox 224 2198 312 2236; x_wconf 90' lang='lat' dir='ltr'><strong>parte</strong></span> <span class='ocrx_word' id='word_1_239' title='bbox 338 2197 396 2227; x_wconf 87' lang='lat' dir='ltr'><strong>ista</strong></span> <span class='ocrx_word' id='word_1_240' title='bbox 421 2205 651 2236; x_wconf 76' lang='lat' dir='ltr'><strong>usquequaque</strong></span> <span class='ocrx_word' id='word_1_241' title='bbox 679 2196 882 2226; x_wconf 88' lang='lat' dir='ltr'><strong>credendum.</strong></span> <span class='ocrx_word' id='word_1_242' title='bbox 909 2196 994 2226; x_wconf 60' lang='lat' dir='ltr'><strong>Prte-</strong></span> 
     </span>
     <span class='ocr_line' id='line_1_40' title="bbox 226 2250 995 2289; baseline -0.001 -9"><span class='ocrx_word' id='word_1_243' title='bbox 226 2253 323 2288; x_wconf 82' lang='lat' dir='ltr'><strong>terea,</strong></span> <span class='ocrx_word' id='word_1_244' title='bbox 338 2250 444 2287; x_wconf 91' lang='lat' dir='ltr'><strong>Stoici,</strong></span> <span class='ocrx_word' id='word_1_245' title='bbox 459 2250 540 2280; x_wconf 80' lang='lat' dir='ltr'><strong>sieut</strong></span> <span class='ocrx_word' id='word_1_246' title='bbox 555 2250 643 2289; x_wconf 85' lang='lat' dir='ltr'><strong>prius</strong></span> <span class='ocrx_word' id='word_1_247' title='bbox 661 2251 779 2279; x_wconf 85' lang='lat' dir='ltr'><strong>tactum</strong></span> <span class='ocrx_word' id='word_1_248' title='bbox 800 2252 856 2287; x_wconf 77' lang='lat' dir='ltr'><strong>est,</strong></span> <span class='ocrx_word' id='word_1_249' title='bbox 871 2259 995 2289; x_wconf 87' lang='lat' dir='ltr'><strong>semper</strong></span> 
     </span>
     <span class='ocr_line' id='line_1_41' title="bbox 226 2302 995 2342; baseline 0.001 -10"><span class='ocrx_word' id='word_1_250' title='bbox 226 2303 439 2342; x_wconf 80' lang='lat' dir='ltr'><strong>loquebantur</strong></span> <span class='ocrx_word' id='word_1_251' title='bbox 452 2302 490 2332; x_wconf 88' lang='lat' dir='ltr'><strong>de</strong></span> <span class='ocrx_word' id='word_1_252' title='bbox 501 2302 673 2333; x_wconf 86' lang='lat' dir='ltr'><strong>virtutibus</strong></span> <span class='ocrx_word' id='word_1_253' title='bbox 684 2303 858 2333; x_wconf 86' lang='lat' dir='ltr'><strong>secundum</strong></span> <span class='ocrx_word' id='word_1_254' title='bbox 870 2303 995 2333; x_wconf 87' lang='lat' dir='ltr'><strong>culmen</strong></span> 
     </span>
     <span class='ocr_line' id='line_1_42' title="bbox 226 2355 996 2395; baseline 0.001 -10"><span class='ocrx_word' id='word_1_255' title='bbox 226 2356 424 2395; x_wconf 81' lang='lat' dir='ltr'><strong>perfectionis</strong></span> <span class='ocrx_word' id='word_1_256' title='bbox 444 2366 451 2386; x_wconf 79' lang='lat' dir='ltr'>z</span> <span class='ocrx_word' id='word_1_257' title='bbox 469 2357 499 2386; x_wconf 87' lang='lat' dir='ltr'><strong>et</strong></span> <span class='ocrx_word' id='word_1_258' title='bbox 521 2357 677 2395; x_wconf 84' lang='lat' dir='ltr'><strong>quantum</strong></span> <span class='ocrx_word' id='word_1_259' title='bbox 702 2356 739 2385; x_wconf 87' lang='lat' dir='ltr'><strong>ad</strong></span> <span class='ocrx_word' id='word_1_260' title='bbox 764 2355 853 2385; x_wconf 88' lang='lat' dir='ltr'><strong>illum</strong></span> <span class='ocrx_word' id='word_1_261' title='bbox 878 2358 996 2386; x_wconf 82' lang='lat' dir='ltr'><strong>statum</strong></span> 
     </span>
     <span class='ocr_line' id='line_1_43' title="bbox 226 2408 996 2448; baseline 0.001 -10"><span class='ocrx_word' id='word_1_262' title='bbox 226 2417 341 2439; x_wconf 86' lang='lat' dir='ltr'><strong>verum</strong></span> <span class='ocrx_word' id='word_1_263' title='bbox 356 2408 510 2446; x_wconf 89' lang='lat' dir='ltr'><strong>dicebant,</strong></span> <span class='ocrx_word' id='word_1_264' title='bbox 527 2408 603 2448; x_wconf 84' lang='lat' dir='ltr'><strong>quia</strong></span> <span class='ocrx_word' id='word_1_265' title='bbox 617 2409 773 2438; x_wconf 78' lang='lat' dir='ltr'><strong>connexio</strong></span> <span class='ocrx_word' id='word_1_266' title='bbox 789 2411 836 2438; x_wconf 86' lang='lat' dir='ltr'><strong>est</strong></span> <span class='ocrx_word' id='word_1_267' title='bbox 850 2409 883 2439; x_wconf 90' lang='lat' dir='ltr'><strong>in</strong></span> <span class='ocrx_word' id='word_1_268' title='bbox 899 2409 996 2439; x_wconf 87' lang='lat' dir='ltr'><strong>virtu-</strong></span> 
     </span>
     <span class='ocr_line' id='line_1_44' title="bbox 228 2460 993 2501; baseline 0.004 -11"><span class='ocrx_word' id='word_1_269' title='bbox 228 2460 311 2491; x_wconf 85' lang='lat' dir='ltr'><strong>tihus</strong></span> <span class='ocrx_word' id='word_1_270' title='bbox 331 2471 394 2492; x_wconf 87' lang='lat' dir='ltr'><strong>uon</strong></span> <span class='ocrx_word' id='word_1_271' title='bbox 408 2463 534 2501; x_wconf 88' lang='lat' dir='ltr'><strong>propter</strong></span> <span class='ocrx_word' id='word_1_272' title='bbox 553 2461 652 2501; x_wconf 83' lang='lat' dir='ltr'><strong>ipsius</strong></span> <span class='ocrx_word' id='word_1_273' title='bbox 672 2462 797 2492; x_wconf 84' lang='lat' dir='ltr'><strong>virtutis</strong></span> <span class='ocrx_word' id='word_1_274' title='bbox 814 2462 993 2499; x_wconf 76' lang='lat' dir='ltr'><strong>essentiam,</strong></span> 
     </span>
    </p>
   </div>
   <div class='ocr_carea' id='block_1_3' title="bbox 785 164 1265 197">
    <p class='ocr_par' dir='ltr' id='par_1_5' title="bbox 785 164 1265 197">
     <span class='ocr_line' id='line_1_45' title="bbox 785 164 1265 197; baseline -0.002 0"><span class='ocrx_word' id='word_1_275' title='bbox 785 164 1094 197; x_wconf 77' lang='lat' dir='ltr'><strong>SENTENTIARUM</strong></span> <span class='ocrx_word' id='word_1_276' title='bbox 1114 164 1187 195; x_wconf 89' lang='lat' dir='ltr'><strong>LlB.</strong></span> <span class='ocrx_word' id='word_1_277' title='bbox 1212 164 1265 196; x_wconf 87' lang='grc'><strong>111.</strong></span> 
     </span>
    </p>
   </div>
   <div class='ocr_carea' id='block_1_4' title="bbox 1047 230 1825 2504">
    <p class='ocr_par' dir='ltr' id='par_1_6' title="bbox 1048 230 1822 368">
     <span class='ocr_line' id='line_1_46' title="bbox 1048 230 1819 273; baseline 0.006 -12"><span class='ocrx_word' id='word_1_278' title='bbox 1048 230 1101 261; x_wconf 84' lang='lat' dir='ltr'><strong>sed</strong></span> <span class='ocrx_word' id='word_1_279' title='bbox 1140 234 1268 271; x_wconf 87' lang='lat' dir='ltr'><strong>propter</strong></span> <span class='ocrx_word' id='word_1_280' title='bbox 1303 233 1530 272; x_wconf 80' lang='lat' dir='ltr'><strong>perfectionem</strong></span> <span class='ocrx_word' id='word_1_281' title='bbox 1564 234 1799 273; x_wconf 73' lang='lat' dir='ltr'><strong>superadditam</strong></span> <span class='ocrx_word' id='word_1_282' title='bbox 1810 258 1819 272; x_wconf 89' lang='lat'><strong>,</strong></span> 
     </span>
     <span class='ocr_line' id='line_1_47' title="bbox 1048 285 1822 324; baseline 0.005 -10"><span class='ocrx_word' id='word_1_283' title='bbox 1048 293 1146 323; x_wconf 89' lang='lat' dir='ltr'><strong>quam</strong></span> <span class='ocrx_word' id='word_1_284' title='bbox 1171 294 1235 315; x_wconf 85' lang='lat' dir='ltr'><strong>una</strong></span> <span class='ocrx_word' id='word_1_285' title='bbox 1259 285 1360 316; x_wconf 90' lang='lat' dir='ltr'><strong>virtus</strong></span> <span class='ocrx_word' id='word_1_286' title='bbox 1385 295 1448 316; x_wconf 90' lang='lat' dir='ltr'><strong>non</strong></span> <span class='ocrx_word' id='word_1_287' title='bbox 1472 286 1596 324; x_wconf 86' lang='lat' dir='ltr'><strong>tribuit,</strong></span> <span class='ocrx_word' id='word_1_288' title='bbox 1612 286 1673 316; x_wconf 85' lang='lat' dir='ltr'><strong>nisi</strong></span> <span class='ocrx_word' id='word_1_289' title='bbox 1697 288 1736 318; x_wconf 87' lang='lat' dir='ltr'><strong>sit</strong></span> <span class='ocrx_word' id='word_1_290' title='bbox 1750 288 1822 318; x_wconf 86' lang='lat' dir='ltr'><strong>aliis</strong></span> 
     </span>
     <span class='ocr_line' id='line_1_48' title="bbox 1049 337 1212 368; baseline 0.012 -2"><span class='ocrx_word' id='word_1_291' title='bbox 1049 337 1212 368; x_wconf 78' lang='lat' dir='ltr'><strong>associata.</strong></span> 
     </span>
    </p>

    <p class='ocr_par' dir='ltr' id='par_1_7' title="bbox 1048 390 1824 1012">
     <span class='ocr_line' id='line_1_49' title="bbox 1089 390 1822 430; baseline 0.007 -11"><span class='ocrx_word' id='word_1_292' title='bbox 1089 392 1117 420; x_wconf 90' lang='grc'><strong>3.</strong></span> <span class='ocrx_word' id='word_1_293' title='bbox 1135 390 1182 419; x_wconf 83' lang='lat' dir='ltr'><strong>Ad</strong></span> <span class='ocrx_word' id='word_1_294' title='bbox 1207 390 1282 420; x_wconf 91' lang='lat' dir='ltr'><strong>illud</strong></span> <span class='ocrx_word' id='word_1_295' title='bbox 1298 390 1383 429; x_wconf 88' lang='lat' dir='ltr'><strong>quod</strong></span> <span class='ocrx_word' id='word_1_296' title='bbox 1410 390 1558 430; x_wconf 78' lang='lat' dir='ltr'><strong>objicitur</strong></span> <span class='ocrx_word' id='word_1_297' title='bbox 1577 391 1615 421; x_wconf 93' lang='lat' dir='ltr'><strong>de</strong></span> <span class='ocrx_word' id='word_1_298' title='bbox 1636 392 1822 424; x_wconf 87' lang='lat' dir='ltr'><strong>auctoritate</strong></span> 
     </span>
     <span class='ocr_line' id='line_1_50' title="bbox 1050 442 1820 484; baseline 0.006 -12"><span class='ocrx_word' id='word_1_299' title='bbox 1050 442 1241 481; x_wconf 83' lang='lat' dir='ltr'><strong>Augustini,</strong></span> <span class='ocrx_word' id='word_1_300' title='bbox 1259 443 1343 482; x_wconf 87' lang='lat' dir='ltr'><strong>quod</strong></span> <span class='ocrx_word' id='word_1_301' title='bbox 1364 444 1468 474; x_wconf 74' lang='lat' dir='ltr'><strong>virtus</strong></span> <span class='ocrx_word' id='word_1_302' title='bbox 1485 448 1532 476; x_wconf 83' lang='lat' dir='ltr'><strong>est</strong></span> <span class='ocrx_word' id='word_1_303' title='bbox 1551 444 1720 484; x_wconf 79' lang='lat' dir='ltr'><strong>(equalitas</strong></span> <span class='ocrx_word' id='word_1_304' title='bbox 1733 446 1820 484; x_wconf 82' lang='lat' dir='ltr'><strong>vitae,</strong></span> 
     </span>
     <span class='ocr_line' id='line_1_51' title="bbox 1048 496 1821 536; baseline 0.004 -10"><span class='ocrx_word' id='word_1_305' title='bbox 1048 498 1120 533; x_wconf 86' lang='lat' dir='ltr'><strong>etc.,</strong></span> <span class='ocrx_word' id='word_1_306' title='bbox 1141 496 1310 527; x_wconf 89' lang='lat' dir='ltr'><strong>dicendum</strong></span> <span class='ocrx_word' id='word_1_307' title='bbox 1331 497 1417 536; x_wconf 89' lang='lat' dir='ltr'><strong>quod</strong></span> <span class='ocrx_word' id='word_1_308' title='bbox 1442 506 1497 536; x_wconf 90' lang='lat' dir='ltr'><strong>per</strong></span> <span class='ocrx_word' id='word_1_309' title='bbox 1518 497 1596 528; x_wconf 87' lang='lat' dir='ltr'><strong>illud</strong></span> <span class='ocrx_word' id='word_1_310' title='bbox 1621 497 1821 536; x_wconf 88' lang='lat' dir='ltr'><strong>adverbium,</strong></span> 
     </span>
     <span class='ocr_line' id='line_1_52' title="bbox 1049 549 1823 590; baseline 0.004 -10"><span class='ocrx_word' id='word_1_311' title='bbox 1049 549 1211 588; x_wconf 76' lang='lat' dir='ltr'><strong>undique,</strong></span> <span class='ocrx_word' id='word_1_312' title='bbox 1236 559 1301 580; x_wconf 90' lang='lat' dir='ltr'><strong>non</strong></span> <span class='ocrx_word' id='word_1_313' title='bbox 1324 551 1363 580; x_wconf 88' lang='lat' dir='ltr'><strong>sit</strong></span> <span class='ocrx_word' id='word_1_314' title='bbox 1386 551 1565 581; x_wconf 83' lang='lat' dir='ltr'><strong>distributio</strong></span> <span class='ocrx_word' id='word_1_315' title='bbox 1589 560 1646 590; x_wconf 89' lang='lat' dir='ltr'><strong>pro</strong></span> <span class='ocrx_word' id='word_1_316' title='bbox 1672 551 1823 583; x_wconf 88' lang='lat' dir='ltr'><strong>omnibus</strong></span> 
     </span>
     <span class='ocr_line' id='line_1_53' title="bbox 1049 604 1819 643; baseline 0.005 -11"><span class='ocrx_word' id='word_1_317' title='bbox 1049 611 1121 641; x_wconf 80' lang='lat' dir='ltr'><strong>quae</strong></span> <span class='ocrx_word' id='word_1_318' title='bbox 1148 605 1288 642; x_wconf 84' lang='lat' dir='ltr'><strong>spectant</strong></span> <span class='ocrx_word' id='word_1_319' title='bbox 1311 604 1349 633; x_wconf 89' lang='lat' dir='ltr'><strong>ad</strong></span> <span class='ocrx_word' id='word_1_320' title='bbox 1369 604 1591 634; x_wconf 83' lang='lat' dir='ltr'><strong>rectitudinem</strong></span> <span class='ocrx_word' id='word_1_321' title='bbox 1615 604 1712 635; x_wconf 85' lang='lat' dir='ltr'><strong>totius</strong></span> <span class='ocrx_word' id='word_1_322' title='bbox 1734 605 1819 643; x_wconf 85' lang='lat' dir='ltr'><strong>vitae,</strong></span> 
     </span>
     <span class='ocr_line' id='line_1_54' title="bbox 1049 655 1823 695; baseline 0.005 -11"><span class='ocrx_word' id='word_1_323' title='bbox 1049 655 1102 685; x_wconf 87' lang='lat' dir='ltr'><strong>sed</strong></span> <span class='ocrx_word' id='word_1_324' title='bbox 1127 664 1183 694; x_wconf 88' lang='lat' dir='ltr'><strong>pro</strong></span> <span class='ocrx_word' id='word_1_325' title='bbox 1205 656 1255 685; x_wconf 79' lang='lat' dir='ltr'><strong>liis</strong></span> <span class='ocrx_word' id='word_1_326' title='bbox 1277 664 1348 695; x_wconf 79' lang='lat' dir='ltr'><strong>quae</strong></span> <span class='ocrx_word' id='word_1_327' title='bbox 1373 658 1513 695; x_wconf 87' lang='lat' dir='ltr'><strong>spectant</strong></span> <span class='ocrx_word' id='word_1_328' title='bbox 1537 656 1576 687; x_wconf 88' lang='lat' dir='ltr'><strong>ad</strong></span> <span class='ocrx_word' id='word_1_329' title='bbox 1602 657 1823 688; x_wconf 87' lang='lat' dir='ltr'><strong>rectitudinem</strong></span> 
     </span>
     <span class='ocr_line' id='line_1_55' title="bbox 1049 708 1824 748; baseline 0.005 -11"><span class='ocrx_word' id='word_1_330' title='bbox 1049 710 1138 737; x_wconf 85' lang='lat' dir='ltr'><strong>actus</strong></span> <span class='ocrx_word' id='word_1_331' title='bbox 1154 708 1253 747; x_wconf 87' lang='lat' dir='ltr'><strong>ipsius</strong></span> <span class='ocrx_word' id='word_1_332' title='bbox 1270 708 1397 738; x_wconf 85' lang='lat' dir='ltr'><strong>virtutis</strong></span> <span class='ocrx_word' id='word_1_333' title='bbox 1411 718 1417 738; x_wconf 92' lang='lat'>:</span> <span class='ocrx_word' id='word_1_334' title='bbox 1436 709 1581 748; x_wconf 78' lang='lat' dir='ltr'><strong>possibile</strong></span> <span class='ocrx_word' id='word_1_335' title='bbox 1594 710 1681 740; x_wconf 87' lang='lat' dir='ltr'><strong>enim</strong></span> <span class='ocrx_word' id='word_1_336' title='bbox 1696 712 1742 741; x_wconf 84' lang='lat' dir='ltr'><strong>est</strong></span> <span class='ocrx_word' id='word_1_337' title='bbox 1759 719 1824 741; x_wconf 88' lang='lat' dir='ltr'><strong>rec-</strong></span> 
     </span>
     <span class='ocr_line' id='line_1_56' title="bbox 1050 761 1821 801; baseline 0.005 -10"><span class='ocrx_word' id='word_1_338' title='bbox 1050 761 1160 791; x_wconf 73' lang='grc'><strong>1166311</strong></span> <span class='ocrx_word' id='word_1_339' title='bbox 1185 761 1323 801; x_wconf 86' lang='lat' dir='ltr'><strong>aliquem</strong></span> <span class='ocrx_word' id='word_1_340' title='bbox 1344 762 1378 792; x_wconf 91' lang='lat' dir='ltr'><strong>in</strong></span> <span class='ocrx_word' id='word_1_341' title='bbox 1399 764 1472 792; x_wconf 85' lang='lat' dir='ltr'><strong>actu</strong></span> <span class='ocrx_word' id='word_1_342' title='bbox 1492 762 1588 793; x_wconf 89' lang='lat' dir='ltr'><strong>unius</strong></span> <span class='ocrx_word' id='word_1_343' title='bbox 1610 763 1748 801; x_wconf 84' lang='lat' dir='ltr'><strong>virtutis,</strong></span> <span class='ocrx_word' id='word_1_344' title='bbox 1772 773 1821 794; x_wconf 87' lang='lat' dir='ltr'><strong>se-</strong></span> 
     </span>
     <span class='ocr_line' id='line_1_57' title="bbox 1049 814 1823 854; baseline 0.005 -10"><span class='ocrx_word' id='word_1_345' title='bbox 1049 814 1190 845; x_wconf 84' lang='lat' dir='ltr'><strong>cundum</strong></span> <span class='ocrx_word' id='word_1_346' title='bbox 1201 815 1285 854; x_wconf 92' lang='lat' dir='ltr'><strong>quod</strong></span> <span class='ocrx_word' id='word_1_347' title='bbox 1300 815 1400 854; x_wconf 76' lang='lat' dir='ltr'><strong>exigit</strong></span> <span class='ocrx_word' id='word_1_348' title='bbox 1412 815 1514 846; x_wconf 86' lang='lat' dir='ltr'><strong>virtus</strong></span> <span class='ocrx_word' id='word_1_349' title='bbox 1528 816 1639 854; x_wconf 87' lang='lat' dir='ltr'><strong>civilis,</strong></span> <span class='ocrx_word' id='word_1_350' title='bbox 1656 817 1701 847; x_wconf 89' lang='lat' dir='ltr'><strong>ita</strong></span> <span class='ocrx_word' id='word_1_351' title='bbox 1716 818 1823 848; x_wconf 83' lang='lat' dir='ltr'><strong>tamen</strong></span> 
     </span>
     <span class='ocr_line' id='line_1_58' title="bbox 1049 867 1822 906; baseline 0.004 -9"><span class='ocrx_word' id='word_1_352' title='bbox 1049 867 1133 906; x_wconf 86' lang='lat' dir='ltr'><strong>quod</strong></span> <span class='ocrx_word' id='word_1_353' title='bbox 1148 876 1212 898; x_wconf 90' lang='lat' dir='ltr'><strong>non</strong></span> <span class='ocrx_word' id='word_1_354' title='bbox 1226 868 1343 898; x_wconf 83' lang='lat' dir='ltr'><strong>habeat</strong></span> <span class='ocrx_word' id='word_1_355' title='bbox 1360 868 1620 899; x_wconf 84' lang='lat' dir='ltr'><strong>rectificationem</strong></span> <span class='ocrx_word' id='word_1_356' title='bbox 1640 869 1674 899; x_wconf 91' lang='lat' dir='ltr'><strong>in</strong></span> <span class='ocrx_word' id='word_1_357' title='bbox 1688 871 1760 900; x_wconf 83' lang='lat' dir='ltr'><strong>actu</strong></span> <span class='ocrx_word' id='word_1_358' title='bbox 1774 869 1822 900; x_wconf 88' lang='lat' dir='ltr'><strong>al-</strong></span> 
     </span>
     <span class='ocr_line' id='line_1_59' title="bbox 1050 920 1823 962; baseline 0.005 -13"><span class='ocrx_word' id='word_1_359' title='bbox 1050 920 1146 950; x_wconf 86' lang='lat' dir='ltr'><strong>terins</strong></span> <span class='ocrx_word' id='word_1_360' title='bbox 1174 920 1323 957; x_wconf 84' lang='lat' dir='ltr'><strong>virtutis,</strong></span> <span class='ocrx_word' id='word_1_361' title='bbox 1351 921 1432 952; x_wconf 87' lang='lat' dir='ltr'><strong>sicut</strong></span> <span class='ocrx_word' id='word_1_362' title='bbox 1455 923 1556 961; x_wconf 87' lang='lat' dir='ltr'><strong>potest</strong></span> <span class='ocrx_word' id='word_1_363' title='bbox 1580 921 1746 952; x_wconf 86' lang='lat' dir='ltr'><strong>manifeste</strong></span> <span class='ocrx_word' id='word_1_364' title='bbox 1768 931 1823 962; x_wconf 88' lang='lat' dir='ltr'><strong>per</strong></span> 
     </span>
     <span class='ocr_line' id='line_1_60' title="bbox 1048 974 1323 1012; baseline 0.004 -9"><span class='ocrx_word' id='word_1_365' title='bbox 1048 974 1193 1012; x_wconf 76' lang='lat' dir='ltr'><strong>exempla</strong></span> <span class='ocrx_word' id='word_1_366' title='bbox 1208 974 1323 1004; x_wconf 87' lang='lat' dir='ltr'><strong>videri.</strong></span> 
     </span>
    </p>

    <p class='ocr_par' dir='ltr' id='par_1_8' title="bbox 1047 1026 1825 1546">
     <span class='ocr_line' id='line_1_61' title="bbox 1089 1026 1824 1067; baseline 0.003 -10"><span class='ocrx_word' id='word_1_367' title='bbox 1089 1029 1117 1057; x_wconf 69' lang='grc'><strong>4.</strong></span> <span class='ocrx_word' id='word_1_368' title='bbox 1139 1026 1185 1057; x_wconf 76' lang='lat' dir='ltr'><strong>Ad</strong></span> <span class='ocrx_word' id='word_1_369' title='bbox 1203 1027 1278 1057; x_wconf 88' lang='lat' dir='ltr'><strong>illud</strong></span> <span class='ocrx_word' id='word_1_370' title='bbox 1299 1028 1383 1067; x_wconf 87' lang='lat' dir='ltr'><strong>quod</strong></span> <span class='ocrx_word' id='word_1_371' title='bbox 1405 1028 1555 1067; x_wconf 84' lang='lat' dir='ltr'><strong>objicitur</strong></span> <span class='ocrx_word' id='word_1_372' title='bbox 1579 1028 1618 1059; x_wconf 86' lang='lat' dir='ltr'><strong>de</strong></span> <span class='ocrx_word' id='word_1_373' title='bbox 1639 1027 1824 1059; x_wconf 86' lang='lat' dir='ltr'><strong>auctoritate</strong></span> 
     </span>
     <span class='ocr_line' id='line_1_62' title="bbox 1048 1080 1825 1120; baseline 0.003 -10"><span class='ocrx_word' id='word_1_374' title='bbox 1048 1080 1211 1117; x_wconf 85' lang='lat' dir='ltr'><strong>Bernardi,</strong></span> <span class='ocrx_word' id='word_1_375' title='bbox 1227 1081 1296 1119; x_wconf 87' lang='lat' dir='ltr'><strong>jam</strong></span> <span class='ocrx_word' id='word_1_376' title='bbox 1312 1083 1396 1120; x_wconf 87' lang='lat' dir='ltr'><strong>patet</strong></span> <span class='ocrx_word' id='word_1_377' title='bbox 1411 1081 1585 1120; x_wconf 86' lang='lat' dir='ltr'><strong>responsio,</strong></span> <span class='ocrx_word' id='word_1_378' title='bbox 1602 1081 1679 1120; x_wconf 88' lang='lat' dir='ltr'><strong>quia</strong></span> <span class='ocrx_word' id='word_1_379' title='bbox 1692 1081 1825 1112; x_wconf 84' lang='lat' dir='ltr'><strong>Bernar-</strong></span> 
     </span>
     <span class='ocr_line' id='line_1_63' title="bbox 1049 1133 1824 1173; baseline 0.001 -10"><span class='ocrx_word' id='word_1_380' title='bbox 1049 1133 1109 1163; x_wconf 80' lang='lat' dir='ltr'><strong>dus</strong></span> <span class='ocrx_word' id='word_1_381' title='bbox 1124 1133 1266 1172; x_wconf 88' lang='lat' dir='ltr'><strong>loquitur</strong></span> <span class='ocrx_word' id='word_1_382' title='bbox 1279 1133 1317 1163; x_wconf 92' lang='lat' dir='ltr'><strong>de</strong></span> <span class='ocrx_word' id='word_1_383' title='bbox 1334 1134 1408 1173; x_wconf 89' lang='lat' dir='ltr'><strong>ipsis</strong></span> <span class='ocrx_word' id='word_1_384' title='bbox 1422 1134 1595 1164; x_wconf 83' lang='lat' dir='ltr'><strong>virtutibus</strong></span> <span class='ocrx_word' id='word_1_385' title='bbox 1612 1136 1769 1173; x_wconf 86' lang='lat' dir='ltr'><strong>quantum</strong></span> <span class='ocrx_word' id='word_1_386' title='bbox 1785 1133 1824 1165; x_wconf 90' lang='lat' dir='ltr'><strong>ad</strong></span> 
     </span>
     <span class='ocr_line' id='line_1_64' title="bbox 1047 1187 1825 1226; baseline 0.003 -10"><span class='ocrx_word' id='word_1_387' title='bbox 1047 1187 1260 1226; x_wconf 82' lang='lat' dir='ltr'><strong>appropriata,</strong></span> <span class='ocrx_word' id='word_1_388' title='bbox 1287 1196 1351 1217; x_wconf 89' lang='lat' dir='ltr'><strong>non</strong></span> <span class='ocrx_word' id='word_1_389' title='bbox 1375 1189 1533 1226; x_wconf 86' lang='lat' dir='ltr'><strong>quantum</strong></span> <span class='ocrx_word' id='word_1_390' title='bbox 1558 1187 1597 1217; x_wconf 88' lang='lat' dir='ltr'><strong>ad</strong></span> <span class='ocrx_word' id='word_1_391' title='bbox 1622 1187 1761 1226; x_wconf 87' lang='lat' dir='ltr'><strong>propria.</strong></span> <span class='ocrx_word' id='word_1_392' title='bbox 1786 1187 1825 1218; x_wconf 89' lang='lat' dir='ltr'><strong>Et</strong></span> 
     </span>
     <span class='ocr_line' id='line_1_65' title="bbox 1049 1241 1824 1280; baseline 0.001 -9"><span class='ocrx_word' id='word_1_393' title='bbox 1049 1244 1213 1280; x_wconf 83' lang='lat' dir='ltr'><strong>propterea</strong></span> <span class='ocrx_word' id='word_1_394' title='bbox 1226 1241 1364 1280; x_wconf 88' lang='lat' dir='ltr'><strong>loquitur</strong></span> <span class='ocrx_word' id='word_1_395' title='bbox 1374 1241 1411 1271; x_wconf 87' lang='lat' dir='ltr'><strong>de</strong></span> <span class='ocrx_word' id='word_1_396' title='bbox 1421 1241 1594 1272; x_wconf 88' lang='lat' dir='ltr'><strong>virtutibus</strong></span> <span class='ocrx_word' id='word_1_397' title='bbox 1609 1241 1824 1273; x_wconf 88' lang='lat' dir='ltr'><strong>cardinalibus</strong></span> 
     </span>
     <span class='ocr_line' id='line_1_66' title="bbox 1048 1294 1822 1334; baseline 0.003 -10"><span class='ocrx_word' id='word_1_398' title='bbox 1048 1303 1113 1324; x_wconf 89' lang='lat' dir='ltr'><strong>non</strong></span> <span class='ocrx_word' id='word_1_399' title='bbox 1130 1295 1161 1324; x_wconf 90' lang='lat' dir='ltr'><strong>in</strong></span> <span class='ocrx_word' id='word_1_400' title='bbox 1172 1296 1329 1334; x_wconf 88' lang='lat' dir='ltr'><strong>quantum</strong></span> <span class='ocrx_word' id='word_1_401' title='bbox 1347 1297 1421 1324; x_wconf 90' lang='lat' dir='ltr'><strong>sunt</strong></span> <span class='ocrx_word' id='word_1_402' title='bbox 1436 1295 1582 1333; x_wconf 75' lang='lat' dir='ltr'><strong>politicae,</strong></span> <span class='ocrx_word' id='word_1_403' title='bbox 1599 1294 1653 1325; x_wconf 88' lang='lat' dir='ltr'><strong>sed</strong></span> <span class='ocrx_word' id='word_1_404' title='bbox 1667 1295 1700 1324; x_wconf 93' lang='lat' dir='ltr'><strong>in</strong></span> <span class='ocrx_word' id='word_1_405' title='bbox 1719 1304 1822 1334; x_wconf 84' lang='lat' dir='ltr'><strong>quan-</strong></span> 
     </span>
     <span class='ocr_line' id='line_1_67' title="bbox 1049 1347 1822 1387; baseline 0.004 -11"><span class='ocrx_word' id='word_1_406' title='bbox 1049 1348 1117 1377; x_wconf 89' lang='lat' dir='ltr'><strong>tum</strong></span> <span class='ocrx_word' id='word_1_407' title='bbox 1129 1349 1202 1377; x_wconf 79' lang='lat' dir='ltr'><strong>sunt</strong></span> <span class='ocrx_word' id='word_1_408' title='bbox 1216 1347 1383 1385; x_wconf 75' lang='lat' dir='ltr'><strong>gratuitae3</strong></span> <span class='ocrx_word' id='word_1_409' title='bbox 1395 1349 1426 1377; x_wconf 89' lang='lat' dir='ltr'><strong>et</strong></span> <span class='ocrx_word' id='word_1_410' title='bbox 1435 1356 1491 1386; x_wconf 89' lang='lat' dir='ltr'><strong>per</strong></span> <span class='ocrx_word' id='word_1_411' title='bbox 1502 1347 1692 1378; x_wconf 84' lang='lat' dir='ltr'><strong>infusionem</strong></span> <span class='ocrx_word' id='word_1_412' title='bbox 1704 1348 1822 1387; x_wconf 86' lang='lat' dir='ltr'><strong>magis,</strong></span> 
     </span>
     <span class='ocr_line' id='line_1_68' title="bbox 1050 1400 1824 1440; baseline 0.004 -11"><span class='ocrx_word' id='word_1_413' title='bbox 1050 1409 1147 1439; x_wconf 89' lang='lat' dir='ltr'><strong>quam</strong></span> <span class='ocrx_word' id='word_1_414' title='bbox 1162 1400 1413 1439; x_wconf 84' lang='lat' dir='ltr'><strong>acquisitionem.</strong></span> <span class='ocrx_word' id='word_1_415' title='bbox 1437 1400 1475 1430; x_wconf 86' lang='lat' dir='ltr'><strong>Et</strong></span> <span class='ocrx_word' id='word_1_416' title='bbox 1496 1401 1539 1430; x_wconf 84' lang='grc'><strong>516</strong></span> <span class='ocrx_word' id='word_1_417' title='bbox 1562 1400 1691 1431; x_wconf 88' lang='lat' dir='ltr'><strong>concedi</strong></span> <span class='ocrx_word' id='word_1_418' title='bbox 1710 1402 1824 1440; x_wconf 79' lang='lat' dir='ltr'><strong>potest,</strong></span> 
     </span>
     <span class='ocr_line' id='line_1_69' title="bbox 1049 1453 1823 1492; baseline 0.004 -10"><span class='ocrx_word' id='word_1_419' title='bbox 1049 1453 1133 1492; x_wconf 88' lang='lat' dir='ltr'><strong>quod</strong></span> <span class='ocrx_word' id='word_1_420' title='bbox 1158 1455 1233 1483; x_wconf 85' lang='lat' dir='ltr'><strong>sunt</strong></span> <span class='ocrx_word' id='word_1_421' title='bbox 1254 1462 1407 1483; x_wconf 78' lang='lat' dir='ltr'><strong>connexae</strong></span> <span class='ocrx_word' id='word_1_422' title='bbox 1431 1462 1438 1483; x_wconf 89' lang='lat'>:</span> <span class='ocrx_word' id='word_1_423' title='bbox 1459 1453 1512 1484; x_wconf 89' lang='lat' dir='ltr'><strong>sed</strong></span> <span class='ocrx_word' id='word_1_424' title='bbox 1533 1453 1593 1484; x_wconf 88' lang='lat' dir='ltr'><strong>hoc</strong></span> <span class='ocrx_word' id='word_1_425' title='bbox 1607 1462 1672 1484; x_wconf 92' lang='lat' dir='ltr'><strong>non</strong></span> <span class='ocrx_word' id='word_1_426' title='bbox 1696 1454 1769 1484; x_wconf 80' lang='lat' dir='ltr'><strong>facit.</strong></span> <span class='ocrx_word' id='word_1_427' title='bbox 1784 1454 1823 1486; x_wconf 83' lang='lat' dir='ltr'><strong>ad</strong></span> 
     </span>
     <span class='ocr_line' id='line_1_70' title="bbox 1048 1506 1481 1546; baseline 0 -10"><span class='ocrx_word' id='word_1_428' title='bbox 1048 1506 1261 1545; x_wconf 82' lang='lat' dir='ltr'><strong>quaestionem</strong></span> <span class='ocrx_word' id='word_1_429' title='bbox 1277 1507 1481 1546; x_wconf 85' lang='lat' dir='ltr'><strong>propositam.</strong></span> 
     </span>
    </p>

    <p class='ocr_par' dir='ltr' id='par_1_9' title="bbox 1049 1559 1824 2173">
     <span class='ocr_line' id='line_1_71' title="bbox 1090 1559 1823 1600; baseline 0.004 -12"><span class='ocrx_word' id='word_1_430' title='bbox 1090 1561 1118 1589; x_wconf 59' lang='grc' dir='ltr'><strong>Β.</strong></span> <span class='ocrx_word' id='word_1_431' title='bbox 1134 1560 1179 1589; x_wconf 85' lang='grc' dir='ltr'><strong>Α(1</strong></span> <span class='ocrx_word' id='word_1_432' title='bbox 1195 1559 1273 1590; x_wconf 88' lang='lat' dir='ltr'><strong>illud</strong></span> <span class='ocrx_word' id='word_1_433' title='bbox 1288 1560 1373 1599; x_wconf 88' lang='lat' dir='ltr'><strong>quod</strong></span> <span class='ocrx_word' id='word_1_434' title='bbox 1388 1560 1547 1599; x_wconf 85' lang='lat' dir='ltr'><strong>objicitur,</strong></span> <span class='ocrx_word' id='word_1_435' title='bbox 1564 1560 1649 1600; x_wconf 88' lang='lat' dir='ltr'><strong>quod</strong></span> <span class='ocrx_word' id='word_1_436' title='bbox 1668 1572 1682 1588; x_wconf 91' lang='lat'>«</span> <span class='ocrx_word' id='word_1_437' title='bbox 1697 1561 1823 1592; x_wconf 83' lang='lat' dir='ltr'><strong>castitas</strong></span> 
     </span>
     <span class='ocr_line' id='line_1_72' title="bbox 1049 1612 1824 1652; baseline 0.004 -11"><span class='ocrx_word' id='word_1_438' title='bbox 1049 1612 1232 1643; x_wconf 86' lang='lat' dir='ltr'><strong>denominat</strong></span> <span class='ocrx_word' id='word_1_439' title='bbox 1251 1612 1390 1652; x_wconf 86' lang='lat' dir='ltr'><strong>aliquem</strong></span> <span class='ocrx_word' id='word_1_440' title='bbox 1416 1615 1557 1649; x_wconf 83' lang='lat' dir='ltr'><strong>castum,</strong></span> <span class='ocrx_word' id='word_1_441' title='bbox 1573 1622 1652 1652; x_wconf 84' lang='lat' dir='ltr'><strong>ergo</strong></span> <span class='ocrx_word' id='word_1_442' title='bbox 1679 1613 1824 1644; x_wconf 88' lang='lat' dir='ltr'><strong>similiter</strong></span> 
     </span>
     <span class='ocr_line' id='line_1_73' title="bbox 1049 1666 1824 1706; baseline 0.003 -11"><span class='ocrx_word' id='word_1_443' title='bbox 1049 1666 1151 1696; x_wconf 87' lang='lat' dir='ltr'><strong>virtus</strong></span> <span class='ocrx_word' id='word_1_444' title='bbox 1169 1666 1362 1702; x_wconf 86' lang='lat' dir='ltr'><strong>virtuosum,</strong></span> <span class='ocrx_word' id='word_1_445' title='bbox 1379 1676 1393 1693; x_wconf 89' lang='lat'>»</span> <span class='ocrx_word' id='word_1_446' title='bbox 1412 1666 1581 1696; x_wconf 81' lang='lat' dir='ltr'><strong>dicendum</strong></span> <span class='ocrx_word' id='word_1_447' title='bbox 1597 1667 1681 1706; x_wconf 91' lang='lat' dir='ltr'><strong>quod</strong></span> <span class='ocrx_word' id='word_1_448' title='bbox 1694 1675 1759 1697; x_wconf 92' lang='lat' dir='ltr'><strong>non</strong></span> <span class='ocrx_word' id='word_1_449' title='bbox 1776 1669 1824 1697; x_wconf 89' lang='lat' dir='ltr'><strong>est</strong></span> 
     </span>
     <span class='ocr_line' id='line_1_74' title="bbox 1049 1718 1823 1758; baseline 0.005 -11"><span class='ocrx_word' id='word_1_450' title='bbox 1049 1718 1152 1748; x_wconf 88' lang='lat' dir='ltr'><strong>simile</strong></span> <span class='ocrx_word' id='word_1_451' title='bbox 1181 1729 1187 1747; x_wconf 89' lang='lat'>:</span> <span class='ocrx_word' id='word_1_452' title='bbox 1215 1718 1289 1758; x_wconf 84' lang='lat' dir='ltr'><strong>quia</strong></span> <span class='ocrx_word' id='word_1_453' title='bbox 1315 1718 1448 1748; x_wconf 89' lang='lat' dir='ltr'><strong>nomina</strong></span> <span class='ocrx_word' id='word_1_454' title='bbox 1471 1719 1646 1750; x_wconf 86' lang='lat' dir='ltr'><strong>desinentia</strong></span> <span class='ocrx_word' id='word_1_455' title='bbox 1672 1719 1705 1749; x_wconf 90' lang='lat' dir='ltr'><strong>in</strong></span> <span class='ocrx_word' id='word_1_456' title='bbox 1734 1727 1823 1751; x_wconf 83' lang='lat' dir='ltr'><strong>osum</strong></span> 
     </span>
     <span class='ocr_line' id='line_1_75' title="bbox 1049 1771 1821 1812; baseline 0.001 -10"><span class='ocrx_word' id='word_1_457' title='bbox 1049 1772 1232 1810; x_wconf 82' lang='lat' dir='ltr'><strong>significant</strong></span> <span class='ocrx_word' id='word_1_458' title='bbox 1258 1772 1496 1811; x_wconf 87' lang='lat' dir='ltr'><strong>plenitudinem.</strong></span> <span class='ocrx_word' id='word_1_459' title='bbox 1526 1771 1614 1803; x_wconf 88' lang='lat' dir='ltr'><strong>Unde</strong></span> <span class='ocrx_word' id='word_1_460' title='bbox 1638 1772 1710 1812; x_wconf 89' lang='lat' dir='ltr'><strong>plus</strong></span> <span class='ocrx_word' id='word_1_461' title='bbox 1737 1772 1821 1810; x_wconf 85' lang='lat' dir='ltr'><strong>dieo,</strong></span> 
     </span>
     <span class='ocr_line' id='line_1_76' title="bbox 1050 1825 1823 1864; baseline 0.001 -9"><span class='ocrx_word' id='word_1_462' title='bbox 1050 1835 1123 1855; x_wconf 87' lang='lat' dir='ltr'><strong>cum</strong></span> <span class='ocrx_word' id='word_1_463' title='bbox 1137 1825 1205 1855; x_wconf 90' lang='lat' dir='ltr'><strong>dico</strong></span> <span class='ocrx_word' id='word_1_464' title='bbox 1221 1825 1316 1855; x_wconf 85' lang='lat' dir='ltr'><strong>istum</strong></span> <span class='ocrx_word' id='word_1_465' title='bbox 1340 1834 1405 1855; x_wconf 85' lang='lat' dir='ltr'><strong>esse</strong></span> <span class='ocrx_word' id='word_1_466' title='bbox 1420 1825 1598 1855; x_wconf 89' lang='lat' dir='ltr'><strong>virtuosum</strong></span> <span class='ocrx_word' id='word_1_467' title='bbox 1609 1848 1617 1861; x_wconf 88' lang='lat'><strong>,</strong></span> <span class='ocrx_word' id='word_1_468' title='bbox 1634 1834 1732 1864; x_wconf 88' lang='lat' dir='ltr'><strong>quam</strong></span> <span class='ocrx_word' id='word_1_469' title='bbox 1749 1834 1823 1856; x_wconf 89' lang='lat' dir='ltr'><strong>cum</strong></span> 
     </span>
     <span class='ocr_line' id='line_1_77' title="bbox 1050 1877 1822 1917; baseline 0.001 -9"><span class='ocrx_word' id='word_1_470' title='bbox 1050 1878 1119 1909; x_wconf 92' lang='lat' dir='ltr'><strong>dico</strong></span> <span class='ocrx_word' id='word_1_471' title='bbox 1131 1878 1237 1917; x_wconf 89' lang='lat' dir='ltr'><strong>ipsum</strong></span> <span class='ocrx_word' id='word_1_472' title='bbox 1252 1878 1369 1908; x_wconf 84' lang='lat' dir='ltr'><strong>habere</strong></span> <span class='ocrx_word' id='word_1_473' title='bbox 1383 1878 1546 1908; x_wconf 89' lang='lat' dir='ltr'><strong>virtutem.</strong></span> <span class='ocrx_word' id='word_1_474' title='bbox 1565 1877 1653 1908; x_wconf 91' lang='lat' dir='ltr'><strong>Unde</strong></span> <span class='ocrx_word' id='word_1_475' title='bbox 1674 1877 1822 1917; x_wconf 77' lang='grc'><strong>611111110-</strong></span> 
     </span>
     <span class='ocr_line' id='line_1_78' title="bbox 1050 1930 1822 1970; baseline -0.001 -9"><span class='ocrx_word' id='word_1_476' title='bbox 1050 1931 1168 1970; x_wconf 88' lang='lat' dir='ltr'><strong>sophus</strong></span> <span class='ocrx_word' id='word_1_477' title='bbox 1183 1931 1266 1968; x_wconf 78' lang='lat' dir='ltr'><strong>dicit,</strong></span> <span class='ocrx_word' id='word_1_478' title='bbox 1283 1931 1367 1970; x_wconf 82' lang='lat' dir='ltr'><strong>quod</strong></span> <span class='ocrx_word' id='word_1_479' title='bbox 1384 1940 1403 1960; x_wconf 86' lang='lat' dir='ltr'><strong>a</strong></span> <span class='ocrx_word' id='word_1_480' title='bbox 1420 1930 1538 1961; x_wconf 91' lang='lat' dir='ltr'><strong>virtute</strong></span> <span class='ocrx_word' id='word_1_481' title='bbox 1552 1939 1616 1960; x_wconf 91' lang='lat' dir='ltr'><strong>non</strong></span> <span class='ocrx_word' id='word_1_482' title='bbox 1632 1930 1822 1961; x_wconf 84' lang='lat' dir='ltr'><strong>denomina-</strong></span> 
     </span>
     <span class='ocr_line' id='line_1_79' title="bbox 1050 1983 1820 2023; baseline -0.001 -8"><span class='ocrx_word' id='word_1_483' title='bbox 1050 1986 1103 2015; x_wconf 89' lang='lat' dir='ltr'><strong>tur</strong></span> <span class='ocrx_word' id='word_1_484' title='bbox 1121 1984 1235 2023; x_wconf 86' lang='lat' dir='ltr'><strong>aliquis</strong></span> <span class='ocrx_word' id='word_1_485' title='bbox 1249 1984 1428 2020; x_wconf 84' lang='lat' dir='ltr'><strong>virtuosus,</strong></span> <span class='ocrx_word' id='word_1_486' title='bbox 1446 1983 1500 2014; x_wconf 88' lang='lat' dir='ltr'><strong>sed</strong></span> <span class='ocrx_word' id='word_1_487' title='bbox 1522 1983 1626 2021; x_wconf 84' lang='lat' dir='ltr'><strong>magis</strong></span> <span class='ocrx_word' id='word_1_488' title='bbox 1650 1983 1820 2014; x_wconf 75' lang='lat' dir='ltr'><strong>studiosus.</strong></span> 
     </span>
     <span class='ocr_line' id='line_1_80' title="bbox 1050 2035 1820 2076; baseline -0.001 -9"><span class='ocrx_word' id='word_1_489' title='bbox 1050 2037 1158 2067; x_wconf 84' lang='lat' dir='ltr'><strong>Castus</strong></span> <span class='ocrx_word' id='word_1_490' title='bbox 1173 2039 1279 2066; x_wconf 87' lang='lat' dir='ltr'><strong>autem</strong></span> <span class='ocrx_word' id='word_1_491' title='bbox 1300 2045 1364 2066; x_wconf 89' lang='lat' dir='ltr'><strong>non</strong></span> <span class='ocrx_word' id='word_1_492' title='bbox 1386 2036 1457 2076; x_wconf 90' lang='lat' dir='ltr'><strong>plus</strong></span> <span class='ocrx_word' id='word_1_493' title='bbox 1480 2036 1629 2075; x_wconf 86' lang='lat' dir='ltr'><strong>importat</strong></span> <span class='ocrx_word' id='word_1_494' title='bbox 1646 2044 1746 2074; x_wconf 85' lang='lat' dir='ltr'><strong>quam</strong></span> <span class='ocrx_word' id='word_1_495' title='bbox 1762 2035 1820 2066; x_wconf 85' lang='lat' dir='ltr'><strong>ha-</strong></span> 
     </span>
     <span class='ocr_line' id='line_1_81' title="bbox 1051 2088 1822 2120; baseline -0.003 -1"><span class='ocrx_word' id='word_1_496' title='bbox 1051 2090 1127 2120; x_wconf 83' lang='lat' dir='ltr'><strong>bens</strong></span> <span class='ocrx_word' id='word_1_497' title='bbox 1143 2090 1315 2119; x_wconf 85' lang='lat' dir='ltr'><strong>castitatem</strong></span> <span class='ocrx_word' id='word_1_498' title='bbox 1334 2100 1339 2119; x_wconf 89' lang='lat'>:</span> <span class='ocrx_word' id='word_1_499' title='bbox 1357 2091 1387 2119; x_wconf 88' lang='lat' dir='ltr'><strong>et</strong></span> <span class='ocrx_word' id='word_1_500' title='bbox 1401 2089 1470 2118; x_wconf 89' lang='lat' dir='ltr'><strong>ideo</strong></span> <span class='ocrx_word' id='word_1_501' title='bbox 1485 2097 1549 2118; x_wconf 90' lang='lat' dir='ltr'><strong>non</strong></span> <span class='ocrx_word' id='word_1_502' title='bbox 1564 2090 1610 2118; x_wconf 86' lang='lat' dir='ltr'><strong>est</strong></span> <span class='ocrx_word' id='word_1_503' title='bbox 1624 2088 1725 2118; x_wconf 88' lang='lat' dir='ltr'><strong>simile</strong></span> <span class='ocrx_word' id='word_1_504' title='bbox 1745 2088 1822 2118; x_wconf 85' lang='lat' dir='ltr'><strong>hinc</strong></span> 
     </span>
     <span class='ocr_line' id='line_1_82' title="bbox 1051 2142 1177 2173; baseline -0.008 0"><span class='ocrx_word' id='word_1_505' title='bbox 1051 2145 1080 2173; x_wconf 89' lang='lat' dir='ltr'><strong>et</strong></span> <span class='ocrx_word' id='word_1_506' title='bbox 1094 2142 1177 2173; x_wconf 87' lang='lat' dir='ltr'><strong>inde.</strong></span> 
     </span>
    </p>

    <p class='ocr_par' dir='ltr' id='par_1_10' title="bbox 1047 2193 1823 2504">
     <span class='ocr_line' id='line_1_83' title="bbox 1091 2193 1818 2233; baseline -0.001 -7"><span class='ocrx_word' id='word_1_507' title='bbox 1091 2198 1118 2226; x_wconf 81' lang='lat'><strong>6.</strong></span> <span class='ocrx_word' id='word_1_508' title='bbox 1137 2195 1183 2226; x_wconf 87' lang='lat' dir='ltr'><strong>Ad</strong></span> <span class='ocrx_word' id='word_1_509' title='bbox 1198 2195 1278 2225; x_wconf 91' lang='lat' dir='ltr'><strong>illud</strong></span> <span class='ocrx_word' id='word_1_510' title='bbox 1293 2194 1377 2233; x_wconf 90' lang='lat' dir='ltr'><strong>quod</strong></span> <span class='ocrx_word' id='word_1_511' title='bbox 1392 2193 1540 2232; x_wconf 86' lang='lat' dir='ltr'><strong>objicitur</strong></span> <span class='ocrx_word' id='word_1_512' title='bbox 1553 2193 1591 2223; x_wconf 87' lang='lat' dir='ltr'><strong>de</strong></span> <span class='ocrx_word' id='word_1_513' title='bbox 1605 2193 1666 2223; x_wconf 90' lang='lat' dir='ltr'><strong>illis</strong></span> <span class='ocrx_word' id='word_1_514' title='bbox 1680 2195 1818 2233; x_wconf 86' lang='lat' dir='ltr'><strong>quatuor</strong></span> 
     </span>
     <span class='ocr_line' id='line_1_84' title="bbox 1053 2246 1823 2285; baseline -0.003 -6"><span class='ocrx_word' id='word_1_515' title='bbox 1053 2248 1296 2285; x_wconf 78' lang='lat' dir='ltr'><strong>conditionibus,</strong></span> <span class='ocrx_word' id='word_1_516' title='bbox 1313 2246 1489 2277; x_wconf 86' lang='lat' dir='ltr'><strong>secundum</strong></span> <span class='ocrx_word' id='word_1_517' title='bbox 1508 2255 1587 2285; x_wconf 78' lang='lat' dir='ltr'><strong>quas</strong></span> <span class='ocrx_word' id='word_1_518' title='bbox 1603 2246 1738 2277; x_wconf 85' lang='lat' dir='ltr'><strong>virtutes</strong></span> <span class='ocrx_word' id='word_1_519' title='bbox 1759 2247 1823 2278; x_wconf 84' lang='lat' dir='ltr'><strong>dis-</strong></span> 
     </span>
     <span class='ocr_line' id='line_1_85' title="bbox 1051 2299 1820 2340; baseline -0.003 -8"><span class='ocrx_word' id='word_1_520' title='bbox 1051 2302 1262 2340; x_wconf 80' lang='lat' dir='ltr'><strong>tinguuntur,</strong></span> <span class='ocrx_word' id='word_1_521' title='bbox 1287 2299 1371 2339; x_wconf 89' lang='lat' dir='ltr'><strong>quod</strong></span> <span class='ocrx_word' id='word_1_522' title='bbox 1398 2300 1429 2329; x_wconf 93' lang='lat' dir='ltr'><strong>in</strong></span> <span class='ocrx_word' id='word_1_523' title='bbox 1447 2299 1585 2337; x_wconf 85' lang='lat' dir='ltr'><strong>singulis</strong></span> <span class='ocrx_word' id='word_1_524' title='bbox 1606 2300 1820 2339; x_wconf 84' lang='lat' dir='ltr'><strong>reperiuntur,</strong></span> 
     </span>
     <span class='ocr_line' id='line_1_86' title="bbox 1047 2353 1822 2397; baseline -0.003 -10"><span class='ocrx_word' id='word_1_525' title='bbox 1047 2359 1116 2397; x_wconf 73' lang='lat' dir='ltr'><strong>Jam</strong></span> <span class='ocrx_word' id='word_1_526' title='bbox 1132 2358 1216 2396; x_wconf 81' lang='lat' dir='ltr'><strong>patet</strong></span> <span class='ocrx_word' id='word_1_527' title='bbox 1236 2356 1398 2394; x_wconf 85' lang='lat' dir='ltr'><strong>responsio</strong></span> <span class='ocrx_word' id='word_1_528' title='bbox 1414 2365 1419 2384; x_wconf 93' lang='lat'>:</span> <span class='ocrx_word' id='word_1_529' title='bbox 1440 2353 1518 2384; x_wconf 92' lang='lat' dir='ltr'><strong>illud</strong></span> <span class='ocrx_word' id='word_1_530' title='bbox 1532 2354 1620 2384; x_wconf 86' lang='lat' dir='ltr'><strong>enim</strong></span> <span class='ocrx_word' id='word_1_531' title='bbox 1634 2354 1822 2394; x_wconf 85' lang='lat' dir='ltr'><strong>intelligen-</strong></span> 
     </span>
     <span class='ocr_line' id='line_1_87' title="bbox 1051 2408 1819 2449; baseline -0.004 -8"><span class='ocrx_word' id='word_1_532' title='bbox 1051 2411 1127 2441; x_wconf 91' lang='lat' dir='ltr'><strong>dum</strong></span> <span class='ocrx_word' id='word_1_533' title='bbox 1142 2412 1188 2441; x_wconf 86' lang='lat' dir='ltr'><strong>est</strong></span> <span class='ocrx_word' id='word_1_534' title='bbox 1203 2418 1258 2449; x_wconf 89' lang='lat' dir='ltr'><strong>per</strong></span> <span class='ocrx_word' id='word_1_535' title='bbox 1272 2408 1572 2448; x_wconf 85' lang='lat' dir='ltr'><strong>appropriationem,</strong></span> <span class='ocrx_word' id='word_1_536' title='bbox 1588 2417 1654 2438; x_wconf 91' lang='lat' dir='ltr'><strong>non</strong></span> <span class='ocrx_word' id='word_1_537' title='bbox 1673 2416 1729 2448; x_wconf 86' lang='lat' dir='ltr'><strong>per</strong></span> <span class='ocrx_word' id='word_1_538' title='bbox 1743 2416 1819 2447; x_wconf 85' lang='lat' dir='ltr'><strong>pro-</strong></span> 
     </span>
     <span class='ocr_line' id='line_1_88' title="bbox 1052 2461 1594 2504; baseline -0.007 -10"><span class='ocrx_word' id='word_1_539' title='bbox 1052 2465 1229 2504; x_wconf 80' lang='lat' dir='ltr'><strong>prietatem,</strong></span> <span class='ocrx_word' id='word_1_540' title='bbox 1246 2463 1326 2494; x_wconf 70' lang='grc'><strong>516111</strong></span> <span class='ocrx_word' id='word_1_541' title='bbox 1337 2461 1526 2502; x_wconf 70' lang='lat' dir='ltr'><strong>praedictum</strong></span> <span class='ocrx_word' id='word_1_542' title='bbox 1538 2463 1594 2491; x_wconf 88' lang='lat' dir='ltr'><strong>est.</strong></span> 
     </span>
    </p>
   </div>
  </div>
 </body>
</html>
