2017 2948
233 137 292 166 496

233 203 339 232 autem
351 201 391 232 ad
403 200 540 241 primam
550 202 672 241 partem
686 201 822 231 inductae
833 199 1005 239 procedunt

232 256 387 295 quantum
402 254 440 284 ad
455 253 658 294 signantiam.

277 310 287 338 t
307 310 337 338 et
356 309 385 337 2.
404 307 452 338 Ad
473 307 550 338 illud
568 307 652 347 quod
674 306 820 346 objicitur
841 306 944 346 primo
966 307 1005 337 ad

235 361 429 402 oppositum,
446 363 531 401 patet
547 361 724 400 responsio,
739 360 813 400 quia
828 359 883 390 etsi
902 361 1004 390 totum

235 416 266 445 in
293 417 429 454 utraque
452 414 553 454 specie
576 413 786 450 contineatur,
809 421 874 443 non
898 415 1005 443 tamen

235 478 290 508 per
303 468 437 499 alterum
458 468 591 507 perfecte
605 467 752 505 signatur
769 477 775 496 :
794 470 824 497 et
840 465 910 496 ideo
925 466 1004 496 fide-

235 521 278 552 les
303 522 458 561 rccipiunt
485 521 656 560 perfectum
685 522 919 550 sacramentum
947 519 1005 549 sub

236 584 299 606 uua
314 575 427 614 specie,
440 575 513 613 quia
527 574 564 604 ad
577 573 747 604 efficaciam
763 573 930 612 recipiunt.
944 572 1005 602 Sed

235 631 393 669 quantum
408 628 447 659 ad
461 628 668 667 signantium,
681 627 795 657 sufficit
807 626 892 666 quod
905 626 1007 657 Eccle-

235 682 279 711 sia
296 681 367 711 facit
383 681 414 711 in
431 690 542 711 eornm
559 680 725 720 praesentia
739 680 796 718 (a);
816 688 871 709 uec
883 681 1006 718 oportet

234 735 315 774 quod
334 735 391 774 ipsi
407 735 568 774 recipiant,
586 736 713 774 propter
728 733 905 772 pericnlum
928 732 1004 763 etsu-

234 788 347 826 sionis,
371 790 401 818 et
418 790 545 828 propter
573 787 750 826 periculum
772 786 904 823 erroris,
931 786 1006 825 quia

235 851 298 872 non
321 842 483 872 crederent
504 841 660 880 simplices
683 841 714 870 iu
733 840 831 870 altera
847 840 948 879 specie
963 842 1006 870 to-

235 898 301 925 tum
318 895 476 925 Christum
493 894 642 933 recipere.
662 893 852 933 Exemplum
871 895 954 932 patet
968 893 1005 924 de

234 958 286 986 eo,
306 949 356 979 cui
374 948 472 978 exivit
495 947 628 986 sanguis
646 948 685 977 ab
705 947 823 984 hostia,
848 947 924 986 quia
942 956 1006 978 non

234 1001 381 1031 credebat
401 1000 484 1040 quod
505 1003 584 1031 esset
605 1000 737 1039 sanguis
759 1000 791 1030 in
814 1000 916 1040 specie
936 1009 1006 1030 cor-

234 1054 330 1093 poris.

274 1109 302 1137 3.
318 1106 366 1137 Ad
377 1106 450 1136 illud
461 1105 821 1145 quostlobjiciturtertioz
840 1106 936 1142 «Quae
950 1116 1004 1136 ne-

233 1160 359 1190 cessitas
372 1161 418 1190 est
432 1158 516 1198 quod
531 1160 673 1198 oporteat
687 1158 880 1196 sanguinem
896 1159 1006 1198 signa-

234 1214 280 1243 ri?
293 1224 306 1242 1)
318 1212 487 1243 dicendum
497 1211 582 1251 quod
594 1210 654 1241 hoc
662 1212 709 1241 est
720 1213 788 1241 tum
799 1212 927 1250 propter
934 1220 1006 1251 pas·

233 1267 367 1302 sionem,
385 1268 453 1296 tum
469 1266 597 1305 propter
611 1264 727 1294 animae
742 1264 1004 1303 redemptionem.

234 1321 347 1351 Anima
363 1320 459 1356 enim,
476 1328 549 1349 cum
564 1318 604 1348 sit
619 1317 807 1357 spiritualis,
826 1326 890 1348 non
906 1319 1007 1357 potnit

232 1374 264 1403 in
277 1382 310 1403 se
327 1372 463 1411 signari,
483 1372 537 1402 sed
553 1372 586 1402 in
602 1380 743 1408 annexu,
759 1373 869 1411 utputa
884 1372 917 1401 in
932 1381 1006 1403 san-

232 1426 340 1464 guiue,
357 1426 391 1456 in
406 1434 468 1465 quo
487 1427 533 1455 est
547 1425 634 1456 sedes
652 1425 787 1462 animae,
806 1433 868 1454 11011
885 1426 959 1464 quia
974 1426 1006 1456 in

231 1479 297 1510 solo
311 1479 470 1517 sanguine
487 1478 544 1516 sit,
559 1478 612 1508 sed
629 1477 705 1516 quia
723 1478 831 1508 anima
845 1479 1007 1509 rationalis

234 1533 342 1563 unitur
367 1532 525 1562 mediante
547 1531 687 1570 potentia
708 1531 880 1569 sentiendi⁷
903 1534 934 1562 ct
954 1532 1007 1563 illa

233 1585 390 1616 mediante
419 1584 557 1624 potentia
581 1583 771 1622 vegetandi:
795 1586 825 1614 ct
854 1585 928 1624 quia
953 1585 1006 1616 illa

233 1638 325 1668 habet
340 1640 405 1668 tres
420 1637 518 1674 vires,
541 1636 658 1666 scilicet
674 1636 910 1675 generativam,
927 1646 1006 1676 aug-

231 1690 453 1727 mentativam,
476 1692 506 1720 et
522 1689 724 1726 nutritivam,
745 1689 850 1729 prima
867 1699 940 1730 quae
959 1693 1006 1721 est

231 1743 475 1773 fundamentum
491 1742 637 1772 omnium
653 1743 699 1772 est
712 1742 878 1780 nutritiva,
897 1745 928 1773 et
942 1752 1004 1774 nu-

229 1797 417 1828 trimentum
441 1796 590 1835 sanguis,
614 1796 664 1827 vel
688 1795 808 1836 aliquid
830 1797 899 1828 loeo
916 1799 1003 1838 eJus:

231 1850 318 1887 ideo,
336 1852 395 1881 etc.

271 1906 301 1934 [1.
319 1904 367 1934 Ad
389 1903 467 1934 illud
491 1903 573 1943 quod
600 1903 751 1942 objicitur
768 1903 807 1934 de
831 1904 1003 1944 baptismo,

230 1957 400 1988 dicendum
422 1956 508 1996 quod
532 1956 708 1996 baptismus
733 1957 946 1997 principaliter
968 1959 1006 1988 si-

232 2011 311 2047 gnat
326 2011 462 2040 mortem
478 2011 508 2039 et
522 2008 719 2048 sepulturam
733 2020 740 2046 ;
757 2009 809 2040 sed
827 2009 888 2040 hoc
906 2019 1006 2041 sacra-

230 2064 374 2092 mentum
397 2062 503 2100 signat
524 2071 598 2092 eum
621 2071 772 2101 passum:
797 2064 827 2093 et
853 2063 1005 2102 quoniam

230 2124 340 2155 passus
363 2116 410 2144 est
434 2114 467 2144 in
492 2115 599 2144 anima
619 2116 650 2144 et
670 2114 705 2153 (b)
728 2115 759 2145 in
774 2123 879 2154 carne⁷
895 2125 1006 2155 passus

229 2168 368 2208 corporis
389 2167 575 2204 afflictione,
592 2170 624 2198 et
644 2168 812 2207 sanguinis
833 2168 1003 2208 effusione,

228 2220 299 2252 ideo
316 2223 490 2260 utrumque
507 2220 558 2250 hic
578 2220 701 2260 signari
721 2221 822 2252 debet.
839 2220 926 2253 Unde
940 2231 1005 2253 non

229 2276 275 2304 est
289 2274 393 2305 simile
403 2298 411 2312 ,
430 2274 507 2314 quia
520 2274 578 2304 ista
593 2283 657 2304 non
673 2276 719 2304 est
744 2276 809 2305 tota
821 2284 931 2314 causa,
947 2285 1005 2306 nec

230 2328 428 2368 principalis3
451 2328 504 2358 sed
524 2327 706 2367 principalis
727 2330 774 2358 est
796 2328 936 2367 signatio
950 2338 1004 2359 re-

182 2387 187 2391 '
229 2382 371 2412 fectionis
402 2381 548 2422 perfeetae
576 2380 753 2411 seeundum
783 2383 900 2412 statum
928 2382 1002 2413 viae.

230 2434 339 2466 Causae
363 2437 469 2466 autem
488 2434 708 2474 congruentiae
730 2434 841 2464 multae
861 2436 952 2474 sunt,
973 2437 1004 2466 et

263 2497 325 2527 ‘Cf.
343 2497 414 2522 Alex.
437 2497 532 2527 Aleos,
552 2503 579 2527 p,
602 2496 644 2526 lv,
667 2503 691 2526 q.
713 2502 738 2525 Χ,
758 2497 853 2520 memb.
869 2498 892 2526 4,
912 2501 959 2522 art.
980 2500 1002 2528 1,

230 2532 245 2562 ξ
262 2534 291 2562 5;
309 2534 336 2557 S.
352 2534 453 2562 Thom,
468 2541 494 2564 p.
518 2533 560 2563 ul,
580 2539 604 2562 q.
621 2537 709 2562 Lxxiv,
729 2535 775 2555 art.
794 2533 822 2562 '¹';
837 2534 861 2556 et
876 2534 907 2557 lV
923 2534 1002 2564 Sent.,

230 2568 287 2591 dist.
310 2575 351 2599 xi,
374 2576 399 2600 q.
420 2576 453 2598 11,
473 2571 520 2592 art.
543 2570 570 2598 3;
590 2567 718 2598 Riehard.,
739 2568 769 2592 lv
791 2568 870 2597 Sem..
891 2569 947 2593 dist.
965 2575 1002 2599 XI,

230 2605 277 2626 art.
293 2604 320 2634 3,
337 2612 360 2634 q.
381 2608 389 2628 1
404 2612 409 2633 ;
426 2604 513 2634 steph.
539 2602 641 2632 mutet,
658 2603 688 2626 lV
706 2604 785 2633 Seni„
798 2603 854 2627 dist.
871 2609 906 2634 xi,
925 2612 949 2635 q.
967 2611 1000 2634 n,-

796 132 987 164 SENTEN'P!
997 133 1015 162 A
1023 132 1104 162 uun
1132 133 1200 162 ΗΒ.
1223 132 1272 163 lv.

1063 200 1262 239 accipiuntur
1271 202 1338 231 tum
1349 209 1388 230 ex
1398 199 1523 240 propria
1531 199 1575 230 rei
1586 199 1829 239 significatione,

1062 261 1158 292 quam
1176 253 1527 283 efficitsacraiuentum:
1541 255 1570 283 tet
1586 253 1655 284 haec
1664 255 1710 284 est
1724 255 1833 284 nostra

1063 305 1206 341 ret'ccti03
1223 308 1290 336 tum
1308 306 1351 335 111
1365 315 1460 345 quam
1477 306 1584 344 signat
1597 306 1766 345 allegorice
1780 316 1786 337 :
1802 308 1833 338 et

1064 357 1130 388 haec
1146 361 1191 388 cst
1207 358 1320 389 Christi
1337 359 1450 398 passio.
1468 359 1600 389 ltescctio
1615 361 1720 389 autem
1734 361 1835 398 potest

1062 410 1237 449 significari
1252 414 1287 441 111
1300 412 1448 451 perfecta:
1466 414 1495 442 et
1511 413 1554 442 sic
1571 412 1769 451 significatur
1779 421 1835 452 per

1062 463 1130 495 haec
1161 465 1222 495 (1110
1252 468 1406 505 qnantum
1431 466 1470 496 ad
1502 466 1630 496 modum
1656 466 1832 506 duplicem,

1063 519 1136 558 quia
1148 518 1201 548 alii
1215 519 1364 556 suaviter,
1382 519 1436 549 alii
1451 528 1523 549 cum
1541 520 1652 559 majori
1670 519 1775 550 labore
1789 528 1835 550 re-

1064 572 1225 602 ficiuntur.
1238 571 1344 602 Prima
1355 571 1554 609 significatur
1563 581 1619 611 pcr
1631 573 1833 612 sanguinem,

1063 628 1091 655 et
1109 626 1245 665 speciem
1260 625 1342 662 1·1111;
1359 626 1496 656 secunda
1517 634 1571 665 per
1583 626 1720 665 speciem
1734 626 1831 666 paniS.

1062 679 1116 710 Vel
1137 682 1290 719 quantuni
1310 680 1347 708 ad
1370 679 1511 716 effictus,
1532 679 1605 718 quia
1621 679 1789 717 confortat,
1805 681 1836 710 et

1063 733 1122 763 hoc.
1138 742 1193 772 per
1208 733 1342 772 speciem
1362 733 1470 772 panis;
1492 734 1522 763 ct
1541 732 1688 770 laetificat,
1704 732 1771 763 sive
1785 731 1835 762 de-

1064 787 1173 822 lectat,
1190 788 1219 816 et
1235 786 1293 817 lioc
1305 796 1361 826 per
1372 787 1495 816 vinum.
1507 787 1668 823 Quantum
1679 786 1718 816 ad
1728 786 1834 826 signa-

1064 840 1180 869 tionem
1201 839 1404 878 allegoricam
1426 839 1516 869 delict
1535 839 1656 878 signari
1675 848 1790 878 corpus
1804 840 1836 869 et

1063 893 1185 930 anima,
1216 893 1290 931 quia
1318 892 1459 923 Christus
1490 894 1659 932 utramque
1688 892 1833 923 substan-

1063 946 1139 975 tiam
1154 946 1187 985 (c)
1202 946 1389 985 assumpsit,
1407 947 1438 976 et
1453 945 1484 975 in
1500 947 1635 984 utraque
1653 954 1763 984 passus
1777 947 1834 983 est,

1062 1004 1093 1032 ct
1108 1004 1234 1040 utrumq
1241 1010 1277 1031 ue
1292 1001 1443 1031 redemit:
1461 1002 1491 1031 et
1506 1000 1574 1031 haec
1591 1000 1698 1031 omnia
1711 1000 1750 1031 ad
1765 1009 1836 1032 con-

1062 1055 1235 1094 gruitatem
1252 1054 1368 1084 faciunt
1384 1065 1389 1084 :
1410 1056 1440 1084 et
1454 1053 1643 1091 similitudo,
1661 1062 1735 1093 quae
1752 1062 1834 1094 prae-

1063 1107 1215 1146 exigitur,
1234 1108 1483 1146 congruitatem;
1503 1106 1730 1146 superveniens
1744 1106 1836 1137 insti-

1063 1161 1143 1192 tutio
1157 1161 1276 1191 inducit
1292 1160 1521 1191 necessitatem.

1322 1275 1498 1313 oufusrii)
1520 1275 1572 1306 111.

1145 1356 1190 1383 An
1214 1364 1284 1390 aqua
1307 1357 1344 1382 sit
1367 1355 1397 1382 (le
1420 1356 1574 1389 iuteyrilate
1597 1357 1757 1382 sacramenti

1342 1399 1522 1426 Euchurz‘stz'oe
1538 1400 1556 1425 ¹.

1104 1479 1215 1510 Utrum
1231 1489 1314 1519 aqna
1329 1480 1369 1510 sit
1384 1480 1421 1510 de
1442 1480 1626 1518 integritate
1649 1480 1834 1511 sacramenti

1065 1534 1288 1570 Eucharistiae;
1315 1536 1345 1564 et
1362 1533 1447 1573 quod
1468 1533 1525 1570 sic,
1547 1533 1684 1564 videtur.
1707 1532 1835 1572 Cypria-

1062 1596 1123 1617 nus
1140 1587 1167 1616 2:
1193 1598 1206 1614 «
1223 1586 1310 1617 Sicut
1329 1586 1362 1616 in
1382 1585 1604 1616 sanctificando
1624 1585 1752 1616 calieem
1775 1584 1836 1616 Do-

1063 1640 1140 1670 mini
1164 1639 1270 1669 otferri
1295 1639 1360 1669 sola
1385 1648 1467 1677 aqua
1490 1647 1555 1669 non
1580 1640 1695 1678 potest,
1718 1638 1762 1669 sic
1777 1647 1837 1670 nec

1063 1693 1175 1724 vinum
1191 1693 1294 1723 solum
1309 1695 1420 1732 potest.
1438 1703 1452 1720 n
1472 1691 1532 1723 Sed
1549 1692 1661 1723 vinum
1678 1694 1724 1722 est
1737 1692 1774 1723 de
1789 1692 1835 1723 in-

1061 1746 1223 1786 tegritate,
1241 1748 1271 1777 et
1287 1746 1355 1776 sine
1374 1745 1427 1776 illo
1443 1754 1508 1776 non
1528 1747 1628 1785 potest
1642 1754 1709 1776 esse
1727 1754 1835 1777 sacra-

1061 1801 1224 1830 mentum:
1242 1807 1322 1838 ergo
1335 1807 1393 1828 nec
1407 1798 1474 1828 sine
1487 1806 1581 1837 aqua.

1101 1855 1130 1883 2.
1145 1852 1223 1883 Item
1233 1852 1354 1883 ratione
1363 1852 1502 1890 videtur,
1516 1852 1590 1891 quia
1600 1854 1835 1884 sacramentum

1061 1906 1202 1946 corporis
1217 1914 1282 1936 non
1303 1907 1405 1945 potest
1426 1905 1495 1936 fieri
1514 1905 1548 1935 in
1561 1905 1628 1936 sola
1642 1905 1758 1944 farina,
1773 1905 1835 1937 nisi

1061 1967 1117 1999 per
1141 1959 1405 1989 commixtionem
1430 1967 1522 1998 aquae
1541 1959 1597 1989 fiat
1620 1959 1730 1999 panis:
1754 1968 1834 1999 ergo

1061 2021 1118 2042 nec
1139 2014 1373 2042 sacramentum
1401 2011 1569 2051 sanguinis
1591 2012 1658 2043 sine
1672 2013 1832 2051 sscommix·

1060 2066 1146 2096 tione
1161 2075 1263 2105 aquae.

1102 2121 1130 2149 3.
1149 2118 1226 2149 110111
1244 2120 1299 2149 aut
1313 2117 1467 2148 Dominus
1486 2118 1606 2158 posuit,
1624 2121 1679 2150 aut
1695 2128 1760 2151 non
1775 2129 1831 2160 po-

1062 2172 1126 2202 suit
1140 2181 1148 2202 :
1166 2171 1191 2201 si
1207 2172 1327 2210 posuit,
1345 2173 1375 2201 et
1389 2171 1476 2211 quod
1499 2172 1565 2211 ipse
1580 2172 1718 2204 instituit
1731 2176 1779 2205 est.
1794 2174 1833 2205 de

1059 2224 1243 2263 integritate
1257 2224 1461 2262 sacramenti,
1478 2225 1553 2264 quia
1572 2225 1627 2265 qui
1643 2225 1733 2257 aliter
1746 2227 1830 2264 facit,

1059 2278 1105 2307 nil
1118 2277 1202 2315 facit,
1219 2286 1310 2316 ergo,
1324 2280 1397 2315 ete.;
1411 2277 1438 2307 si
1453 2286 1517 2308 non
1530 2279 1644 2318 posuit,
1659 2289 1739 2319 ergo
1752 2288 1832 2320 prae-

1059 2330 1198 2370 sumptio
1212 2331 1270 2360 fuit
1282 2339 1410 2369 ponere.

1099 2386 1129 2414 4.
1147 2384 1226 2414 Item
1245 2384 1330 2423 quod
1353 2384 1460 2423 signat
1480 2384 1600 2425 aliquid
1619 2385 1703 2425 quod
1724 2389 1771 2417 est
1791 2386 1830 2418 de

1059 2437 1249 2475 substantia,
1276 2441 1305 2467 et
1328 2437 1543 2477 principaliter
1564 2438 1596 2468 111
1616 2441 1826 2477 sacramento,

1059 2496 1148 2520 Petrus
1171 2495 1201 2518 dc
1225 2496 1336 2524 Tarant.‚
1358 2496 1388 2518 lV
1412 2495 1491 2523 Sene..
1515 2495 1571 2519 dist.
1598 2501 1650 2525 su,
1670 2503 1693 2526 qr
1719 2502 1783 2521 xv11.
1797 2508 1829 2515 -—

1060 2530 1070 2546 ²
1086 2531 1159 2561 Cyn,
1172 2531 1266 2561 Epist„
1282 2531 1325 2554 lib.
1344 2531 1375 2559 ll,
1390 2531 1462 2561 epist.
1479 2536 1518 2554 111.

1091 2570 1121 2599 (a)
1134 2570 1194 2594 Coee.
1212 2571 1273 2594 edic.
1286 2570 1498 2602 praesentiam.-
1516 2569 1550 2599 (6)
1563 2569 1622 2594 Coet.
1638 2570 1697 2594 edit.
1713 2571 1778 2595 deest
1792 2574 1826 2596 et.

1057 2618 1088 2623 —
1099 2606 1128 2635 (c)
1143 2606 1203 2630 Coet.
1219 2606 1278 2630 edit.
1291 2606 1357 2630 deese
1372 2605 1548 2630 substantiam.

1853 1491 1887 1512 Ad
1904 1497 1956 1519 opp.
