2017 2948
145 689 209 715 tmpr.
221 690 232 709 b

274 143 330 171 102

269 216 342 237 cum
359 209 568 248 mentiuntur,
583 219 646 241 nou
661 214 865 249 excusantur,
883 213 935 243 sed
946 213 1040 242 inter-

268 261 357 290 venit
372 262 512 292 veritatis
531 265 740 303 contemptus,
759 266 787 294 et
808 267 853 294 cst
870 265 914 294 eis
929 265 1037 304 quale-

268 322 404 353 cumque
437 316 637 346 mendacium
673 317 877 347 deliberative
919 318 1037 348 dictum

267 367 398 397 mortale
414 370 588 407 peccatum.
612 368 647 398 Et
664 371 786 408 ponunt
803 370 985 409 exemplum
1000 371 1038 401 de

265 419 393 450 homine
410 421 522 460 primo,
536 422 589 461 qui
606 422 637 451 in
650 423 733 451 statu
746 422 933 453 innocentiae
946 433 1038 463 prop-

265 475 312 503 tcr
337 474 597 513 trauquillitatcm
614 483 708 513 quam
728 474 872 512 habebat,
899 484 963 505 non
980 486 1036 515 po-

265 528 344 556 terat
367 536 495 565 peccare
517 526 692 563 venialiter,
717 527 792 565 quia
810 527 897 557 nulla
919 529 1034 558 eratin

265 578 332 617 ipso
356 579 497 618 pronitas
522 579 714 608 infirmitatis
738 579 843 618 ipsum
867 589 1031 620 excusans,

263 634 297 661 ut
313 632 345 660 in
361 634 486 670 peccato
500 640 557 661 suo
580 631 737 662 diceretur
760 641 827 662 esse
841 633 958 672 dignus
978 644 1033 664 ve-

262 684 324 721 nia,
353 684 401 714 vel
428 684 593 723 temporali
617 691 720 723 poena.
747 684 806 715 Sed
830 685 907 716 illud
929 687 1033 717 adhuc

260 737 480 767 calumniabile
497 740 553 774 est,
570 738 644 777 quia
659 738 875 777 paucissimOS,
893 742 947 769 aut
962 740 1032 770 nul-

259 790 304 819 los
319 793 365 820 est
380 791 517 830 reperire
533 791 566 820 in
582 791 640 821 ista
655 791 816 821 charitatis
829 792 1028 831 perfectione.

262 842 426 881 Praeterea,
452 846 746 883 quantumcumque
766 844 932 884 sitaIIquis
956 854 1030 884 per—

258 895 357 926 fectus
372 896 560 935 perfectione
574 897 821 936 tranquillitatis,
837 898 862 927 si
879 898 960 928 dicat
975 898 1029 928 ali-

257 949 340 987 quod
363 949 497 979 verbum
512 949 660 987 otiosum,
683 958 746 979 non
767 952 872 989 peccat
887 950 1029 980 mortali-

258 1004 314 1031 ter.
332 1001 369 1032 Et
384 1002 511 1040 iterum,
528 1003 603 1042 quia
618 1006 736 1042 quanto
754 1003 850 1033 homo
870 1006 916 1033 est
932 1005 1028 1043 maj0-

256 1054 298 1083 ris
312 1055 510 1093 perfectiouis
534 1055 566 1085 in
582 1055 648 1086 vita
673 1056 831 1095 praesenti,
850 1058 937 1086 tanto
959 1066 1026 1086 ma-

251 1107 333 1144 joris
349 1110 395 1137 est
410 1108 547 1147 pietatis3
569 1111 599 1138 et
614 1111 732 1148 quanto
748 1110 876 1148 maioris
892 1110 1026 1149 pietatiS,

256 1162 341 1189 tauto
367 1160 496 1199 pronior
512 1163 558 1191 est
581 1161 619 1192 ad
645 1162 897 1193 subveniendum
916 1163 1026 1194 alienae

253 1212 347 1242 saluti
372 1223 378 1242 :
413 1214 541 1252 quando
566 1224 644 1253 ergo
671 1215 720 1245 vir
744 1216 899 1254 perfectus
922 1216 1024 1254 videt,

253 1266 336 1304 quod
356 1268 455 1305 potest
478 1267 648 1297 subvenire
669 1267 781 1298 alienae
808 1268 899 1298 saluti
916 1278 1026 1308 corpo-

256 1319 313 1348 rali
329 1320 378 1349 vel
403 1320 558 1360 spirituali
583 1330 638 1360 per
661 1321 828 1352 falsitatem
852 1322 939 1352 verbi
963 1324 1023 1360 sui,

253 1372 380 1403 videtur
396 1374 479 1413 quod
497 1374 536 1404 ad
553 1374 591 1413 (α)
614 1375 673 1405 hoc
692 1375 893 1406 mendacium
916 1376 1025 1406 debeat

253 1425 405 1456 inclinare
421 1436 460 1456 ex
476 1427 542 1466 ipsa
563 1428 675 1466 pietate
691 1430 720 1458 et
738 1428 918 1466 dulcedine;
945 1430 1025 1460 sicut

252 1479 398 1509 videmus
428 1481 513 1519 quod
536 1481 640 1519 magis
664 1491 784 1521 pronus
805 1485 851 1512 est
875 1485 963 1522 pater
985 1483 1023 1513 ad

253 1532 471 1562 mentiendum
495 1542 551 1572 pro
575 1533 675 1564 salute
690 1534 758 1571 filii,
782 1544 878 1574 quam
895 1544 952 1574 pro
973 1545 1022 1565 sa-

250 1585 313 1615 lute
328 1586 425 1616 unius
446 1587 598 1617 extranei.
623 1587 695 1618 Esto
718 1588 813 1618 etiam
830 1588 915 1627 quod
936 1588 1022 1619 nulla

248 1638 287 1668 sit
314 1639 471 1678 pronitas,
496 1649 568 1670 cum
594 1640 797 1671 mendacium
821 1641 967 1680 jocosum
992 1643 1022 1672 et

247 1692 423 1723 officiosum
439 1702 504 1724 non
525 1694 565 1724 sit
580 1694 787 1734 prohibitum,
806 1695 832 1724 si
853 1695 967 1735 aliquis
982 1696 1021 1726 ad

247 1746 305 1776 lioc
320 1755 352 1777 se
367 1756 430 1778 non
445 1748 626 1779 astrinxerit
637 1757 692 1788 per
707 1751 829 1787 votum,
848 1751 1020 1789 quantum-

246 1808 383 1839 cumque
397 1801 436 1830 sit
456 1801 623 1840 perfectus,
651 1810 715 1832 non
731 1802 855 1832 videtur
870 1803 955 1842 quod
970 1803 1021 1833 in-

154 1854 179 1873 ·51·
200 1856 220 1875 -”-
244 1854 350 1882 currat
365 1853 498 1883 mortale
522 1856 695 1893 peccatum.
723 1854 762 1884 Et
785 1857 950 1894 propterea
973 1858 1020 1886 est

243 1905 355 1935 tertius
372 1906 487 1936 modus
503 1906 637 1945 dicendi,
654 1907 738 1946 quod
755 1907 792 1937 ad
807 1907 927 1947 aliquid
941 1908 1020 1938 obli-

245 1959 340 1995 gatur
354 1958 451 1988 homo
464 1959 639 1998 specialiter
661 1962 775 1999 praeter
791 1960 879 1998 alios,
899 1960 949 1991 vel
965 1970 1018 1991 ra-

242 2010 326 2040 tione
353 2011 417 2041 voti
441 2012 565 2049 emissi,
592 2012 642 2043 vel
668 2013 790 2043 ratione
813 2013 905 2043 officii
930 2022 1016 2043 com-

243 2063 341 2100 missi,
365 2063 416 2093 vel
439 2064 562 2094 ratione
585 2065 722 2095 scandali
743 2065 820 2095 alios
840 2065 1014 2104 invitantis,

242 2116 291 2146 vel
306 2116 428 2146 ratione
442 2117 642 2147 conscientiae
659 2117 815 2148 dictantis.
833 2117 864 2148 Si
881 2127 958 2157 ergo
973 2119 1017 2149 di-

242 2177 352 2198 camus
376 2169 462 2199 viros
477 2168 628 2208 perfectos
643 2170 779 2208 obligari
794 2170 833 2200 ad
849 2180 911 2201 non
929 2180 1015 2201 men-

242 2221 383 2251 tiendum
395 2221 501 2260 aliquo
514 2230 631 2260 genere
645 2223 774 2261 peccati,
791 2232 863 2253 cum
876 2224 936 2254 hoc
949 2233 1014 2255 non

241 2274 281 2304 sit
304 2283 344 2304 ex
367 2276 536 2313 praecepto,
561 2283 620 2304 nec
645 2284 684 2305 ex
706 2276 808 2306 officio
833 2277 1011 2316 commisso,

239 2336 298 2357 nec
312 2336 352 2357 ex
367 2330 451 2364 voto,
469 2327 528 2357 erit
542 2330 671 2367 propter
689 2329 871 2359 scandalum
895 2333 926 2360 et
943 2339 1014 2361 con-

240 2380 379 2410 scientiae
394 2380 571 2411 vinculum.
587 2380 718 2420 Propter
732 2382 816 2421 quod
827 2385 913 2420 nota,
927 2384 1011 2422 quod

239 2433 367 2472 quidam
387 2435 462 2464 sunt
487 2433 615 2473 perfecti
638 2434 767 2473 publici,
794 2435 922 2474 quidam
938 2438 1012 2466 sunt

238 2487 365 2524 perfecti
382 2486 505 2518 occulti.
523 2485 606 2517 Viris
620 2486 744 2526 publice
759 2487 903 2527 perfectis
917 2488 1009 2519 adhi-

238 2538 330 2569 betur
351 2540 427 2570 fides
447 2542 600 2580 tanquam
622 2540 898 2571 conservatoribus
921 2542 1010 2573 veri-

270 2602 304 2632 (a)
322 2601 382 2626 Coet.
397 2602 459 2626 edit.
471 2602 537 2626 deese
551 2602 593 2626 ad.

831 145 1137 176 SENTENTtARUM
1164 146 1235 177 ΗΒ.
1261 147 1312 178 111.

1098 213 1168 242 tatis
1186 224 1192 243 :
1209 216 1239 243 et
1253 214 1404 253 quoniam
1419 214 1620 246 mendacium
1634 216 1866 256 deprehensum

1098 266 1180 302 facit,
1197 269 1231 296 ut
1246 268 1341 297 homo
1357 267 1446 297 alteri
1461 276 1524 298 non
1540 269 1660 307 credat;
1681 270 1706 299 si
1723 270 1781 300 viri
1800 280 1868 309 per-

1095 318 1166 349 fecti
1182 321 1406 358 mentirentur,
1426 322 1494 359 jam
1511 330 1567 352 nec
1582 322 1656 361 ipsis
1675 323 1865 361 crederetur,

1095 380 1152 401 ncc
1167 372 1343 412 aliquibus;
1370 377 1400 403 et
1414 383 1571 413 magnum
1588 375 1645 414 ipsi
1663 375 1787 405 veritati
1811 376 1867 406 tie-

1094 426 1140 454 ret
1166 426 1407 464 praejudicium,
1434 429 1464 456 et
1493 427 1621 457 daretur
1650 428 1719 458 aliis
1746 429 1866 459 occasio

1093 477 1242 508 scandali.
1270 478 1307 509 Et
1331 479 1400 509 idco
1423 479 1498 509 tales
1522 480 1581 509 viri
1604 480 1729 519 perfecti
1753 481 1866 512 debent

1092 529 1209 560 habere
1225 531 1459 568 conscientiam,
1485 532 1568 571 quod
1586 542 1642 572 pro
1665 532 1752 563 nulla
1767 542 1800 563 re
1815 534 1862 563 ‹li-

1091 585 1163 612 cant
1181 583 1296 613 salsum
1321 584 1465 614 scienter.
1490 585 1620 620 Quando
1641 594 1720 624 ergo
1742 585 1861 624 dicunt,

1090 638 1219 673 peccant
1240 637 1425 674 mortaliter,
1450 639 1517 668 tum
1533 638 1608 677 quia
1622 638 1741 668 faciunt
1755 642 1862 669 contra

1089 689 1289 719 conscientiae
1305 690 1473 727 dictamen,
1499 693 1567 721 tum
1584 692 1679 721 etiam
1695 692 1769 731 quia
1783 691 1861 722 alios

1087 741 1299 772 scandalizant
1315 743 1428 773 active.
1454 742 1521 773 Non
1536 744 1579 773 sic
1594 746 1699 774 autem
1716 744 1861 775 homines

1087 794 1338 825 scandalizantur
1360 796 1398 825 de
1420 795 1480 832 his,
1502 796 1557 835 qui
1583 800 1657 826 sunt
1673 797 1858 836 imperfecti,

1086 846 1136 876 vel
1149 847 1243 877 etlam
1256 848 1294 877 de
1306 848 1449 887 perfectis
1462 848 1590 879 occultis
1603 858 1608 877 :
1626 849 1693 880 ideo
1704 850 1781 881 tales
1795 859 1857 881 non

1086 899 1129 928 sic
1145 900 1329 938 obligantur
1353 900 1391 930 ad
1414 910 1508 932 omne
1530 901 1730 932 mendacium
1752 903 1854 933 vitan-

1084 952 1172 982 dum.
1200 952 1236 982 Et
1251 955 1297 982 est
1312 953 1495 993 exemplum
1518 954 1627 993 hujus,
1652 955 1727 994 quia
1741 955 1766 984 si
1785 955 1856 995 quis

1084 1005 1289 1044 impugnaret
1303 1006 1410 1042 fidem,
1429 1006 1550 1037 licitum
1574 1009 1653 1037 esset
1668 1007 1858 1047 imperfectis

1083 1057 1195 1096 fugere
1219 1060 1249 1087 et
1274 1058 1386 1096 latere;
1405 1059 1458 1089 scd
1474 1059 1533 1089 viri
1558 1060 1684 1099 perfecti
1709 1063 1858 1091 tenentur

1083 1112 1177 1147 stare,
1195 1113 1225 1140 et
1240 1111 1336 1141 libere
1351 1112 1503 1149 confiteri,
1520 1121 1559 1142 ne
1573 1121 1629 1151 per
1649 1112 1789 1152 ipsorum
1805 1114 1855 1144 fu-

1083 1173 1157 1203 gam
1172 1167 1202 1194 et
1217 1164 1422 1195 latitatIOnem
1447 1165 1582 1205 populus
1597 1166 1745 1196 infirmus
1767 1166 1856 1197 cadat

1083 1226 1101 1246 a
1118 1217 1177 1247 fide
1194 1226 1201 1247 ι
1218 1217 1302 1248 unde
1316 1218 1506 1248 conscientia
1521 1218 1612 1248 debet
1627 1218 1672 1248 eis
1685 1219 1744 1249 hoc
1761 1219 1855 1249 ratio-

1082 1270 1227 1300 nabiliter
1250 1270 1376 1300 dictare.
1402 1270 1505 1300 Potest
1530 1270 1631 1309 igitur
1655 1272 1782 1302 concedi
1805 1281 1854 1302 se-

1081 1322 1220 1352 cuudum
1236 1323 1466 1361 Augustinum,
1492 1323 1576 1362 quod
1600 1323 1678 1353 viris
1699 1324 1851 1363 perfectis,

1080 1384 1218 1414 quorum
1244 1376 1391 1414 perfectio
1419 1376 1544 1415 publica
1569 1378 1626 1413 est,
1653 1376 1853 1407 mendacium

1080 1431 1377 1468 quantumcumque
1390 1438 1525 1469 parvum
1539 1429 1715 1468 imputatur
1726 1429 1758 1459 in
1772 1438 1853 1459 mor-

1079 1482 1139 1511 tale
1156 1484 1330 1521 peccatum,
1347 1482 1499 1521 quoniam
1516 1483 1644 1521 propter
1667 1481 1850 1512 scandalum

1077 1535 1243 1565 vitandum
1259 1535 1375 1565 dictare
1389 1535 1481 1565 debet
1505 1535 1549 1565 eis
1564 1534 1753 1565 conscientia
1776 1534 1848 1564 nul-

1080 1588 1199 1618 latenus
1214 1597 1280 1618 esse
1296 1588 1527 1625 mentiendum,
1543 1597 1583 1618 ne
1598 1587 1712 1618 saciant
1731 1587 1847 1617 verita-

1076 1643 1139 1671 tem
1159 1640 1267 1671 venire
1289 1641 1321 1670 in
1342 1643 1567 1679 contemptum.
1595 1639 1630 1669 Et
1649 1639 1710 1670 hoc
1723 1639 1850 1670 videtur

1076 1694 1208 1723 sensisse
1223 1694 1435 1731 Augustinus,
1454 1693 1509 1732 qui
1522 1693 1581 1723 fuit
1595 1693 1776 1732 praecipuus
1791 1702 1848 1723 ve-

1075 1746 1175 1776 ritatis
1189 1749 1328 1783 amator;
1353 1748 1384 1775 et
1405 1745 1508 1776 omnis
1533 1745 1594 1783 vir,
1610 1745 1665 1784 qui
1680 1745 1847 1775 veritatem

1075 1802 1171 1837 amat,
1188 1798 1390 1829 vehementer
1400 1798 1465 1828 odit
1480 1797 1691 1828 mendacium.
1706 1796 1793 1827 Unde
1805 1797 1848 1827 di-

1074 1852 1156 1882 citur
1168 1853 1201 1882 in
1214 1852 1437 1883 Ecclesiastico
1447 1851 1454 1867 ²
1466 1861 1472 1881 :
1486 1851 1598 1882 Polior
1612 1854 1658 1882 esc
1674 1850 1739 1888 fur,
1752 1858 1847 1889 quam

1075 1905 1256 1937 assiduitas
1271 1905 1337 1936 viri
1347 1903 1521 1935 mendacis.
1539 1902 1627 1934 Unde
1636 1905 1667 1933 et
1681 1903 1847 1933 auctorita·

1074 1960 1130 1995 tes,
1147 1961 1177 1988 et
1193 1958 1329 1988 rationes
1343 1957 1382 1988 ad
1397 1957 1477 1987 hanc
1491 1958 1612 1995 partem
1626 1956 1762 2000 inductae
1773 1965 1846 1986 con—

1074 2011 1220 2041 cedendae
1236 2012 1319 2040 sunt.

1114 2066 1141 2093 1.
1160 2063 1207 2093 Ad
1223 2063 1299 2093 illud
1313 2070 1389 2092 vero
1412 2061 1496 2101 quod
1516 2060 1619 2100 primo
1647 2061 1797 2099 objicitur
1811 2060 1844 2091 in

1072 2116 1266 2146 contrarium
1279 2138 1288 2152 ,
1319 2114 1405 2153 quod
1435 2114 1670 2143 circumstantia
1700 2121 1843 2153 personae

1071 2177 1134 2199 non
1150 2170 1308 2206 aggravat
1323 2169 1484 2206 peccatum
1499 2166 1532 2196 in
1548 2166 1722 2204 infinitum,
1739 2166 1842 2197 dicen-

1070 2223 1147 2253 dum
1162 2222 1245 2261 quod
1261 2221 1338 2252 illud
1352 2224 1398 2252 est
1420 2230 1546 2259 verum,
1563 2223 1720 2260 quantum
1743 2222 1790 2251 est
1803 2220 1842 2251 de

1070 2284 1120 2313 se;
1145 2275 1199 2305 sed
1214 2275 1270 2304 ubi
1285 2274 1392 2313 aliqua
1415 2273 1650 2304 circumstantia
1673 2272 1842 2303 introducit

1070 2326 1254 2358 scandalum
1275 2326 1426 2363 alienum,
1454 2328 1483 2356 et
1504 2324 1702 2356 conscientiae
1725 2324 1838 2355 vincu-

1067 2380 1147 2416 lum,
1163 2389 1218 2420 per
1230 2388 1426 2418 consequens
1441 2380 1542 2409 mutat
1551 2378 1668 2418 peccati
1681 2386 1794 2416 genus,
1808 2378 1840 2407 et

1067 2433 1139 2463 facit
1162 2442 1229 2463 esse
1250 2432 1392 2469 mortale,
1414 2431 1497 2471 quod
1511 2431 1586 2461 alias
1601 2432 1681 2461 esset
1701 2428 1835 2461 veniale.

1067 2485 1238 2517 Vinculum
1256 2485 1341 2515 enim
1363 2483 1562 2514 conscientiae
1585 2483 1680 2514 etiam
1695 2481 1835 2512 inindif-

1065 2540 1239 2571 ferentibus
1263 2539 1336 2569 tacit
1367 2539 1445 2569 alios
1474 2546 1602 2578 peccare
1632 2537 1807 2569 mortaliter
1823 2547 1832 2575 ς

1097 2604 1102 2616 “
1119 2602 1206 2632 Εεςίιζ,
1220 2607 1272 2632 xx,
1288 2603 1327 2625 26.

1876 974 1975 1002 Exempl.
