2017 2948
156 1030 223 1052 ivisio.

248 154 308 183 622

796 146 1107 179 SENTENTIARUM
1130 147 1202 178 LlB.
1229 147 1278 179 lV.

246 222 310 259 tat,
328 221 359 250 et
374 217 459 249 bona
473 226 548 260 qnae
562 215 682 259 injuste
698 215 850 256 abstulit,
868 214 1030 247 restituat.
1048 214 1112 246 Nec
1128 218 1237 248 tamen
1253 215 1415 260 desperet,
1434 216 1566 249 interim
1581 216 1744 262 quidquid
1756 218 1835 252 boni

246 276 350 310 facere
364 279 484 319 potest,
501 274 671 306 hortamur
686 276 723 305 ut
738 273 851 313 faciat,
870 276 906 304 ut
921 272 1008 304 Deus
1021 283 1075 305 cor
1096 272 1167 316 ejus
1189 273 1329 306 illustret
1353 274 1393 306 ad
1417 274 1651 318 poenitentiam.
1669 288 1685 306 1»
1705 275 1745 307 Et
1760 286 1834 309 cnm

245 334 287 367 sit
301 333 493 378 poenitentia
506 331 660 372 interior,
678 335 709 363 et
724 330 866 363 exterior
878 356 886 372 ‚
902 330 941 362 de
958 334 1097 374 utraque
1114 341 1170 373 per
1185 331 1350 374 praemissa
1364 332 1441 364 satis
1454 336 1588 376 apparet
1601 343 1676 376 quae
1690 333 1731 365 sit
1745 344 1832 373 vera,

246 396 278 425 et
292 402 366 436 quae
381 391 421 424 sit
435 390 526 424 salsa.

433 526 634 560 EXPOSITIO
656 525 820 557 TEXTUS.

271 625 299 648 ln
313 622 468 654 perfectione
484 624 568 646 autem
586 620 742 652 pcenitentiae
759 620 806 643 tria
820 619 980 643 observanda

586 658 653 681 sunt.

279 747 383 787 Supra
397 746 463 785 egit
480 745 632 784 Magister
646 744 684 775 de
700 742 885 784 poenitentia
900 742 933 772 in
954 750 1012 772 sua

238 800 459 840 generalitate;
476 800 509 829 in
529 800 618 838 parte
640 798 698 828 ista
713 797 781 835 agit
797 796 835 826 de
849 797 918 835 eJus
935 803 1010 835 par-

238 855 334 885 tibus.
360 854 398 885 Et
424 853 577 893 quoniam
602 851 783 891 principalis
809 858 882 889 pars
908 849 1010 888 poeni-

238 909 358 945 tentiae,
387 909 422 938 ut
450 909 496 937 est
521 907 755 936 sacramentum
780 903 938 939 Ecclesiae,
966 903 1013 932 est

239 961 393 992 confessio
407 984 414 997 ,
432 961 501 991 ideo
514 960 618 1000 primo
633 958 775 997 assignat
790 960 894 996 partes
907 956 1011 995 poeni-

239 1015 361 1052 tentiae3
385 1014 522 1045 secundo
541 1021 615 1043 vero
635 1010 850 1051 principaliter
869 1011 899 1040 et
920 1008 1011 1048 spiri-

239 1068 367 1099 tualiter
388 1067 458 1106 agit
475 1067 514 1097 de
533 1065 741 1101 consessione,
765 1065 795 1093 et
815 1063 853 1093 de
875 1062 925 1092 his
940 1070 1012 1101 quae

240 1123 381 1162 spectant
396 1121 434 1151 ad
449 1129 531 1156 eam,
548 1119 630 1148 infra
645 1120 653 1136 ¹
667 1129 673 1147 ι
689 1117 748 1148 Hic
763 1117 867 1148 oritur
878 1115 1012 1155 quoescio

239 1175 427 1214 multiplex,
443 1176 500 1203 etc.
524 1171 631 1202 Prima
644 1179 717 1210 pars
736 1169 815 1200 (luas
837 1168 949 1206 habet,
966 1176 1013 1198 se-

239 1228 379 1259 cundun]
391 1227 455 1258 duo
468 1234 587 1266 genera
597 1224 736 1264 partium
748 1234 754 1254 ;
767 1221 915 1262 quaedam
926 1220 1012 1251 enim

239 1284 313 1313 sunt
328 1284 432 1322 partes
446 1278 634 1318 integrales,
650 1276 799 1317 qnaedam
813 1274 1010 1314 subjectivae.

240 1335 313 1366 Ideo
328 1334 430 1374 primo
452 1333 523 1372 agit
538 1332 575 1362 de
597 1330 823 1370 integralibus,
842 1337 882 1358 ex
896 1328 1012 1367 quihus

240 1390 362 1419 constat
377 1384 723 1428 poenitentiape1·fecta;
739 1382 877 1413 secundo
888 1381 926 1412 de
941 1381 1014 1412 sub-

236 1442 379 1482 Jectivis7
406 1441 474 1471 ibi:
500 1438 669 1470 Prcediccis
692 1444 764 1468 vero
790 1434 1013 1474 adjiciendum

240 1499 302 1533 est,
325 1494 411 1534 quod
434 1493 535 1525 tribus
556 1491 659 1524 modis
679 1490 789 1530 agitur
807 1489 1009 1529 poenitentia.

240 1548 349 1580 Prima
370 1556 442 1587 pars
461 1546 557 1576 hahet
578 1547 643 1575 tres
661 1553 668 1574 :
690 1544 725 1573 in
745 1543 850 1582 prima
869 1542 1013 1580 assignat

239 1601 309 1632 illas
323 1603 426 1641 partes
440 1609 481 1630 cx
493 1598 609 1639 quibus
622 1596 807 1637 poenitentia
819 1596 1011 1633 integratur,

239 1656 432 1686 confirmans
455 1651 642 1683 auctoritate
667 1648 882 1689 Chrysostomi
901 1650 932 1678 et
951 1648 1013 1678 Au-

241 1708 379 1748 gustum
404 1708 437 1737 in
455 1704 593 1736 secunda
612 1704 706 1734 tradit
729 1702 879 1739 modum,
903 1710 1011 1732 secun-

239 1762 317 1793 dum
345 1770 441 1801 quem
469 1768 545 1790 vera
573 1756 757 1798 poenitentia
785 1754 1011 1792 constituitur,

239 1815 283 1846 ibi
300 1826 307 1845 ι
321 1814 395 1846 Ideo
410 1812 562 1845 discretio
576 1810 756 1850 poenitemz',
773 1811 849 1845 etc-‚3
865 1808 897 1837 in
921 1807 1013 1837 tertia

239 1869 428 1899 determinat
442 1866 588 1902 modum,
605 1873 670 1904 quo
684 1863 778 1893 modo
799 1861 928 1902 quidam
949 1869 1012 1890 non

239 1931 349 1954 veram
364 1919 580 1961 poenitentiam
592 1918 723 1953 faciunt,
740 1916 794 1946 sed
808 1914 931 1951 falsam,
945 1913 989 1943 ibi
1003 1924 1010 1944 :

240 1976 280 2008 Et
294 1976 376 2007 sicut
390 1976 465 2006 sanc
479 1972 575 2012 diam·
591 1972 712 2010 fructus
727 1968 934 2008 poenitentiae,
952 1968 1010 1998 ete.

568 2065 635 2086 DUB.
660 2063 682 2084 Ι.

241 2128 269 2152 ln
282 2125 439 2158 perfectione
449 2125 534 2148 autem
544 2120 700 2153 poeuitentiae
713 2119 761 2144 tria
771 2117 932 2143 observanda
944 2119 1012 2141 sunt.

281 2188 440 2227 Quaeritur
451 2188 560 2217 utrum
572 2185 633 2214 ista
642 2183 703 2214 tria
717 2182 780 2212 sint
794 2183 898 2221 partes
914 2179 1014 2220 poeni·

241 2243 348 2275 tentiae
370 2239 569 2280 subjectivae‚
596 2237 646 2268 vel
670 2235 846 2274 integrales.
867 2233 905 2265 Et
927 2233 1026 2278 quod*

241 2306 305 2328 non
318 2296 381 2326 sint
392 2292 576 2332 integrales,
589 2291 725 2323 videtur,
739 2289 814 2328 qnia
829 2289 932 2318 totum
947 2295 1010 2317 non

240 2350 430 2391 praedicatur
449 2348 486 2378 de
505 2348 593 2386 parte
618 2343 767 2382 integrali
785 2354 790 2372 :
814 2341 868 2371 sed
891 2339 1013 2370 conteri

240 2407 287 2435 est
301 2403 469 2444 poenitere,
486 2403 516 2430 et
531 2398 676 2428 similiter
690 2395 833 2426 conliteri
848 2396 895 2424 est
909 2393 1012 2433 poeni-

240 2460 306 2488 tere
328 2459 359 2487 et
383 2454 581 2485 satisfacere:
608 2459 686 2489 ergo
716 2458 779 2479 non
805 2449 879 2477 sunt
908 2449 1012 2486 partes

240 2509 424 2549 integrales.
449 2507 483 2537 Si
504 2508 539 2536 tu
562 2505 646 2535 dicas
658 2528 665 2542 ‚
683 2502 766 2542 quod
785 2501 868 2531 istuil
886 2500 965 2530 fallit
980 2499 1011 2530 in

240 2565 305 2595 toto
318 2563 539 2600 homogeneo,
562 2558 637 2597 quia
657 2555 809 2596 quaelibet
827 2562 900 2593 pars
923 2552 1012 2592 panis

273 2625 354 2650 ⁸Dist.
366 2630 430 2649 xvii.

1067 529 1113 557 est
1137 527 1241 566 panis;
1269 526 1419 567 objicitur
1451 528 1526 567 quia
1553 530 1655 559 totum
1682 528 1840 567 homoge-

1068 588 1165 609 neum
1192 579 1285 610 habet
1314 583 1418 619 partes
1441 581 1538 611 unius
1560 584 1710 612 naturae:
1736 581 1840 621 poeni-

1069 633 1165 663 tentia
1180 636 1286 663 autem
1299 642 1361 663 non
1375 634 1467 664 habet
1482 636 1584 673 partes
1594 635 1690 665 unius
1703 637 1838 670 naturae‚

1068 689 1097 716 et
1113 687 1294 717 conformis.
1316 686 1396 717 Nam
1414 688 1596 726 poenitentia
1611 687 1748 718 continet
1762 697 1840 719 con-

1068 740 1249 774 tritionem,
1273 742 1303 770 et
1329 741 1576 777 consessionem,
1600 744 1631 771 et
1655 741 1842 772 satisfactio·

1069 801 1140 822 nem
1152 817 1159 830 ,
1178 802 1249 832 quae
1271 795 1345 823 sunt
1362 794 1487 824 diversa
1503 794 1676 825 secundum
1692 795 1838 826 sormam.

1070 845 1146 876 Item
1176 849 1280 885 partes
1309 847 1505 886 integrantes
1532 847 1757 879 constituentes
1781 848 1842 879 ali-

1069 900 1152 939 quod
1172 902 1290 939 totum,
1308 901 1374 931 sive
1390 900 1644 940 homogeneum,
1665 901 1732 932 sive
1755 901 1842 932 hete-

1069 962 1262 992 rogeneum,
1281 954 1394 984 dehent
1409 963 1476 984 esse
1495 954 1613 985 simul:
1632 954 1686 985 sed
1701 954 1752 986 hae
1767 963 1839 995 par-

1070 1009 1116 1037 tes
1132 1007 1327 1046 poenitentiae
1349 1015 1413 1037 non
1435 1009 1511 1037 sunt
1530 1006 1642 1038 simul:
1664 1016 1743 1048 ergo
1756 1031 1764 1046 ‚
1780 1009 1840 1039 etc.

1069 1059 1158 1096 Quod
1180 1062 1288 1090 autem
1309 1069 1373 1090 non
1395 1060 1459 1090 sint
1473 1060 1676 1099 subjectivae,
1693 1061 1839 1099 videtur,

1069 1115 1143 1154 qnia
1158 1116 1223 1144 tota
1243 1116 1358 1144 natura
1377 1114 1474 1144 totius
1498 1114 1686 1145 universalis
1700 1115 1842 1146 salvatur

1069 1168 1101 1197 in
1119 1167 1257 1206 qualibet
1283 1169 1390 1206 parte:
1412 1167 1495 1198 unde
1518 1167 1598 1197 ratio
1617 1169 1681 1197 tota
1695 1168 1841 1198 animalis

1069 1222 1114 1250 est
1139 1220 1170 1250 in
1186 1220 1315 1250 homine
1330 1230 1336 1249 z
1357 1220 1411 1250 sed
1426 1220 1572 1250 contritio
1586 1229 1651 1250 non
1667 1222 1714 1251 est
1731 1222 1796 1250 tota
1810 1222 1842 1251 et

1069 1273 1206 1313 perfecta
1237 1273 1440 1312 poenitentia,
1468 1282 1526 1303 nec
1553 1273 1729 1304 confessio:
1761 1282 1841 1312 ergo

1068 1335 1133 1357 non
1156 1328 1232 1357 sunt
1253 1326 1448 1366 subjectivae.
1474 1326 1566 1364 Item,
1584 1327 1759 1357 numeratis
1773 1335 1842 1366 par-

1070 1381 1155 1410 tibus
1170 1380 1366 1420 subJectiviS‚
1383 1382 1570 1411 numeratur
1586 1382 1705 1411 totum:
1721 1380 1748 1410 si
1763 1388 1844 1419 ergo

1068 1433 1137 1464 istae
1168 1436 1242 1464 sunt
1275 1436 1378 1474 partes
1412 1434 1606 1474 poenitentiae
1634 1434 1819 1474 subjectivae
1833 1458 1841 1472 ‚

1068 1496 1141 1518 cun]
1167 1487 1231 1517 sint
1251 1489 1332 1524 tres,
1354 1490 1418 1518 tres
1446 1490 1521 1518 sunt
1546 1488 1761 1527 poenitentiae:
1788 1490 1844 1519 aut

1068 1549 1146 1579 ergo
1162 1540 1357 1580 poenitentiae
1370 1543 1433 1571 tres
1447 1541 1590 1578 virtutes,
1603 1543 1658 1571 aut
1671 1541 1732 1572 tria
1743 1549 1844 1572 sacra-

1069 1596 1175 1624 menta
1191 1605 1197 1623 z
1216 1603 1354 1633 quorum
1371 1597 1545 1634 utrumque
1560 1594 1675 1625 falsum
1691 1597 1750 1626 est.

1108 1646 1201 1686 Resp.
1218 1646 1392 1677 Dicendum
1407 1648 1445 1678 ad
1462 1648 1520 1677 hoe
1531 1672 1540 1685 ,
1555 1648 1640 1687 quod
1656 1648 1843 1687 poenitentia

1068 1701 1204 1730 sumitur
1228 1700 1412 1740 dupliciter,
1437 1701 1552 1731 scilicet
1576 1709 1633 1740 pro
1658 1700 1842 1740 poenitentia

1068 1753 1202 1791 virtute,
1227 1755 1258 1783 et
1278 1762 1333 1792 pro
1363 1753 1545 1792 poenitentia
1572 1755 1779 1784 sacramento.
1808 1752 1840 1784 Si

1068 1807 1238 1845 loquamur
1259 1806 1297 1837 de
1325 1807 1511 1846 poenitentia
1534 1807 1670 1845 virtute;
1699 1807 1742 1837 sic
1765 1816 1842 1838 con-

1068 1859 1168 1897 tritio,
1185 1862 1215 1890 et
1237 1860 1406 1897 confessio,
1430 1863 1457 1890 et
1480 1860 1666 1898 satisfactio,
1684 1869 1748 1891 non
1768 1863 1842 1892 sunt

1069 1916 1174 1952 partes
1204 1913 1375 1953 integrales
1388 1938 1396 1952 ,
1428 1914 1481 1944 sed
1514 1915 1716 1954 potestativae.
1755 1914 1842 1945 Sicut

1069 1966 1154 1996 enim
1181 1966 1221 1996 ab
1247 1976 1311 1997 una
1334 1967 1469 1997 essentia
1498 1967 1604 2006 plures
1629 1967 1840 2006 egrediuntur

1068 2019 1236 2059 potentiae,
1264 2020 1308 2050 sic
1331 2020 1370 2050 ab
1394 2029 1457 2050 uno
1485 2020 1595 2050 habitu
1621 2020 1726 2060 plures
1751 2022 1840 2050 actus

1068 2075 1310 2112 consequuntur
1329 2083 1337 2111 ;
1376 2073 1479 2104 virtus
1522 2074 1606 2104 enim
1644 2073 1839 2113 poenitentiae

1068 2126 1193 2157 ordinat
1213 2119 1376 2156 hominem
1393 2129 1458 2164 ,ut,
1482 2126 1643 2166 puniendo
1666 2135 1719 2165 se,
1749 2126 1840 2157 faciat

1067 2181 1234 2211 emendam
1258 2180 1434 2211 secundum
1456 2190 1551 2211 omne
1565 2181 1670 2211 forum
1690 2191 1696 2211 :
1721 2182 1752 2211 et
1769 2180 1840 2211 ideo

1067 2233 1200 2273 quilibet
1233 2233 1348 2264 horum
1384 2236 1513 2264 actuum
1548 2234 1838 2264 denominationem

1067 2287 1177 2326 recipit
1204 2287 1244 2317 ab
1279 2286 1389 2316 habitu
1401 2311 1408 2324 ,
1441 2289 1475 2317 ut
1505 2287 1658 2326 poenitere
1688 2287 1812 2317 dicatur
1829 2295 1837 2317 ε

1067 2342 1097 2371 et
1112 2340 1155 2370 sic
1174 2340 1324 2370 videntur
1338 2340 1378 2379 (a)
1397 2340 1513 2370 habere
1528 2340 1684 2371 rationem
1700 2340 1838 2380 partium

1065 2393 1329 2432 sth'ectivarum,
1343 2392 1403 2424 Sed
1416 2402 1528 2424 revera
1544 2403 1605 2424 non
1622 2394 1749 2432 habent,
1762 2393 1837 2434 quia

1067 2447 1218 2477 consessio
1229 2471 1236 2485 ,
1259 2449 1289 2477 et
1312 2446 1481 2477 satisfactio
1497 2455 1562 2476 non
1578 2449 1625 2477 est
1640 2445 1835 2486 paenitentia,

1067 2499 1121 2529 sed
1144 2502 1231 2530 actus
1250 2499 1419 2539 egrediens
1433 2508 1451 2529 a
1473 2500 1675 2539 poenitentia;
1693 2498 1838 2529 similiter

1066 2552 1250 2591 satisfactio,
1267 2555 1297 2583 et
1312 2553 1470 2584 contritio.
1493 2552 1528 2584 Si
1546 2555 1653 2584 autem
1667 2551 1837 2591 loquamur

1100 2614 1130 2645 (u)
1144 2615 1205 2640 Caet.
1222 2615 1282 2640 edit,
1299 2616 1408 2640 videtur.
