2017 2948
242 194 279 223 56
800 185 1108 219 SENTENTIARUM
1128 186 1200 216 LlB.
1223 186 1276 217 111.

242 261 393 290 caverant
414 257 509 296 quasi
533 258 669 296 quatuor
692 254 797 286 millia
823 254 1006 290 hominum,

242 311 349 341 Glossa
363 321 369 339 :
391 321 404 337 α
421 309 479 340 Per
495 307 734 348 quaternarium
751 309 887 347 quatuor
903 307 1008 336 virtu-

243 366 287 394 tes
298 363 470 393 cardinales
485 363 710 401 intelliguntur
729 373 734 392 z
754 362 854 400 prima
868 362 914 390 est
930 370 1009 399 prn-

242 416 357 453 dentia,
371 416 511 455 cognitio
528 424 636 446 rerum
651 414 898 454 appetendarum
917 416 945 442 vt
961 413 1009 442 vi-

243 469 431 505 tandarum3
449 468 588 499 secunda
610 470 656 497 cst
682 467 861 497 refraenatio
886 465 1010 505 cupidi-

243 523 315 553 tatis
330 523 369 553 ab
384 522 434 552 his
452 531 524 561 quae
540 520 753 560 temporaliter
768 519 918 549 delectant
931 528 938 555 3
953 520 1013 547 tter-

245 576 287 606 tia
314 577 361 606 est
392 575 524 605 firmitas
558 578 666 603 contra
703 572 860 602 molestias
886 570 1009 607 saeculi;

245 630 358 668 quarta
368 637 456 664 vero,
472 636 543 667 quae
558 636 613 666 pcr
625 634 736 655 omnes
751 624 949 660 diffunditur,
967 626 1013 654 cst

245 681 368 712 dilectio
381 681 433 711 Dei
441 682 472 710 et
483 679 630 719 proximi.
647 690 661 706 >³
679 678 709 709 Si
727 686 804 716 ergo
819 677 943 707 dilectio
960 677 1013 707 Dei

246 736 277 764 et
290 733 428 773 proximi
443 732 571 772 ponitur
584 741 649 761 una
664 731 744 760 inter
759 729 934 760 cardinales
949 730 1013 760 vir-

246 788 338 823 tutes,
353 785 479 815 videtnr
501 784 586 823 quod
608 783 716 823 plures
740 782 801 812 sint
821 791 917 822 quani
933 792 1011 822 qua-

244 841 328 869 tuor.

285 894 314 922 lt.
332 891 410 921 Item
425 890 599 926 humilitas,
616 890 775 929 patientia,
793 892 823 919 et
840 889 1016 920 obedientia

246 946 321 975 sunt
336 952 463 983 magnae
480 943 614 973 virtutes
633 954 639 972 :
656 952 714 973 nec
731 945 838 973 tamen
861 944 936 973 sunt
962 943 1018 973 ali-

246 1006 308 1036 qua
324 996 558 1036 praedictarum,
578 998 615 1026 ut
629 995 775 1026 videtur:
797 1004 874 1034 ergo
890 996 1016 1026 videtur

245 1050 331 1089 quod
350 1049 517 1080 cardinalis
533 1049 635 1079 virtus
651 1058 716 1079 non
731 1049 922 1079 sufficienter
936 1049 1016 1079 dix-i-

247 1104 341 1134 datur
356 1112 412 1143 per
426 1104 563 1142 quatuor
575 1102 730 1132 membra.
749 1102 802 1133 Est
817 1112 896 1141 ergo
917 1111 1019 1142 quaes-

248 1156 292 1186 tio
313 1156 351 1186 de
376 1156 600 1196 praedictarum
625 1155 782 1186 virtutum
807 1156 1017 1186 cardinalium

248 1218 384 1240 numero
399 1211 428 1240 et
441 1209 641 1239 sufficientia.

501 1325 761 1357 CONCLUSIO.

254 1416 373 1442 Virtutes
387 1414 537 1441 cardinales
555 1415 634 1441 dnbio
651 1415 745 1448 procul
766 1414 802 1441 acl
817 1416 1021 1449 quaternarium

288 1467 425 1486 numerum
438 1459 599 1486 reducuntur
610 1467 618 1485 ε
635 1460 681 1492 qui
695 1461 783 1485 tamen
793 1467 916 1486 numerus
929 1460 1021 1486 multis

287 1503 371 1530 modis
398 1504 541 1537 colliqilur.

294 1583 386 1622 Resp.
422 1583 460 1613 ad
489 1592 558 1621 arg.
592 1582 766 1613 Dicendum
790 1583 874 1622 quod
903 1583 1023 1622 absque

253 1636 348 1666 dubio
362 1645 515 1666 numerus
533 1638 564 1666 et
585 1635 772 1666 sufficientia
786 1635 943 1666 virtutum
958 1645 1024 1666 cai·-

255 1689 407 1719 dinalium
425 1689 567 1719 consistit
579 1689 611 1718 in
625 1689 840 1727 quaternario.
853 1688 954 1728 Hujiis
970 1699 1025 1720 au-

254 1744 318 1772 ten]
334 1741 459 1771 numeri
480 1741 559 1771 ratio
580 1743 610 1770 et
633 1741 819 1771 sufficieutia
843 1742 1024 1781 assignatur

255 1795 364 1825 multis
379 1795 490 1832 modis,
516 1795 570 1833 qui
594 1795 650 1824 etsi
662 1804 716 1833 per
740 1794 849 1825 omnia
874 1804 939 1825 non
962 1795 1025 1826 sint

255 1847 476 1885 rationabiles,
504 1850 610 1877 tamen
635 1847 806 1877 conficiunt
828 1857 930 1878 unum
956 1858 1026 1878 mo-

256 1901 334 1931 dum
357 1900 477 1931 dicendi
498 1900 737 1938 rationabilem,
750 1902 779 1930 et
803 1901 1023 1932 sufficientem.

257 1954 392 1984 Possunt
409 1956 516 1983 autem
532 1953 566 1983 hi
582 1953 666 1983 modi
690 1953 813 1983 dicendi
829 1954 867 1984 ad
887 1957 1026 1994 quatuor

257 2007 376 2042 reduci,
398 2006 573 2036 secundum
596 2006 834 2045 quadruplicem
859 2017 1025 2047 compara-

259 2059 376 2089 tionem
401 2059 500 2098 ipsius
522 2058 690 2088 cardinalis
721 2059 859 2096 virtutis⁷
886 2060 1027 2090 videlicet

260 2111 298 2141 ad
313 2111 477 2150 proprium
491 2111 681 2149 subjectum,
698 2111 736 2140 ad
754 2113 859 2141 actum
882 2112 1028 2142 intrinse-

260 2173 345 2200 cum,
362 2164 399 2193 ad
419 2172 515 2193 suum
534 2163 726 2202 oppositum,
748 2165 778 2192 et
803 2164 841 2193 ad
862 2165 1026 2204 proprium

261 2217 431 2256 objectum.
448 2215 573 2245 Primus
595 2224 672 2253 ergo
695 2215 808 2245 modus
822 2218 970 2247 sumendi
984 2221 1029 2249 est

261 2279 357 2310 penes
381 2269 595 2300 diversitatem
623 2268 851 2307 subjectorum.
883 2269 1029 2310 Subjecta

262 2322 347 2354 enim
364 2322 510 2362 proxima
525 2324 554 2351 et
574 2321 755 2352 immediata
769 2322 910 2361 ipsarum
926 2324 1028 2354 virtu-

262 2378 332 2406 tum
347 2376 421 2406 sunt
442 2375 589 2414 potentiae
608 2375 734 2412 animae,
758 2375 823 2405 sive
842 2376 936 2414 vires,
958 2387 1030 2416 quas

262 2430 335 2458 sunt
347 2430 421 2464 tres
437 2427 582 2459 videlicet
594 2427 765 2465 rationalis,
777 2429 1032 2468 concupiscibilis

261 2483 291 2511 et
311 2481 474 2511 irascibilis
492 2492 498 2511 ς
520 2481 563 2511 ita
579 2480 662 2520 quod
678 2480 827 2511 fortitudo
847 2482 938 2511 estin
954 2482 1032 2512 iras-

263 2533 358 2571 cibili,
374 2534 581 2573 temperantia
593 2536 638 2563 est
654 2533 687 2563 in
702 2534 935 2573 concupiscibili
956 2546 962 2564 :
978 2536 1031 2565 scd

260 2587 381 2626 justitia
398 2590 428 2617 et
443 2587 608 2626 prudentia
619 2589 693 2617 sunt
706 2587 737 2616 in
750 2587 905 2624 rationali,
923 2597 1033 2618 secun-

264 2639 342 2671 dum
367 2640 452 2681 quod
479 2639 645 2681 dupliciter
671 2639 768 2673 hahet
793 2640 833 2672 ad
856 2640 932 2673 alias
950 2642 1034 2673 vires

1062 253 1253 292 comparari3
1271 254 1319 284 vel
1335 253 1366 284 in
1384 254 1503 284 ratione
1518 253 1727 291 conciliantis,
1744 253 1829 284 etsie

1064 309 1110 335 est
1128 306 1308 345 prudentia3
1330 307 1379 337 vel
1399 307 1431 336 in
1455 307 1575 337 ratione
1600 306 1828 344 sententiantis,

1064 361 1094 388 et
1109 359 1151 388 sic
1166 361 1212 388 cst
1225 359 1347 398 justitia
1363 370 1369 390 :
1390 360 1456 389 sive
1470 359 1644 389 secundum
1666 359 1751 398 quod
1772 359 1828 389 lia-

1065 411 1314 442 iwtconsiderari
1330 413 1363 442 in
1378 422 1422 450 se,
1439 415 1469 442 et
1484 412 1527 442 sic
1545 412 1706 452 perficitur
1720 412 1831 442 habitu

1066 464 1258 503 prudentiae3
1278 465 1327 495 vel
1341 465 1518 495 secundum
1533 465 1618 504 quod
1640 465 1735 495 habet
1755 465 1832 495 alias

1065 526 1176 555 regere
1199 520 1229 547 ct
1251 517 1407 554 ordinare,
1428 520 1457 548 et
1474 519 1517 548 sic
1540 518 1702 558 perficitur
1723 518 1833 549 habitu

1062 570 1205 608 Justitize.
1233 570 1397 600 Secundus
1419 573 1526 601 autem
1551 571 1664 602 modus
1687 571 1834 601 sumendi

1067 622 1287 652 sufficientiam
1302 623 1457 654 virtutum
1474 624 1644 654 attenditur
1657 624 1834 655 secundum

1067 675 1283 706 diversitatem
1310 678 1439 706 actuum
1476 676 1730 707 intrinsecorum.
1759 676 1835 708 Tres

1068 728 1153 759 enim
1164 730 1237 758 sunt
1250 730 1349 766 actus,
1365 730 1419 768 qui
1438 730 1613 760 necessario
1641 732 1837 761 concurrunt

1069 782 1106 812 ad
1122 782 1283 820 virtutem⁷
1301 783 1417 813 scilicet
1431 783 1522 819 scire,
1542 783 1641 821 velle,
1662 784 1692 814 et
1717 783 1836 823 imper-

1070 835 1262 866 mutabiliter
1290 836 1423 875 operari.
1452 836 1539 867 Scire
1562 838 1669 867 autem
1689 836 1765 876 quid
1796 836 1837 867 sit

1070 888 1243 928 agendum,
1268 891 1315 919 est
1328 889 1427 929 ipsius
1443 889 1735 928 prualentiae3velle
1763 898 1839 920 vero

1071 942 1191 971 bonum
1211 944 1257 972 cst
1276 942 1376 981 ipsius
1396 942 1545 981 Justitiae3
1572 941 1838 981 impermutabili-

1071 997 1119 1025 ter
1133 1004 1208 1025 vero
1222 996 1347 1034 operari
1367 998 1412 1025 est
1431 995 1648 1035 temperantiae
1670 996 1701 1026 et
1716 995 1839 1026 sortitu-

1072 1048 1154 1078 dinis
1171 1059 1177 1078 :
1195 1049 1411 1087 temperantiae
1436 1049 1469 1079 in
1490 1048 1658 1088 prosperis,
1684 1048 1841 1079 fortitudi-

1073 1103 1121 1132 nis
1153 1102 1186 1132 in
1215 1102 1365 1133 adversis.
1399 1102 1522 1132 Tertius
1551 1110 1628 1132 vero
1655 1101 1768 1132 modus
1791 1110 1843 1132 su-

1074 1156 1179 1186 mendi
1203 1156 1373 1186 attenditur
1393 1165 1490 1195 penes
1512 1155 1780 1195 comparationem
1803 1155 1842 1185 ad

1074 1209 1226 1248 opposita,
1252 1218 1324 1248 quae
1347 1211 1420 1238 sunt
1444 1211 1580 1248 quatuor
1602 1207 1692 1238 nobis
1717 1210 1844 1247 propter

1075 1264 1238 1301 peccatum
1256 1261 1386 1299 inflicta,
1401 1261 1546 1291 videlicet
1563 1261 1755 1300 ignorantia,
1774 1269 1845 1291 con-

1076 1315 1278 1354 cupiscentia,
1296 1315 1474 1352 infirmitas,
1487 1317 1516 1345 et
1532 1314 1662 1344 malitia.
1687 1313 1724 1344 Et
1737 1315 1846 1344 eontra

1076 1368 1288 1407 ignorantiam
1318 1371 1365 1398 est
1386 1368 1488 1399 virtus
1515 1368 1710 1408 prudentiae;
1737 1370 1847 1399 contra

1077 1422 1364 1462 concupiscentiam
1395 1424 1441 1452 est
1464 1422 1567 1452 virtus
1603 1421 1844 1461 temperantiae;

1078 1477 1185 1505 contra
1196 1475 1413 1505 infirmitatem
1424 1478 1470 1505 est
1481 1475 1583 1505 virtus
1597 1475 1801 1513 fortitudinis,
1817 1478 1849 1506 et

1079 1530 1187 1558 contra
1209 1528 1364 1558 maiitiam
1386 1530 1432 1558 est
1454 1528 1557 1558 virtus
1578 1528 1720 1567 Justitiae.
1745 1527 1783 1558 Et
1797 1528 1849 1559 hic

1079 1581 1193 1611 modus
1224 1581 1347 1611 dicendi
1375 1581 1501 1611 videtur
1529 1581 1603 1611 satis
1640 1581 1845 1612 rationabilis.

1079 1633 1305 1664 Verumtamen
1322 1643 1341 1664 a
1354 1634 1521 1674 posteriori
1538 1637 1685 1673 sumptus
1699 1637 1756 1672 est,
1773 1634 1849 1674 quia

1080 1696 1143 1717 non
1165 1687 1298 1717 virtutes
1321 1696 1375 1726 per
1397 1687 1486 1724 vitia,
1511 1686 1564 1717 sed
1584 1687 1662 1717 vitia
1680 1696 1737 1726 per
1751 1687 1851 1718 virtu-

1080 1742 1148 1771 tum
1175 1740 1287 1770 merita
1309 1740 1562 1779 distinguuntur.
1584 1739 1721 1776 Quartus
1742 1742 1849 1771 autem

1082 1794 1194 1824 modus
1216 1794 1362 1824 sumendi
1387 1796 1433 1823 est
1454 1803 1494 1824 ex
1515 1796 1603 1832 parte
1628 1794 1769 1832 ipsorum
1793 1794 1850 1824 ob-

1078 1849 1248 1886 jectorum,
1270 1849 1300 1877 et
1326 1846 1383 1876 iste
1412 1846 1526 1876 modus
1552 1846 1698 1876 sumendi
1724 1846 1851 1877 videtur

1082 1909 1147 1930 esse
1162 1899 1389 1937 rationabilior,
1407 1899 1483 1938 quia
1498 1899 1626 1929 habItus
1639 1908 1694 1938 per
1707 1901 1806 1937 actus,
1821 1903 1852 1930 et.

1082 1955 1170 1982 actus
1186 1961 1240 1992 per
1254 1953 1374 1992 objecta
1390 1952 1595 1983 diversificari
1610 1952 1738 1983 habent.
1752 1952 1791 1983 Et
1801 1952 1852 1983 hjc

1083 2005 1196 2035 modus
1228 2005 1351 2035 dicendi
1380 2005 1476 2035 habet
1505 2005 1751 2045 quadruplicari.
1784 2005 1852 2037 Uno

1083 2058 1176 2087 modo
1190 2058 1234 2087 sic
1250 2069 1257 2088 ι
1274 2067 1347 2087 nam
1363 2058 1496 2088 virtutes
1511 2061 1566 2088 aut
1588 2060 1661 2088 sunt
1678 2058 1759 2088 circa
1780 2067 1853 2098 pas-

1083 2110 1207 2146 siones,
1225 2112 1280 2139 aut
1301 2111 1382 2140 circa
1403 2111 1540 2141 actiones
1557 2122 1563 2140 :
1587 2111 1612 2140 si
1633 2111 1715 2141 circa
1734 2111 1852 2151 passio-

1085 2172 1150 2200 ncs,
1163 2165 1217 2192 aut
1228 2163 1338 2200 illatas,
1351 2164 1436 2193 etsie
1450 2166 1495 2193 est
1511 2164 1660 2194 fortitudo
1672 2175 1679 2201 ;
1698 2167 1754 2194 aut
1765 2164 1853 2195 inna-

1085 2220 1142 2255 tas,
1159 2220 1189 2248 et
1204 2218 1247 2247 sic
1260 2220 1306 2248 est
1320 2219 1539 2257 temperantia.
1554 2218 1587 2249 Si
1603 2219 1684 2249 circa
1698 2220 1850 2256 actiones,

1086 2273 1140 2302 aut
1163 2271 1245 2301 circa
1259 2271 1397 2301 actiones
1411 2272 1610 2309 intrinsecas,
1629 2281 1702 2312 quae
1722 2273 1853 2312 quidem

1086 2325 1263 2354 consistunt
1278 2324 1310 2354 in
1325 2324 1482 2363 eligendo,
1499 2327 1528 2355 et
1543 2325 1586 2355 sic
1602 2328 1647 2355 est
1662 2326 1852 2365 prudentia3

1087 2379 1141 2407 aut
1154 2377 1357 2415 extrinsecas,
1382 2386 1453 2416 quae
1475 2378 1604 2417 quidem
1628 2379 1802 2409 consistunt
1821 2379 1854 2409 in

1087 2430 1283 2469 exequendo,
1294 2430 1381 2460 etsie
1396 2433 1439 2460 esi
1451 2431 1587 2470 justitia,
1604 2432 1643 2461 ad
1659 2440 1755 2470 quam
1771 2441 1855 2471 spec-

1088 2485 1132 2512 tat
1145 2482 1317 2520 unicuique
1333 2482 1558 2521 tribuerejura
1580 2492 1649 2513 sua.
1668 2483 1738 2513 Alio
1761 2484 1855 2515 modo

1090 2537 1188 2574 potest
1203 2535 1285 2565 sumi
1301 2535 1344 2565 sic
1364 2537 1484 2574 aparte
1504 2535 1639 2575 objecti:
1659 2535 1735 2574 quia
1755 2536 1856 2567 virtus

1089 2590 1144 2618 aut
1157 2588 1338 2626 negotiatur
1359 2588 1440 2618 circa
1464 2588 1595 2624 malum,
1617 2590 1674 2618 aut
1697 2588 1780 2618 circa
1798 2589 1856 2620 bo-

1091 2650 1170 2672 num
1190 2651 1196 2670 t
1215 2640 1239 2670 si
1255 2640 1336 2672 circa
1362 2641 1494 2679 maium,
1515 2643 1570 2671 aut
1583 2643 1630 2671 est
1652 2640 1810 2680 innatum,
1825 2643 1856 2672 et
