2017 2948
50 2066 122 2088 ivisior

791 200 978 232 DISTINCT.
1002 200 1105 231 XXXI.
1727 212 1744 237 3

152 275 243 318 parte
259 271 428 316 diligimus
441 281 531 304 nunc
548 284 555 304 :
572 273 604 303 et
617 269 692 302 ideo
706 269 776 313 ipsa
791 268 1002 302 evacuabitur
1014 267 1050 300 in
1069 271 1231 312 quantum
1252 280 1292 302 ex
1313 274 1404 314 parte
1425 274 1488 313 est,
1510 272 1589 316 quia
1611 273 1745 308 tolletur

151 330 366 375 imperfectio,
381 333 414 362 et
438 327 576 362 addetur
597 326 751 372 perfectio
779 338 786 359 :
807 326 1054 370 remanebitque
1076 325 1146 370 ipsa
1167 330 1274 368 aucta,
1297 331 1328 360 et
1349 331 1439 361 actus
1461 329 1548 374 ejus,
1575 334 1606 364 et
1628 332 1745 365 modus

151 387 322 431 diligendi,
339 390 378 420 ut
391 386 508 429 diligas
521 385 627 418 Deum
642 388 773 429 propter
786 395 819 417 se
834 396 874 417 ex
889 387 955 417 toto
969 383 1076 426 corde,
1098 388 1129 416 et
1151 384 1338 428 proximum
1364 389 1459 419 tuum
1479 387 1563 420 sieut
1585 389 1742 434 teipsum;

151 444 207 478 sed
233 443 485 489 imperfectionis
513 442 629 476 modus
656 442 893 475 eliminabitur.
918 441 1014 474 Fides
1040 452 1137 483 vere,
1166 445 1198 475 et
1225 454 1297 486 spes
1328 443 1459 487 penitus
1482 446 1742 481 evacuabuntur.

150 501 292 536 Scientia
320 512 398 535 vero
425 501 606 534 secundum
631 503 740 533 actum
762 503 793 532 et
814 499 950 532 modum
970 510 1085 541 suum,
1109 499 1168 543 qui
1188 511 1278 533 nune
1305 505 1369 542 est,
1393 513 1460 535 non
1487 503 1669 537 secundum
1693 506 1745 538 sui

149 560 324 593 essentiam
348 559 493 592 tolletur.
515 557 588 602 Ipsa
610 557 698 591 enim
722 557 829 590 virtus
852 557 996 590 scientias
1020 557 1222 599 remanebit,
1248 557 1302 591 sed
1324 558 1427 592 alium
1451 561 1575 595 tenebit
1594 573 1693 595 usum
1714 566 1746 596 et

150 617 297 651 modum.

193 674 288 708 Nunc
312 674 380 719 jam
409 677 555 718 superest
581 672 799 716 investigare,
830 683 872 705 an
900 672 1068 713 Christus,
1105 673 1286 706 secundum
1322 674 1411 718 quod
1444 675 1560 718 homo,
1594 677 1744 712 ordinem

149 732 306 776 diligendi
322 732 545 776 praescriptum
559 730 749 764 servaverit.
769 729 864 769 Quod
879 729 907 763 si
921 734 980 772 est,
999 741 1130 763 omnem
1146 731 1316 764 hominem
1332 732 1415 766 sicut
1434 734 1576 779 seipsum
1598 735 1713 769 dilexit
1734 748 1741 770 :

149 790 303 823 omnibus
314 801 391 833 ergo
406 790 507 823 vitam
521 789 657 834 optavit,
672 799 844 832 omnesque
858 788 964 821 salvos
977 789 1054 833 fieri
1071 789 1172 822 voluit
1187 789 1194 804 ¹
1210 803 1217 831 3
1240 790 1295 823 sed
1318 802 1385 824 non
1408 802 1521 825 omnes
1539 793 1623 827 salvi
1645 793 1742 836 fiunt,

148 851 180 880 et
198 847 243 880 ita
261 858 328 880 non
348 850 395 880 est
414 847 535 880 facturn
560 846 647 890 quod
666 846 801 890 optavit.
829 845 893 878 Sed
912 857 979 878 non
1003 850 1050 879 est
1068 846 1291 889 ignorandum
1319 848 1355 881 in
1376 860 1413 882 eo
1434 849 1535 883 fuisse
1553 851 1744 885 charitatem

143 905 239 948 juxta
252 905 386 938 modum
401 905 532 949 patriae,
554 915 621 937 non
645 903 720 945 viae,
747 914 889 947 eumque
909 903 1058 936 ordinem
1083 903 1245 946 diligendi
1266 904 1433 949 implesse,
1460 907 1518 951 qui
1540 913 1689 942 servatur
1710 909 1746 942 in

147 962 263 1006 patria,
279 962 394 996 nonin
410 962 473 996 via.
491 961 555 1001 Qui
569 962 656 995 enim
672 961 707 994 in
722 961 827 1005 patria
841 964 930 1002 sunt,
958 960 992 993 id
1016 964 1075 1002 est,
1095 961 1165 1006 jam
1190 961 1368 995 beatificati
1390 968 1484 1006 sunt,
1509 965 1590 999 adeo
1608 965 1746 1010 justitiae

145 1019 205 1053 Dei
219 1019 337 1054 addicti
351 1024 441 1062 sunt,
458 1023 494 1053 ut
508 1019 591 1052 nihil
607 1019 652 1052 eis
667 1019 803 1063 placeat,
820 1018 883 1052 nisi
898 1018 987 1063 quod
1010 1018 1078 1052 Deo
1100 1019 1222 1063 placet;
1245 1031 1282 1052 ac
1304 1032 1362 1065 per
1382 1021 1443 1054 hoc
1462 1022 1596 1056 illorum
1616 1027 1745 1057 tantum

146 1077 286 1111 salutem
299 1077 444 1121 diligunt
457 1082 488 1111 et
503 1078 631 1116 volunt,
648 1088 731 1122 quos
745 1077 833 1110 Deus
847 1076 967 1110 salvari
984 1077 1073 1119 vult,
1103 1088 1223 1122 eosque
1250 1078 1336 1111 solos
1354 1079 1438 1113 sicut
1458 1091 1492 1114 se
1513 1080 1674 1125 diligunt;
1701 1082 1746 1115 ita

145 1140 176 1169 et
190 1135 339 1169 Christus
353 1135 470 1169 eleetos
482 1139 611 1169 tantum
627 1135 711 1168 sicut
725 1146 758 1168 se
773 1134 901 1176 dilexit,
918 1145 1100 1179 eorumque
1115 1135 1254 1169 salutem
1271 1137 1407 1181 optavit.

333 1232 540 1265 EXPOSITIO
561 1232 724 1265 TEXTUS.

229 1308 294 1333 lllud
309 1315 411 1341 quoque
425 1316 478 1333 non
492 1310 530 1334 est
543 1308 765 1341 praetereundum,
778 1310 828 1332 etc.

183 1372 288 1413 Supra
302 1373 367 1412 egit
376 1373 525 1412 Magister
540 1374 578 1405 de
592 1373 746 1404 charitate
756 1374 913 1413 quantum

143 1424 183 1456 ad
196 1425 429 1465 diffinitionem,
446 1426 653 1466 diligibilium
667 1426 912 1464 distinctionem,

143 1478 295 1518 diligendi
316 1479 470 1518 ordinem,
495 1482 527 1510 et
545 1480 650 1511 meriti
669 1479 912 1519 perfectionem

142 1531 177 1562 in
190 1531 250 1562 hac
268 1541 345 1563 vero
369 1533 480 1572 quinta
500 1535 589 1573 parte
611 1532 678 1572 agit
696 1533 734 1564 de
755 1532 917 1563 charitatis

143 1583 321 1616 duratione.
346 1585 384 1616 Et
408 1586 560 1626 quoniam
581 1586 729 1618 convenit
750 1585 916 1626 tripliciter

141 1636 230 1678 loqui
246 1638 285 1669 de
299 1638 465 1670 duratione
487 1639 649 1670 charitatis
660 1663 668 1678 ‚
685 1639 835 1671 videlicet
859 1647 916 1679 per

141 1692 409 1731 comparationem
421 1692 461 1724 ad
470 1694 634 1733 peccatum
648 1692 708 1723 sibi
721 1692 913 1732 oppositum,

141 1745 172 1774 et
185 1753 242 1784 per
263 1745 532 1785 comparationem
559 1746 599 1777 ad
621 1746 750 1777 habitus
777 1745 913 1777 aliarum

141 1796 309 1835 virtutum,
326 1800 358 1829 et
372 1807 428 1839 per
442 1799 711 1839 comparationem
734 1799 774 1830 ad
796 1801 913 1830 statum

141 1849 252 1889 gloriae
275 1851 436 1890 futurum,
461 1852 495 1883 in
522 1861 587 1892 quo
608 1854 692 1883 statu
712 1853 826 1884 habuit
843 1862 914 1883 eam

142 1902 281 1934 Christus
293 1914 301 1943 ;
317 1904 388 1936 ideo
399 1905 551 1937 dividitur
563 1915 637 1945 pars
648 1906 706 1936 ista
717 1906 750 1936 in
764 1907 828 1937 tres
839 1915 911 1946 par-

141 1957 202 1994 tes,
225 1956 259 1987 in
290 1966 427 1997 quarum
462 1958 565 1998 prima
599 1959 734 1999 inquirit
764 1959 914 1998 Magister

142 2011 250 2040 utrum
265 2010 402 2041 charitas
419 2011 516 2051 possit
536 2021 592 2052 per
607 2013 772 2052 peccatum
791 2012 893 2043 amitti
903 2024 910 2051 ;

141 2061 174 2092 in
186 2063 322 2094 secunda
334 2064 523 2095 determinat
537 2065 673 2104 qualiter
685 2074 765 2105 spes,
782 2067 812 2096 et
823 2066 911 2103 fides,

140 2117 170 2146 et
184 2115 313 2147 scientia
327 2116 464 2148 habeant
476 2118 635 2155 evacuari,
654 2118 715 2149 ibi:
730 2118 912 2151 Advercen-

139 2167 213 2200 dum
230 2171 275 2201 est
291 2170 387 2202 etiam
400 2170 552 2210 quomodo
567 2171 659 2210 fides,
679 2174 707 2203 et
727 2180 808 2212 spes,
831 2174 909 2210 etc.;

139 2221 173 2252 in
186 2223 278 2253 tertia
293 2225 381 2263 parte
393 2223 524 2263 inquirit
537 2226 647 2255 utrum
662 2225 750 2263 ordo,
763 2225 819 2265 qui
833 2225 913 2256 inest

139 2273 284 2306 charitati
298 2275 331 2306 in
343 2276 406 2315 via,
423 2276 458 2307 in
475 2276 597 2308 Christo
616 2280 646 2308 et
668 2278 702 2308 in
722 2278 791 2309 aliis
813 2279 912 2310 beatis

138 2327 411 2368 habeatinveniri,
427 2329 470 2360 ihi
488 2341 494 2360 z
511 2330 603 2362 Nunc
612 2330 684 2370 jam
705 2335 846 2371 superest
865 2333 913 2364 κή-

139 2382 305 2421 vestiqare,
322 2384 382 2413 etc.
406 2381 514 2413 Prima
532 2392 605 2423 pars
624 2383 776 2415 dividitur
793 2385 824 2415 in
848 2388 913 2417 tres

138 2437 254 2474 partes,
266 2434 297 2465 in
308 2443 446 2475 quarum
456 2435 559 2475 prima
568 2436 695 2468 adducit
711 2438 911 2469 auctoritates

138 2487 177 2518 ad
191 2487 418 2519 ostendendum
432 2489 517 2528 quod
527 2489 662 2521 charitas
668 2499 732 2522 non
740 2492 837 2531 possit
846 2492 910 2523 tolli

138 2548 194 2580 per
204 2542 379 2581 peccatum;
390 2541 425 2572 in
439 2542 577 2573 secunda
583 2552 659 2575 vero
672 2543 908 2576 inducitaucto-

171 2613 177 2629 ¹
190 2614 194 2637 1
212 2614 281 2640 Tim,
299 2621 328 2645 11,
339 2616 401 2639 4.—
411 2616 421 2632 ²
432 2615 491 2640 Erat
507 2616 529 2640 id
540 2616 565 2641 in
580 2617 661 2648 Epist.
674 2619 707 2642 ud
720 2619 770 2644 Jul.
787 2621 906 2647 comitem,

139 2655 195 2679 quae
207 2649 276 2674 bunc
291 2652 317 2674 ut
328 2650 407 2675 notha
419 2651 517 2676 sublata
531 2654 581 2682 est,
596 2655 619 2675 ct
632 2656 684 2676 crat
702 2655 779 2685 Epist.
797 2662 835 2680 111.

171 2690 205 2719 (a)
216 2690 256 2714 A!⁴
270 2691 336 2714 devs!
349 2694 370 2714 sel
385 2701 398 2715 :1
412 2692 479 2715 boun
493 2692 516 2716 iu
535 2693 638 2716 tilulum.

972 1232 1080 1263 ritates
1088 1233 1126 1263 ad
1136 1234 1378 1273 oppositum,ibi
1393 1245 1399 1265 :
1413 1235 1489 1267 Haec
1495 1236 1630 1269 innuere
1637 1238 1749 1271 viden-

974 1288 1037 1324 tur,
1054 1286 1139 1325 quod
1153 1287 1305 1325 charitas,
1327 1291 1404 1326 etc.;
1422 1289 1453 1319 in
1472 1290 1564 1321 tertia
1583 1299 1658 1322 vero
1672 1292 1749 1322 sub-

970 1340 1079 1378 Jungit
1093 1340 1332 1379 explanationes
1358 1342 1487 1373 illarum
1509 1344 1747 1383 auctoritatum,

976 1401 1015 1422 ex
1030 1392 1147 1432 quibus
1162 1394 1410 1426 conculdebatur
1422 1396 1538 1427 falsum
1553 1400 1682 1438 propter
1697 1399 1748 1430 in-

972 1445 1131 1476 tellectum
1148 1456 1348 1486 perverwm,
1362 1448 1406 1479 ibi
1424 1459 1431 1480 ε
1450 1450 1540 1484 Quod
1554 1458 1627 1483 vero
1643 1452 1747 1492 Apos-

973 1498 1055 1530 tolus
1067 1501 1126 1538 αῑτ,
1138 1502 1196 1531 etc.
1210 1500 1355 1532 Aliarum
1365 1511 1441 1533 vero
1455 1504 1595 1543 partium
1605 1505 1746 1536 subdivi-

973 1552 1018 1582 sio
1033 1552 1108 1583 satis
1122 1553 1288 1584 manifesta
1304 1555 1392 1586 estin
1409 1555 1511 1588 litera.

1304 1626 1372 1649 DUB.
1397 1627 1418 1649 1.

1029 1674 1142 1698 Charitas
1154 1681 1211 1705 quae
1226 1674 1309 1700 deseri
1323 1677 1409 1707 potest
1422 1683 1555 1709 nunquam
1570 1685 1633 1704 vera
1646 1679 1701 1705 fuit.

1012 1732 1126 1764 Contra
1142 1744 1148 1763 :
1162 1733 1346 1765 Secundum
1356 1735 1416 1766 hoc
1430 1735 1567 1774 videtur,
1581 1738 1667 1778 quod
1683 1739 1747 1770 im-

971 1786 1165 1817 mutabilitas
1179 1787 1220 1817 sit
1235 1787 1273 1818 de
1287 1788 1419 1819 veritate
1431 1789 1593 1821 charitatis
1611 1802 1618 1822 :
1634 1800 1713 1832 ergo
1722 1792 1748 1824 si

970 1838 1067 1870 homo
1082 1839 1116 1870 in
1135 1840 1188 1870 via
1203 1849 1328 1880 semper
1343 1842 1504 1873 mutabilis
1518 1846 1565 1874 est
1580 1853 1599 1875 a
1613 1845 1698 1876 malo
1712 1844 1752 1876 in'

970 1893 1108 1930 bonum,
1140 1895 1170 1923 et
1201 1903 1219 1923 a
1240 1894 1324 1924 bono
1353 1894 1386 1924 in
1401 1895 1522 1925 malum
1553 1898 1591 1935 (a)
1622 1898 1748 1929 videtur

971 1945 1056 1984 quod
1081 1954 1247 1985 nunquam
1273 1946 1389 1978 habeat
1413 1957 1522 1980 veram
1547 1949 1744 1982 charitatem.

971 1997 1004 2028 Si
1022 1997 1107 2029 dicas
1124 1999 1209 2037 quod
1231 1998 1381 2038 Magister
1400 2001 1475 2033 dicit
1492 2002 1637 2042 inferius,
1661 2006 1746 2044 quod

970 2050 1087 2081 veritas
1108 2051 1161 2082 illa
1184 2061 1249 2083 non
1278 2053 1413 2084 refertur
1441 2055 1480 2086 ad
1504 2055 1665 2088 charitatis
1696 2067 1745 2088 es-

970 2105 1121 2143 sentiam,
1142 2106 1196 2136 sed
1219 2106 1258 2137 ad
1280 2107 1349 2146 ejus
1373 2108 1566 2149 efficaciam,
1590 2110 1650 2142 hoc
1680 2121 1744 2142 non

970 2157 1063 2188 solvit
1084 2168 1090 2188 :
1116 2158 1277 2197 Primum,
1305 2161 1380 2200 quia
1403 2162 1495 2193 multi
1523 2163 1660 2195 viatores
1686 2165 1744 2195 ha-

969 2210 1044 2241 bent
1064 2211 1265 2251 charitatem,
1288 2222 1360 2253 quae
1379 2215 1522 2254 perducit
1541 2225 1594 2247 eos
1621 2218 1659 2249 ad
1687 2227 1740 2249 ve-

970 2273 1039 2294 ram
1062 2265 1309 2305 beatitudinem,
1330 2269 1360 2298 et
1374 2269 1482 2299 tamen
1502 2271 1656 2310 quamdiu
1677 2271 1742 2302 via-

968 2319 1052 2349 tores
1076 2321 1160 2357 sunt,
1188 2322 1322 2359 possunt
1344 2321 1530 2354 charitatem
1559 2323 1704 2356 deserere
1732 2337 1738 2356 :

969 2379 1046 2410 ergo
1060 2372 1118 2402 ista
1133 2372 1196 2403 duo
1211 2376 1343 2412 possunt
1352 2375 1448 2406 simul
1462 2377 1555 2414 stare,
1573 2377 1659 2417 quod
1670 2377 1743 2409 eha-

968 2424 1044 2455 ritas
1057 2425 1154 2464 possit
1164 2425 1277 2464 deseri,
1290 2429 1320 2457 ot
1341 2427 1426 2468 quod
1443 2429 1537 2459 fuerit
1556 2438 1643 2460 vera.
1664 2429 1741 2461 Item

967 2477 1104 2509 charitas
1118 2479 1190 2517 viae,
1207 2482 1237 2510 et
1250 2481 1372 2520 patriae,
1390 2483 1466 2512 sunt
1479 2482 1576 2513 unius
1586 2482 1740 2515 rationis:

968 2539 1047 2570 ergo
1068 2531 1094 2561 si
1114 2531 1152 2563 de
1166 2532 1299 2564 veritate
1320 2534 1482 2565 charitatis
1503 2535 1614 2574 patriae
1637 2539 1684 2567 est
1707 2539 1743 2568 ut

968 2583 1007 2614 sit
1016 2584 1235 2625 immutabilis,
1251 2587 1378 2618 videtur
1388 2587 1534 2619 similiter
1552 2589 1638 2629 quod
1650 2590 1691 2621 sit
1704 2590 1742 2622 de

968 2638 1101 2668 veritate
1115 2639 1279 2671 charitatis
1289 2641 1362 2671 viae.
1377 2640 1415 2671 Et
1428 2641 1472 2672 sic
1485 2641 1613 2673 videtur
1624 2643 1743 2684 simpli-

967 2691 1044 2721 citer
1055 2692 1171 2722 sentire
1182 2692 1385 2732 Augustinus
1397 2697 1417 2732 ²,
1426 2695 1509 2734 quod
1520 2695 1657 2726 charitas
1666 2705 1743 2728 vera

1769 726 1863 747 Christus

1764 757 1861 778 ordinem

1763 789 1871 811 charitatis

1791 827 1843 846 prce·

1764 847 1869 878 {criptum

1764 883 1870 904 habuerit.
