2017 2948
672 196 768 227 DlST.
792 196 894 227 XXXI.
920 196 1009 227 ART.
1036 196 1072 227 ΙΙ.
1095 196 1244 234 QUAEST.
1267 198 1304 227 II.
1740 202 1775 230 17

180 257 233 294 tur
246 264 410 301 evacuari,
426 263 451 293 si
472 263 576 293 solum
587 263 672 303 quod
687 265 732 293 θεῖ
747 263 951 302 imperfectio—

180 316 230 345 nis
255 317 415 347 tolleretur
439 316 479 346 ab
501 316 588 355 ipsa,
613 316 666 346 illo
687 316 774 346 salvo
797 315 881 355 quod
905 317 951 345 est

180 372 376 411 perfectionis
386 374 415 402 et
426 372 657 412 complementi‚
671 372 751 401 sicut
765 374 860 410 patet,
877 371 952 410 quia

180 425 316 455 liberum
331 425 497 455 arbitrium
512 426 544 455 in
558 425 658 464 patria
672 433 734 454 non
751 424 864 454 dicitur
876 433 951 454 eva—

180 478 266 508 cuari
281 478 313 508 in
328 478 444 517 gloria,
463 478 610 518 quamvis
631 477 758 507 tollatur
774 477 831 507 sibi
855 477 952 507 verti-

180 529 303 567 bilitas;
321 533 351 560 et
365 530 434 567 hoc,
452 531 526 570 quia
540 531 726 561 vertibilitas
741 530 844 569 potius
863 540 950 569 spec-

180 585 225 612 tat
238 582 278 613 ad
291 582 382 612 liberi
395 583 514 612 arbitrii
530 583 696 620 defectum,
713 592 809 622 quam
821 582 857 612 ad
871 592 953 613 con]-

181 635 377 675 plementum
394 646 401 665 x
419 635 445 664 si
466 635 509 665 sic
530 635 629 674 igitur
649 635 794 675 possibile
819 638 898 666 esset
920 636 952 665 in

183 688 340 728 proposito
369 688 518 728 reperiri,
546 697 713 728 nunquam
740 689 867 719 deberet
894 689 952 719 dici

97 753 140 774 imo
161 770 166 776 ,
182 742 330 772 evacuari
344 743 471 781 propter
488 742 661 772 adventum
678 742 799 781 gloriae.
826 741 863 772 Et
884 751 951 781 pro

181 796 286 833 pterea
297 795 475 825 communis
487 795 598 825 modus
613 795 736 825 dicendi
751 797 807 831 est,
824 797 854 825 et
868 795 954 825 hunc

180 846 286 877 innuit
300 847 365 886 ipsa
381 846 488 878 Glossa
501 871 508 884 ‚
524 847 609 888 quod
629 848 756 878 habitus
774 848 872 886 ipsius
888 848 954 886 spei

179 900 364 939 simpliciter
385 903 560 931 evacuatur
576 900 609 930 in
626 900 739 939 gloria,
758 903 787 931 et
800 901 828 931 ei
846 910 954 931 succe-

179 952 224 983 dit
245 953 372 983 habitus
394 962 508 984 novus.
525 953 563 983 Et
584 954 663 984 ratio
686 954 784 993 huJus
803 955 860 991 est,
879 954 954 993 quia

179 1006 307 1037 habitus
324 1006 388 1046 spei
406 1006 549 1036 habilitat
564 1006 602 1037 ad
617 1006 838 1037 confidendum
859 1009 888 1036 et
904 1007 952 1036 iu-

180 1058 346 1089 nitendum
367 1059 429 1089 Deo
444 1068 517 1089 cum
533 1059 670 1098 quadam
687 1059 901 1099 protensione,
924 1062 955 1089 et

180 1113 346 1149 erectione,
363 1115 392 1142 et
408 1112 633 1152 expectatione.
648 1112 683 1143 Et
695 1112 845 1152 quoniam
858 1113 954 1143 statui

181 1165 293 1203 gloriae
302 1168 458 1204 repugnat
469 1166 642 1205 expectatio
651 1165 864 1196 substantialis
872 1175 952 1205 prae-

180 1217 252 1255 mii,
276 1220 306 1248 et
325 1218 483 1257 protensio
496 1243 503 1256 ,
521 1221 551 1249 et
564 1219 616 1249 illa
631 1219 746 1249 erectio
760 1221 789 1249 et
804 1218 948 1256 inhiatio,

180 1281 253 1302 cum
278 1272 322 1302 1111
337 1272 466 1303 affectus
480 1273 609 1303 omnino
621 1273 796 1312 quietetur;
815 1273 889 1303 hinc
905 1274 950 1303 est

179 1325 261 1365 quod
278 1325 404 1356 habitus
414 1326 514 1366 ipsius
528 1327 593 1365 spei
607 1326 789 1366 simpliciter
805 1326 952 1357 evacuari

179 1378 303 1416 dicitur,
319 1379 495 1409 secundum
513 1380 595 1419 quod
611 1387 682 1419 spes
702 1380 846 1410 nominat
865 1379 953 1409 habi-

179 1433 250 1460 tuin
265 1431 392 1461 virtutis
406 1432 604 1471 theologicae,
621 1432 673 1471 qui
690 1432 832 1462 habilitat
851 1432 952 1471 ipsam

179 1484 319 1514 animam
341 1484 380 1514 ad
402 1485 632 1524 expectandum
648 1485 852 1516 substantiale
867 1494 952 1525 prae-

179 1538 293 1568 mium.
315 1537 353 1568 Et
373 1538 581 1569 concedendae
604 1541 677 1569 sunt
700 1538 857 1576 rationes,
878 1547 952 1577 quae

178 1591 238 1622 hoc
252 1592 433 1622 ostendunt.

220 1648 248 1674 1.
265 1644 312 1676 Ad
328 1645 406 1676 illud
428 1654 505 1676 vero
527 1645 611 1685 quod
633 1645 737 1685 primo
754 1645 901 1685 objicitur
918 1646 950 1676 in

179 1698 384 1736 contrarium,
401 1698 485 1738 quod
500 1707 570 1737 spes
582 1698 747 1728 beatorum
761 1701 806 1728 est
819 1698 951 1729 immor-

178 1751 297 1782 talitate
313 1751 416 1791 plena,
433 1752 603 1783 dicendum
619 1752 702 1792 quod
713 1761 783 1792 spes
798 1753 839 1783 ibi
854 1753 951 1783 sumi-

179 1806 231 1835 tur
254 1814 311 1844 pro
342 1814 375 1835 re
401 1808 534 1845 sperata.
558 1805 596 1836 Et
619 1805 644 1835 si
668 1805 836 1845 objiciatur
867 1806 951 1845 quod

179 1857 319 1888 Christus
334 1860 405 1888 actu
419 1858 567 1897 speravit,
584 1859 760 1889 secundum
776 1859 854 1889 illud
869 1858 951 1889 Psal-

181 1911 363 1949 mi121nte,
379 1912 519 1950 Domine,
535 1912 672 1951 speravi,
688 1912 854 1942 dicendum
866 1912 950 1951 quod

179 1964 256 1995 illud
270 1965 457 2004 intelligitur
469 1965 506 1995 de
519 1965 640 1995 Christo
654 1965 705 1995 vel
720 1965 840 1995 ratione
854 1974 950 1995 mem-

178 2017 311 2047 brorum
324 2041 332 2054 ,
357 2017 407 2047 vel
429 2018 608 2048 extenditur
623 2018 665 2048 ibi
686 2026 803 2048 nomen
825 2018 891 2057 spei
910 2018 949 2048 ad

176 2071 426 2110 expectationem
450 2073 679 2112 cuiuscumque
700 2071 842 2102 beneficii
862 2071 949 2111 spiri-

176 2124 279 2154 tualis.

219 2179 248 2207 2.
256 2178 304 2208 Ad
315 2177 390 2209 illud
399 2178 482 2217 quod
493 2178 651 2218 oincitur,
659 2178 803 2218 quodubi
812 2180 857 2209 est
865 2187 945 2218 spes,

179 2230 222 2260 ibi
232 2233 276 2261 est
285 2231 663 2268 desiderium,dicendum
674 2232 757 2271 quod
773 2234 819 2262 est
832 2232 949 2263 deside-

178 2283 265 2313 rium
294 2284 331 2314 de
346 2284 556 2324 acquirendo.
578 2288 608 2315 et
635 2287 681 2315 est
697 2285 887 2316 desiderium
910 2286 947 2317 de

179 2337 392 2367 continuando
408 2347 415 2367 :
436 2337 491 2368 ubi
511 2342 558 2368 est
578 2338 768 2368 desiderium
783 2338 821 2368 de
839 2339 947 2378 acqui-

178 2389 287 2425 rendo,
304 2389 346 2419 ibi
361 2389 441 2420 bene
464 2392 564 2429 potest
582 2399 647 2420 esse
662 2399 750 2430 spes;
766 2390 818 2421 sed
834 2391 887 2421 ubi
901 2393 948 2422 est

178 2442 369 2473 desiderium
387 2442 424 2472 de
445 2443 658 2474 continuando
675 2444 795 2474 bonum
807 2445 874 2483 jam
886 2445 946 2475 ha-

179 2495 291 2532 bitum,
308 2504 377 2535 spes
392 2504 456 2525 non
470 2498 526 2533 est,
544 2497 619 2535 quia
634 2506 698 2527 non
714 2499 760 2527 est
775 2497 816 2527 ibi
833 2507 945 2537 expec-

177 2549 252 2578 tatio
266 2557 330 2578 non
346 2547 447 2578 habiti
463 2558 471 2578 :
488 2551 518 2578 et
537 2549 580 2579 sic
602 2552 647 2579 est
668 2550 700 2579 in
715 2550 815 2589 patria
830 2559 946 2590 ponere

177 2596 367 2628 desiderium
378 2619 388 2635 ,
404 2606 467 2627 non
484 2606 540 2637 per
553 2597 693 2637 aliquam
711 2598 945 2630 anhelationem

210 2659 216 2675 ¹
232 2658 297 2682 Μαί.
314 2664 375 2689 xxx,
390 2661 412 2683 2.
425 2672 454 2676 -—
465 2659 568 2688 ¹1¹1·111·.,
584 2666 640 2687 xlii,
662 2661 695 2683 ¹2.

342 2712 415 2734 Tou.
438 2712 470 2734 V.

1006 263 1044 293 ad
1071 263 1276 294 obtinendum
1302 272 1367 294 non
1392 263 1555 302 habiturn,
1575 264 1629 295 sed
1651 267 1778 305 propter

1006 315 1290 355 infatigabilitatem
1305 318 1335 346 et
1345 316 1588 347 indeficientiam
1602 317 1778 348 delectatio-

1006 368 1065 405 nis,
1081 378 1153 408 quae
1171 370 1257 399 nullo
1273 369 1366 400 modo
1381 369 1462 409 parit
1474 369 1518 399 ibi
1534 370 1702 401 fastidium.

1052 424 1080 452 3.
1103 422 1150 452 Ad
1171 422 1247 452 illud
1269 423 1354 462 quod
1375 423 1544 462 objicitur,
1561 423 1646 462 quod
1663 424 1778 454 animae

1008 479 1106 508 beatae
1130 477 1296 516 expectant
1319 475 1431 505 stolam.
1461 475 1648 514 secundam,
1674 476 1778 507 dicen-

1007 531 1083 561 dum
1097 529 1179 569 quod
1197 529 1229 559 in
1244 529 1365 558 ratione
1378 528 1431 558 illa
1445 530 1490 559 est
1500 528 1617 567 duplex
1629 528 1777 559 defectus,

1009 583 1137 613 Primus
1153 582 1290 612 defectus
1306 583 1369 617 est,
1386 581 1462 620 quia
1484 590 1548 611 non
1568 590 1780 621 quaecumque

1008 635 1181 675 expectatio
1195 634 1284 674 ponit
1298 634 1448 664 virtutem
1463 634 1528 673 spei
1539 658 1547 672 ,
1566 634 1620 664 sed
1634 636 1780 674 expecta-

1008 689 1051 719 tio
1060 697 1194 719 summae
1208 687 1420 725 beatitudinis,
1437 687 1502 718 sive
1515 687 1634 717 summi
1649 687 1736 724 boni,
1751 688 1781 717 et

1008 742 1126 772 summi
1140 741 1231 772 ardui
1253 740 1449 780 assequendi.
1471 739 1627 770 Praeterea
1646 749 1711 770 non
1726 749 1782 770 ex-

1009 796 1132 834 pectant
1148 793 1369 824 certitudinem
1387 793 1473 832 spei,
1490 793 1543 823 sed
1561 793 1781 823 certitudinem

1009 847 1307 886 comprehensionis,
1328 855 1402 886 quae
1424 855 1488 876 non
1504 846 1594 885 ponit
1608 846 1781 885 protensio-

1009 909 1092 937 nem,
1110 909 1167 930 nee
1181 899 1399 936 inhiationem,
1411 899 1449 929 ad
1461 899 1695 938 assequendum
1706 899 1781 929 illud

1009 953 1092 992 quod
1114 955 1315 993 expectatur;
1334 952 1474 992 alioquin
1499 961 1540 982 ex
1564 961 1620 982 sua
1635 952 1781 982 dilatione

1008 1006 1165 1045 affligeret
1183 1008 1420 1046 expectantem,
1433 1006 1527 1045 juxta
1542 1005 1619 1035 illud
1634 1005 1719 1044 quod
1734 1005 1780 1035 di-

1008 1060 1089 1089 citur
1120 1059 1153 1089 in
1182 1059 1359 1090 Proverbiis
1373 1059 1383 1074 ²
1402 1057 1505 1097 :Spes
1529 1065 1599 1097 quoe
1622 1057 1781 1097 differtur,

1008 1113 1132 1152 aflliqic
1146 1114 1290 1144 animam
1305 1122 1315 1143 .·
1329 1112 1388 1142 1100
1402 1114 1510 1142 autem
1524 1111 1612 1142 nullo
1627 1110 1720 1141 modo
1737 1112 1783 1141 est

1009 1175 1125 1205 ponere
1139 1166 1222 1196 circa
1234 1166 1358 1196 beatam
1373 1165 1524 1195 animam.

1048 1222 1077 1250 4.
1103 1219 1152 1250 Ad
1175 1219 1253 1250 illud
1275 1219 1359 1259 quod
1374 1218 1520 1258 objicitur
1531 1241 1539 1256 ,
1560 1216 1643 1257 quod
1657 1217 1737 1247 sicut
1750 1225 1783 1247 se

1008 1272 1102 1303 habet
1116 1281 1186 1312 spes
1202 1273 1241 1302 ad
1257 1272 1374 1309 beatOS,
1396 1271 1440 1301 sic
1455 1269 1628 1310 desperatio
1642 1269 1681 1300 ad
1696 1269 1782 1299 dam-

1008 1327 1098 1356 natos
1110 1349 1117 1362 ,
1133 1325 1301 1356 dicendum
1326 1324 1410 1364 quod
1435 1332 1499 1354 non
1513 1325 1559 1354 est
1573 1322 1691 1360 simile,
1707 1322 1783 1362 quia

1008 1378 1182 1417 desperatio
1201 1377 1274 1408 facit
1293 1377 1331 1407 ad
1347 1376 1513 1407 cumulum
1530 1375 1604 1406 mali
1621 1385 1628 1406 :
1645 1375 1699 1405 sed
1713 1383 1783 1414 spes

1008 1431 1045 1461 de
1060 1440 1117 1461 sua
1133 1431 1253 1461 ratione
1265 1430 1495 1470 oppositionem
1510 1429 1604 1459 habet
1615 1437 1687 1458 cum
1701 1437 1772 1458 suin

1008 1493 1060 1514 ma
1076 1484 1282 1523 completione
1304 1482 1379 1513 boni
1391 1506 1399 1520 ,
1416 1482 1492 1522 quia
1512 1481 1588 1512 dicit
1607 1481 1781 1511 absentiam

1007 1537 1082 1567 boni
1095 1536 1258 1576 expectati.
1277 1535 1315 1566 Et
1329 1535 1400 1566 ideo
1412 1544 1477 1565 non
1492 1535 1535 1564 sic
1547 1543 1579 1564 se
1594 1533 1783 1573 compatitur

1007 1598 1080 1620 cum
1095 1598 1221 1619 summa
1236 1588 1429 1619 beatitudine
1450 1587 1581 1618 habitus
1600 1586 1678 1626 spei,
1702 1586 1783 1617 sicut

1006 1641 1181 1681 desperatio
1199 1650 1273 1672 cum
1286 1642 1429 1671 extrema
1439 1639 1627 1670 calamitate.

1047 1698 1074 1725 5.
1091 1694 1139 1725 Ad
1154 1694 1231 1724 illud
1242 1693 1327 1733 quod
1337 1692 1495 1732 objicitur,
1517 1692 1602 1732 quod
1616 1694 1703 1722 actus
1716 1691 1782 1731 spei

1006 1751 1052 1779 est
1073 1748 1230 1779 confidere
1246 1747 1278 1777 in
1293 1746 1437 1784 Domino,
1453 1747 1484 1776 et
1498 1745 1599 1776 eidem
1616 1745 1717 1782 inniti,
1733 1745 1780 1775 di-

1006 1800 1142 1832 cendum
1163 1801 1247 1840 quod
1271 1809 1336 1831 non
1357 1807 1570 1839 quaecumque
1592 1797 1780 1828 confidentia

1005 1856 1050 1885 est
1070 1856 1158 1884 actus
1176 1854 1254 1894 spei,
1275 1853 1329 1884 sed
1343 1862 1380 1884 ea
1402 1861 1475 1892 quae
1491 1853 1537 1882 θεῖ
1551 1860 1626 1881 cum
1642 1851 1779 1890 quadam

1006 1908 1216 1946 protensione,
1231 1909 1262 1937 et
1277 1906 1460 1943 inhiatione,
1478 1907 1508 1935 et
1522 1904 1689 1941 erectione,
1705 1911 1778 1943 quae

1004 1960 1111 1989 omnia
1134 1958 1400 1998 incompossibilia
1425 1960 1499 1988 sunt
1521 1956 1615 1987 statui
1638 1956 1774 1995 gloriae:

1005 2015 1035 2043 et
1049 2012 1129 2050 ideo,
1140 2011 1289 2052 quamvis
1303 2012 1336 2041 in
1354 2010 1456 2050 gloria
1471 2010 1511 2041 sit
1523 2010 1670 2050 quaedam
1679 2009 1779 2040 confi—

1004 2066 1119 2103 dentia,
1137 2074 1202 2096 non
1221 2067 1327 2095 tamen
1343 2064 1487 2103 sequitur
1501 2062 1586 2102 quod
1600 2062 1644 2093 ibi
1660 2062 1698 2092 sit
1710 2062 1777 2093 vir-

1004 2122 1054 2150 tus
1074 2119 1156 2159 spei,
1173 2118 1248 2158 quia
1266 2119 1312 2148 est
1326 2117 1454 2147 alterius
1474 2116 1611 2153 habituS,
1628 2116 1659 2146 et
1673 2114 1777 2146 excel-

1003 2173 1156 2210 lautioris,
1172 2172 1316 2203 videlicet
1328 2163 1408 2202 dotis
1422 2169 1617 2201 succedentis
1635 2169 1694 2209 ipsi
1708 2168 1774 2199 vir-

1003 2227 1062 2257 tuti
1076 2226 1152 2265 spei.

1043 2285 1071 2311 6.
1086 2279 1134 2311 Ad
1148 2279 1225 2309 illud
1240 2278 1323 2318 quod
1339 2277 1496 2316 objicitur,
1513 2275 1598 2316 quod
1613 2275 1656 2305 ibi
1670 2276 1774 2307 salva-

1002 2337 1055 2365 tur
1083 2332 1276 2372 expectatio,
1296 2334 1326 2362 et
1344 2331 1583 2361 consummatur
1607 2328 1771 2365 certitudo,

1002 2386 1171 2418 dicendum
1194 2385 1280 2424 quod
1303 2393 1367 2414 non
1390 2385 1437 2414 est
1456 2382 1499 2413 ibi
1513 2381 1687 2422 expectatio
1700 2390 1772 2421 pro-

1003 2440 1081 2480 prie,
1099 2439 1173 2478 quia
1193 2438 1273 2468 nihil
1292 2445 1413 2468 novum
1430 2437 1568 2475 augetur
1582 2434 1691 2472 beatis,
1708 2443 1770 2465 res-

1002 2495 1094 2532 pectu
1108 2493 1198 2531 cujus
1213 2491 1252 2521 sit
1272 2489 1445 2530 expectatio
1464 2488 1497 2518 in
1521 2488 1575 2518 eis.
1602 2487 1768 2525 Praeterea,

1002 2545 1155 2577 certitudo
1170 2545 1229 2575 ista
1242 2553 1306 2574 non
1320 2542 1505 2581 completur,
1515 2540 1568 2571 sed
1576 2540 1619 2571 ibi
1629 2541 1674 2571 est
1685 2540 1770 2570 aliud

1001 2608 1104 2638 genus
1131 2597 1326 2629 certitudinis
1342 2606 1349 2626 2
1366 2596 1424 2625 ista
1445 2594 1529 2624 enim
1559 2595 1605 2623 θεῖ
1636 2601 1676 2624 ex
1702 2602 1771 2632 pro-

1003 2653 1168 2689 missione,
1189 2652 1242 2681 illa
1256 2659 1332 2681 vero
1346 2650 1392 2678 est
1404 2657 1442 2678 cx
1464 2647 1508 2677 rei
1518 2646 1726 2683 exhibitione,
1741 2648 1772 2676 et

1594 2702 1612 2729 2
