2017 2948
714 127 899 159 DISTINCT.
921 126 1000 159 xvi.
1023 127 1125 158 PARS
1146 127 1184 160 II.
1682 131 1741 161 643

162 196 259 229 missa
273 195 367 229 nobis
386 195 421 228 in
438 195 599 240 baptismo
623 206 688 228 non
713 195 920 237 dubitamus;
937 194 991 228 sed
1015 194 1073 228 illa
1099 205 1171 239 quae
1199 194 1350 230 humanae
1378 196 1564 240 fragilitati,
1590 198 1741 242 quamvis

162 265 262 298 parva
275 279 283 295 ‚
301 257 409 286 tamen
423 253 535 286 crebra
549 252 730 297 subrepunt
746 264 753 285 z
771 264 843 297 quae
859 253 885 285 si
905 252 1038 286 collecta
1056 256 1170 286 contra
1191 264 1251 286 nos
1266 252 1387 286 fuerint
1400 280 1408 296 ‚
1425 255 1470 287 ita
1486 266 1543 288 nos
1558 255 1743 298 gravabunt

162 315 193 344 et
207 311 408 356 oppriment,
424 311 507 343 sicut
529 322 634 343 unum
659 310 792 354 aliquod
817 310 940 353 grande
965 315 1144 354 peccatum.
1168 310 1256 349 Quid
1280 311 1367 344 enim
1391 312 1524 345 interest
1548 312 1589 345 ad
1612 313 1744 346 naufra-

163 369 275 412 gium,
293 380 332 401 an
349 380 416 401 uno
431 368 547 412 grandi
568 368 670 400 fluctu
685 368 778 400 navis
793 368 957 411 operiatur
972 371 1003 400 et
1024 368 1201 408 obruatur,
1220 379 1261 401 an
1282 368 1440 412 paulatim
1464 370 1641 415 subrepens
1660 382 1746 415 aqua

164 426 196 458 in
212 427 372 459 sentinam
388 437 444 470 per
458 425 695 469 negligentium
710 425 840 469 culpam
856 425 991 469 impleat
1004 426 1115 459 navim
1131 452 1138 468 ‚
1156 429 1187 458 et
1201 426 1453 470 submergatur?
1468 427 1543 460 Ideo
1555 428 1720 472 jejunium
1735 454 1743 470 ‚

164 489 194 516 et
210 484 423 528 eleemosynae
436 509 445 525 ,
462 487 492 517 et
506 483 666 517 orationes
682 483 855 526 invigilent
873 495 879 515 ε
897 483 930 515 in
945 483 1065 527 quibus
1086 495 1161 516 cum
1177 483 1316 517 dicimus
1332 496 1342 516 .·
1364 484 1497 518 Dimitte
1522 485 1615 518 nobis
1638 485 1747 519 debita

165 545 293 583 nostra,
318 545 377 573 etc.
403 541 648 574 manifestamus
670 552 728 573 nos
752 540 870 573 habere
893 540 980 585 quod
1004 541 1098 573 nobis
1121 541 1305 575 dimittatur
1326 554 1332 574 ε
1351 546 1382 574 et
1396 542 1431 575 in
1446 542 1496 575 his
1513 542 1621 576 verbis
1639 542 1749 576 humi-

164 598 281 631 liantes
295 599 421 632 animas
436 603 562 632 nostras
576 625 584 641 ‚
600 599 826 643 quotidianam
843 609 938 641 agere
952 599 1174 643 poenitentiam
1189 610 1255 632 non
1270 610 1441 633 cessamus.

208 657 287 697 Quae
303 661 410 690 autem
432 669 489 701 pro
505 657 688 690 venialibus
703 657 744 689 sit
758 657 931 690 satisfactio
946 656 1125 698 sufficiens,
1143 657 1338 700 augustinus
1359 658 1516 700 insinuat,
1535 658 1580 691 ita
1597 659 1750 703 inquiens
1771 674 1800 695 ne
1818 674 1875 694 san..

166 715 199 747 in
223 714 419 747 Eizclzii’idio
438 720 471 747 ⁵:
494 715 570 747 «De
593 714 791 759 quotidianis
815 718 845 747 et
870 714 1042 755 brevibus,
1067 714 1260 758 levibusque
1284 716 1437 759 peccatis,
1456 716 1524 748 sine
1539 716 1660 760 quibus
1682 716 1751 749 haec
1775 705 1864 757 seme

166 772 233 804 vita
247 783 314 805 nou
329 772 478 811 ducitur,
500 772 692 816 quotidiana
707 772 809 805 oratio
828 771 976 804 fidelium
993 771 1156 804 satisfacit.
1175 772 1298 805 Eorum
1314 773 1401 805 enim
1416 777 1464 806 est
1485 773 1589 806 dicere
1603 777 1613 793 ¹
1628 786 1634 805 :
1651 774 1752 807 Pater
1794 769 1852 789 “um'

167 836 275 862 noster
290 856 298 871 ,
324 831 379 874 qui
402 841 433 863 es
455 830 490 862 in
515 830 618 869 coelis,
646 834 705 862 etc.
732 830 824 862 Delet
839 829 972 862 omnino
987 829 1054 862 haec
1069 830 1171 862 oratio
1187 829 1344 871 minima,
1362 834 1393 863 et
1407 830 1596 874 quotidiana
1610 835 1749 876 peccata.

168 886 259 919 Delet
277 891 308 920 et
324 887 380 920 illa
392 913 400 928 ,
417 900 435 920 a
449 888 569 932 quibus
582 888 649 920 vita
667 887 814 920 fidelium
843 887 940 920 etiam
969 887 1121 919 scelerate
1149 891 1258 929 gesta,
1275 888 1329 920 sed
1359 888 1545 930 poenitendo
1574 888 1608 921 in
1637 889 1754 922 melius

167 948 366 977 commutata
381 945 536 987 discedit;
554 949 590 977 ut
605 945 688 977 sicut
711 945 868 977 veraciter
887 944 1007 977 dicitur
1027 957 1033 976 ι
1051 944 1192 976 Dimitte
1205 944 1297 977 nobis
1311 943 1421 977 debita
1441 952 1554 978 nostra
1566 972 1575 986 ,
1596 946 1641 979 ita
1655 950 1686 979 et
1701 957 1755 979 ve-

171 1002 285 1034 raciter
300 1002 426 1035 dicatur
444 1015 451 1035 ι
470 1003 562 1035 Sicut
578 1009 607 1035 et
622 1014 679 1035 nos
695 1002 896 1035 dimittimus
913 1001 1110 1034 debitoribus
1125 1002 1264 1041 nostris,
1281 1001 1314 1034 id
1337 1005 1401 1043 est,
1418 1002 1463 1035 sic
1484 1002 1543 1035 fiat
1564 1003 1651 1047 quod
1676 1003 1755 1037 dici-

170 1064 223 1092 tur
241 1072 247 1092 :
266 1060 343 1104 quia
359 1065 389 1093 et
404 1061 473 1105 ipsa
487 1061 693 1104 eleemosyna
707 1064 754 1092 est
770 1059 899 1092 veniam
914 1059 1099 1103 petentibus
1113 1059 1247 1092 omnino
1263 1059 1439 1102 ignoscere.
1457 1073 1473 1092 »
1490 1060 1537 1093 Ex
1552 1060 1602 1094 his
1617 1057 1755 1106 aliisque

169 1117 344 1162 praemissis
355 1118 423 1161 jam
442 1117 533 1150 facile
548 1122 593 1149 est
609 1117 791 1160 intelligere
805 1143 813 1158 ‚
830 1128 902 1161 quae
916 1128 973 1160 pro
990 1117 1175 1149 venialibus
1189 1117 1230 1149 sit
1249 1117 1432 1150 exhibenda
1452 1118 1637 1151 satisfactio.
1655 1118 1756 1152 Suffi-

168 1175 211 1207 cit
225 1175 312 1208 enim
328 1175 490 1208 dominica
505 1175 608 1207 oratio
623 1185 698 1207 cum
711 1174 841 1218 jejunio
863 1178 894 1207 et
916 1174 1131 1218 eleemosynis
1145 1187 1153 1216 3
1169 1175 1214 1207 sic
1234 1179 1342 1208 tamen
1366 1179 1402 1208 ut
1424 1176 1583 1220 praecedat
1605 1177 1756 1210 contritio

169 1232 394 1276 aliquantula,
413 1236 444 1265 et
460 1232 600 1265 addatur
613 1232 788 1273 confessio,
804 1232 830 1264 si
846 1231 928 1264 adsit
942 1231 1078 1264 facultas
1092 1258 1100 1273 ‚
1116 1232 1155 1264 de
1170 1244 1235 1276 qua
1250 1232 1448 1266 confessione
1466 1237 1536 1277 post
1550 1234 1753 1268 tractabitur.

170 1289 234 1322 Pro
249 1290 456 1332 gravioribus
474 1301 549 1322 vero
565 1290 700 1334 peccatis
716 1289 782 1322 haec
795 1289 890 1321 etiam
908 1289 942 1321 111
957 1289 1168 1323 satisfactione
1190 1290 1375 1323 adhibenda
1397 1295 1493 1333 sunt,
1510 1291 1565 1324 sed
1580 1292 1685 1326 multo
1705 1303 1757 1326 vc-

171 1347 359 1380 hementius
386 1352 484 1392 atque
508 1347 704 1388 districtius3
730 1347 829 1391 quia,
855 1351 891 1379 ut
914 1348 959 1380 ait
987 1348 1234 1391 Augustinus³‚
1250 1348 1324 1381 «ad
1346 1349 1508 1391 agendum
1531 1349 1756 1393 poenitentiam

172 1416 237 1438 non
254 1405 375 1438 sufficit
397 1414 502 1438 mores
517 1405 551 1437 in
574 1405 691 1438 melius
712 1409 912 1438 commutare
925 1431 933 1446 ‚
951 1409 982 1438 et
999 1417 1017 1437 a
1034 1406 1126 1438 malis
1149 1406 1241 1439 factis
1264 1406 1412 1440 recedere
1424 1433 1432 1448 ,
1454 1407 1517 1440 nisi
1534 1407 1574 1441 de
1595 1408 1665 1451 his,
1681 1420 1755 1454 quae

172 1463 254 1496 facta
268 1467 344 1496 sunt
360 1488 368 1504 ‚
386 1462 558 1495 satisfaciat
580 1462 720 1495 Domino
740 1475 795 1506 per
820 1463 1018 1507 poenitentiae
1039 1464 1184 1497 dolorem
1198 1490 1206 1506 ,
1223 1476 1279 1509 per
1298 1464 1492 1499 humilitatis
1503 1466 1663 1510 gemitum
1676 1493 1685 1509 ,
1702 1478 1758 1512 per

67 2081 153 2102 Divisio.

170 1520 301 1554 contriti
316 1520 421 1553 cordis
442 1520 635 1553 sacrificium
646 1546 654 1562 ,
670 1521 918 1564 cooperantibus
932 1521 1155 1565 eleemosynis.
1175 1534 1190 1553 »

356 1649 559 1681 EXPOSITIO
580 1648 743 1680 TEXTUS.

198 1734 327 1759 Praedictis
341 1741 402 1758 vero
413 1726 583 1765 adjiciendum
594 1735 641 1762 est,
650 1733 718 1764 quod
731 1732 812 1757 trtbus
825 1732 907 1757 modis

421 1770 502 1800 agitur
516 1768 673 1800 poenitentia.

208 1850 311 1889 Supra
336 1849 402 1888 egit
427 1849 577 1887 Magister
602 1848 639 1878 de
666 1848 808 1888 partibus
834 1848 938 1888 poeni-

168 1903 274 1934 tentiae
289 1902 514 1942 integralibus;
537 1902 587 1932 hic
602 1901 670 1940 agit
687 1901 725 1931 de
741 1902 937 1941 subJectivis‚

168 1965 240 1996 quae
264 1958 338 1986 sunt
364 1956 556 1995 poenitentiae
580 1957 651 1986 aute
676 1955 885 1994 baptismum,
910 1957 940 1985 et

168 2011 237 2049 post
259 2008 467 2048 baptismum,
492 2009 530 2038 de
552 2008 753 2045 mortalibus,
775 2009 805 2038 et
826 2008 864 2038 de
885 2016 939 2038 ve-

170 2061 317 2092 nialibus,
341 2061 497 2092 Dividitur
512 2064 618 2093 autem
638 2061 707 2091 haec
726 2070 799 2100 pars
814 2061 846 2091 in
862 2061 940 2091 duas

170 2117 273 2154 partes
295 2125 301 2144 :
332 2115 364 2144 in
385 2115 487 2154 prima
510 2115 621 2146 dividit
644 2115 860 2155 poenitentiam
884 2123 940 2154 per

171 2168 388 2198 trimembrem
410 2168 637 2206 differentiam;
661 2168 693 2198 in
714 2168 850 2198 secunda
865 2176 940 2198 vero

170 2220 344 2260 specialiter
359 2221 452 2251 tradit
472 2221 603 2252 modum
624 2221 817 2260 poenitentiae
832 2221 870 2251 de
885 2231 938 2251 ve-

171 2274 318 2312 nialibus,
335 2274 376 2304 ibi
393 2285 399 2304 2
420 2276 493 2311 (luce
509 2278 616 2306 autem
630 2283 687 2314 pro
702 2275 881 2306 venialibus
895 2275 941 2307 sic

171 2327 352 2365 satisfactio
368 2328 546 2366 sufficiens.
571 2327 679 2358 Prima
698 2337 771 2368 pars
790 2328 939 2359 (1111151111-

172 2380 223 2411 bct
239 2389 246 2410 :
264 2380 297 2410 111
313 2380 415 2420 prima
433 2381 519 2420 ponit
533 2381 735 2417 divisioncm3
758 2381 790 2410 111
805 2381 941 2412 secunda

172 2434 338 2465 confirmat
359 2443 414 2474 per
435 2434 650 2471 auctoritates,
677 2434 719 2464 ibi
736 2443 743 2464 :
765 2433 853 2465 Unde
871 2435 940 2465 Au-

172 2488 320 2527 auscinus
341 2498 352 2518 .·
377 2487 449 2520 Tres
473 2491 547 2520 sum
572 2489 708 2520 acciones
732 2489 938 2527 poem'tentz‘oe.

205 2569 211 2582 ¹
227 2569 302 2600 Aug„
317 2568 447 2599 Enclu'ritl,
457 2574 563 2599 c.1.xx1,
575 2570 682 2592 u.19.—
693 2568 701 2582 ²
715 2568 816 2598 Matth.,
831 2575 864 2598 vi,
879 2570 940 2593 9.-

176 2604 183 2617 ⁸
197 2603 277 2627 Serm.
291 2610 374 2635 eccm,
388 2611 410 2628 c.
427 2610 452 2635 v,
469 2611 494 2629 n.
508 2607 544 2629 12.

994 1636 1144 1667 Similiter
1158 1637 1295 1668 secunda
1309 1646 1382 1677 pars
1399 1638 1551 1670 dividitur
1565 1639 1599 1671 in
1612 1640 1691 1672 duas
1707 1650 1714 1673 ε
1730 1643 1763 1673 111

994 1689 1098 1728 prima
1121 1690 1262 1729 assignat
1283 1691 1475 1723 sufficienter
1498 1693 1740 1726 satisfactionem
1753 1706 1760 1733 ;

994 1743 1026 1772 in
1041 1743 1179 1773 secunda
1194 1751 1269 1773 vero
1285 1743 1437 1783 epilogat,
1454 1745 1497 1777 ibi
1512 1757 1520 1776 ι
1538 1746 1590 1778 13oe
1603 1746 1654 1780 Itis
1668 1747 1761 1780 aliis-

993 1804 1052 1835 que
1061 1796 1133 1835 jam
1145 1797 1333 1835 praemz'ssz's,
1348 1799 1407 1828 etc.

1321 1891 1389 1912 DUB.
1413 1892 1434 1913 1.

1172 1948 1236 1976 Quia
1249 1948 1329 1973 tribus
1343 1950 1426 1974 modis
1439 1950 1530 1983 agitur,
1544 1953 1592 1977 etc.

1035 2009 1194 2046 Quaeritur
1208 2010 1245 2041 de
1260 2010 1320 2041 hac
1338 2011 1452 2051 triplici
1471 2013 1665 2052 poenitentiae
1679 2014 1764 2046 divi-

994 2062 1090 2100 sione,
1104 2065 1213 2094 utrum
1228 2064 1267 2094 sit
1282 2065 1474 2104 poenitentiae
1490 2067 1626 2105 virtutis,
1646 2076 1686 2098 an
1702 2076 1766 2108 poe-

995 2116 1137 2147 nitentiae
1152 2118 1339 2148 sacramenti
1357 2130 1363 2149 :
1382 2119 1506 2150 videtur
1520 2120 1605 2160 quod
1619 2129 1684 2151 non
1698 2121 1763 2153 vir-

995 2170 1086 2207 tutis,
1108 2171 1184 2210 quia
1197 2171 1266 2201 haec
1279 2172 1414 2212 simplex
1428 2175 1490 2212 est,
1515 2176 1545 2205 et
1560 2175 1679 2215 species
1693 2184 1763 2215 spe-

995 2222 1174 2254 cialissima.
1193 2223 1286 2262 ltem,
1301 2226 1387 2265 quod
1399 2235 1456 2257 nec
1470 2228 1673 2268 sacramenti,
1689 2229 1764 2268 quia

996 2276 1201 2316 multiplicato
1225 2278 1399 2317 superiori,
1428 2280 1656 2321 multiplicatur
1682 2281 1763 2312 infe-

996 2329 1062 2359 rius
1075 2340 1082 2359 z
1095 2338 1174 2369 ergo
1189 2331 1364 2362 secundum
1378 2332 1439 2362 hoc
1452 2333 1589 2372 videtur,
1604 2333 1689 2374 quod
1703 2343 1765 2374 poe-

996 2382 1128 2413 nitentia
1138 2384 1312 2415 secundum
1324 2386 1386 2415 tres
1396 2385 1589 2418 differentias
1598 2387 1639 2418 sit
1651 2387 1764 2428 triplex

996 2438 1240 2468 sacramentum.
1253 2437 1409 2469 Praeterea
1420 2448 1514 2470 omne
1521 2442 1763 2479 sacramentum,

996 2490 1030 2518 ut
1043 2488 1117 2520 dicit
1130 2489 1330 2530 Ambrosius,
1348 2493 1394 2522 est
1405 2491 1550 2533 simplex.

1036 2541 1128 2582 Resp.
1142 2542 1315 2575 Dicendum
1334 2545 1418 2584 quod
1432 2545 1615 2585 poenitentia
1626 2555 1700 2587 quae
1718 2550 1766 2579 est

996 2598 1067 2626 ante
1083 2597 1286 2635 baptismum,
1302 2599 1350 2627 est
1364 2598 1550 2637 poenitentia
1563 2599 1680 2639 virtus,
1701 2609 1764 2632 non
