2017 2948
25 441 56 462 Ad
66 448 116 469 opp.

637 165 734 197 DIST.
759 165 864 197 XXXI.
889 165 978 196 ART.
1004 165 1056 195 Ill.
1079 164 1227 202 QUAEST.
1252 165 1272 195 l.
1708 166 1742 193 21

148 233 224 264 Cum
250 234 450 273 apparuerit,
466 232 584 264 similes
617 232 647 262 ei
669 232 799 263 erimus.
825 231 857 262 Si
872 241 918 262 er-

145 295 188 324 go
205 286 299 316 statui
321 286 431 324 gloriae
447 285 584 314 maxime
607 285 755 324 competit
770 285 916 324 perfectio

145 338 388 375 assimilationis,
407 337 533 368 videtur
547 337 628 376 quod
640 339 670 367 et
683 337 821 367 maxime
832 346 917 367 com-

146 393 230 430 petat
244 391 289 420 illi
304 390 398 420 statui
413 390 529 420 habere
542 389 686 420 habitum
701 389 872 419 charitatis.

186 443 245 474 Sed
262 445 369 473 contra
383 444 390 459 ¹
404 453 411 473 :
431 442 508 474 Cum
524 442 645 474 venerit
655 441 915 482 quodperfectmn

144 499 202 533 esc,
218 496 424 528 evacuabitur
438 495 524 535 quod
539 497 676 534 exparte
693 499 748 526 est.
768 494 847 525 Illud
859 504 915 525 au-

143 552 207 579 tem
225 551 271 580 est
297 558 337 579 ex
352 552 451 589 parte,
479 548 562 588 quod
591 550 637 578 est
666 548 885 587 imperfectum
906 559 912 579 z

142 602 195 632 sed
210 602 344 632 charitas
358 601 420 632 viae
435 603 482 632 est
505 601 697 640 imperfecta,
728 601 803 640 quia
827 601 914 640 iynis

143 658 187 687 est
203 656 239 686 in
253 656 347 693 Sion,
365 658 393 687 et
416 655 562 686 caminus
575 656 611 686 in
636 654 848 692 Hierusalem,
862 663 914 685 se-

141 708 282 739 cundum
296 708 381 748 quod
393 707 506 738 dicitur
520 708 552 738 in
576 708 665 739 Isaia
684 711 695 726 ¹
711 718 717 738 ε
735 717 812 746 ergo
826 707 912 738 vide-

141 765 194 793 tur
205 763 287 802 quod
303 763 429 793 habitus
444 763 605 793 charitatis
616 765 789 793 evacuetur
803 763 835 793 iu
855 772 913 802 pa-

142 815 211 845 tria.

182 869 211 898 2.
229 867 318 906 Item,
335 870 475 898 cessante
502 876 608 906 causa,
640 870 738 898 cessat
759 868 910 898 effectus:

143 929 220 959 ergo
244 923 396 951 evacuata
423 930 516 952 causa
529 945 536 958 ,
562 923 734 951 evacuatur
758 921 887 951 effectus
904 931 911 951 ι

143 975 197 1005 sed
213 975 288 1005 fides
301 978 433 1014 generat
447 984 553 1015 spem3
566 984 635 1015 spes
652 977 783 1014 generat
808 975 913 1005 chari-

142 1029 239 1058 tatem
256 1037 263 1057 :
280 1037 354 1058 cum
365 1028 463 1067 igitur
478 1029 510 1058 in
524 1028 625 1068 patria
635 1030 808 1059 evacuetur
823 1029 914 1059 habi-

143 1084 194 1111 tus
209 1081 280 1111 fidei
294 1083 324 1111 et
338 1081 415 1120 spei,
431 1083 467 1111 ut
482 1090 579 1121 supra
598 1084 760 1112 ostensum
775 1081 845 1119 fuit,
863 1082 913 1111 vi-

143 1133 235 1164 detur
249 1134 391 1165 similiter
401 1135 486 1173 quod
502 1136 674 1165 evacuetur
688 1134 815 1165 habitus
837 1134 911 1164 cha-

144 1186 254 1217 ritatis.

185 1242 213 1269 3.
231 1239 319 1278 Item,
335 1240 419 1279 quod
431 1239 555 1270 ordinat
566 1239 605 1270 ad
619 1240 758 1280 aliquem
771 1240 869 1271 finem
884 1242 914 1270 et

143 1292 327 1329 terminum,
344 1294 442 1323 cessat
456 1302 530 1323 cum
546 1296 735 1332 perventum
751 1295 797 1323 est
815 1293 854 1323 ad
876 1293 914 1322 il-

142 1345 229 1375 lum⁸
240 1356 246 1376 ε
259 1345 312 1376 sed
328 1345 462 1376 charitas
477 1348 522 1376 est
535 1346 659 1385 pondus
676 1346 831 1376 inclinans
841 1346 908 1376 ani-

144 1406 242 1434 mam,
271 1400 302 1428 et
314 1397 442 1429 elevans
454 1407 536 1436 eam,
567 1400 602 1428 ut
628 1398 734 1429 tendat
759 1407 887 1429 sursum
905 1409 911 1429 :

144 1459 217 1481 cum
231 1459 308 1490 ergo
322 1450 429 1481 anima
443 1460 572 1481 sursum
587 1460 644 1490 per
660 1451 798 1489 gloriam
819 1451 915 1481 suerit

144 1506 302 1544 collocata,
318 1506 445 1537 videtur
458 1506 542 1546 quod
553 1507 622 1545 Jam
637 1506 775 1546 amplius
784 1515 849 1537 non
862 1507 915 1537 ha-

143 1559 215 1590 beat
230 1559 390 1589 charitatis
404 1559 561 1589 habitum.

183 1615 213 1643 4.
226 1612 305 1643 Item
319 1614 437 1652 quanto
453 1613 554 1652 major
576 1614 622 1643 est
647 1612 726 1643 unio
740 1613 851 1644 animae
875 1613 913 1644 ad

144 1666 255 1704 Deum,
268 1667 355 1696 tanto
370 1665 476 1696 anima
496 1665 665 1705 perfectius
688 1665 885 1696 beatificatur
903 1677 910 1696 ε

144 1719 197 1750 sed
226 1719 329 1758 magis
354 1718 464 1749 unitur
478 1719 564 1758 quod
578 1719 689 1749 unitur
719 1719 911 1757 immediate,

144 1781 241 1812 quam
254 1771 337 1812 quod
349 1771 460 1802 unitur
474 1781 529 1811 per
538 1771 677 1802 medium
691 1782 697 1802 :
717 1781 794 1811 ergo
804 1772 829 1802 si
844 1772 912 1802 ani-

144 1834 197 1856 ma
212 1825 346 1865 perfecte
374 1824 571 1854 beatificatur
591 1825 623 1854 in
645 1824 757 1863 gloria,
787 1825 914 1856 videtur

143 1878 229 1918 quod
243 1878 325 1908 inter
339 1877 481 1908 animam
499 1879 530 1907 et
544 1877 644 1908 Deum
658 1887 724 1908 non
737 1879 776 1908 sit
795 1888 913 1918 ponere

144 1930 330 1960 charitatem
345 1930 481 1960 mediam
497 1941 504 1960 :
523 1930 649 1961 videtur
663 1940 743 1970 ergo
752 1932 837 1971 quod
852 1941 914 1962 ces-

144 1986 189 2014 set
203 1983 332 2014 habitus
347 1983 509 2013 charitatis
518 1984 762 2023 superveniente
773 1984 911 2023 comple-

143 2038 249 2067 mento
264 2036 475 2067 beatitudinis.

414 2137 637 2169 CONCLUSIO.

145 2209 295 2237 charitatis
314 2210 421 2237 habitus
443 2211 472 2236 in
493 2210 588 2244 patria
610 2217 662 2236 non
685 2211 844 2240 evacuatur,
871 2210 916 2237 sed

176 2254 266 2287 potius
276 2255 473 2281 consummatur
481 2261 531 2288 per
541 2254 669 2287 gloriam,
684 2261 742 2280 cum
757 2261 808 2280 non
820 2254 914 2281 habeat

179 2298 372 2331 oppositionem
386 2298 422 2324 acl
440 2298 519 2324 illam
540 2298 588 2332 (a),
605 2299 630 2324 et
648 2298 792 2331 conjanqat
811 2299 912 2332 firmis-

180 2343 244 2368 sime
256 2342 344 2376 primo
361 2342 443 2373 bono,
462 2344 487 2368 et
511 2343 547 2368 sit
561 2342 703 2377 dispositio
722 2350 776 2376 qua
795 2345 914 2376 gustetur

182 2385 288 2412 dulcedo
302 2387 472 2419 perfectionis
485 2388 598 2413 oeternoe.

188 2463 279 2503 Resp.
298 2464 337 2494 ad
353 2473 422 2502 arg.
434 2464 604 2496 Dicendum
620 2465 703 2505 quod
719 2465 838 2505 absque
853 2466 914 2496 du-

146 2517 199 2548 bio
221 2517 357 2547 charitas
379 2518 412 2547 in
437 2517 540 2557 patria
563 2526 627 2549 non
650 2520 834 2557 evacuatur,
861 2519 915 2550 sed

147 2571 400 2605 consummatur,
414 2569 589 2600 secundum
602 2569 686 2609 quod
701 2570 853 2610 expresse
867 2570 915 2601 di-

181 2631 214 2661 (a)
226 2631 286 2655 Coet.
300 2630 360 2654 edit.
371 2630 450 2655 illum.

973 231 1015 262 cit
1029 230 1208 270 Apostolus.
1228 230 1276 261 Ad
1303 232 1398 270 cujus
1427 230 1669 269 intelligentiam
1698 232 1746 259 est

973 284 1160 320 notandum,
1177 283 1262 323 quod
1275 283 1423 323 quaedam
1432 285 1477 314 est
1486 283 1660 323 dispositio,
1670 290 1744 323 quae

973 339 1116 375 respectu
1131 337 1157 376 ej
1164 345 1210 374 υς,
1227 336 1265 366 ad
1275 336 1359 375 quod
1374 335 1521 375 disponit,
1538 336 1632 367 habet
1646 346 1745 377 oppo—

972 389 1138 427 sitionem;
1154 389 1302 429 quaedam
1314 390 1453 426 veroest,
1473 397 1545 428 quae
1562 388 1745 428 simpliciter

972 441 1119 481 disponit.
1148 442 1186 472 Et
1212 442 1315 481 prima
1339 441 1469 482 quidem
1491 450 1547 481 per
1568 441 1743 474 adventum

971 496 1050 534 ejuS,
1068 495 1106 525 ad
1119 495 1204 534 quod
1233 495 1379 535 disponit,
1397 497 1587 532 evacuatum
1606 496 1744 527 secunda

971 557 1047 578 vero
1059 548 1221 588 perficitur
1237 550 1266 578 et
1288 550 1548 578 consummatur:
1576 549 1607 577 et
1630 547 1745 586 huJ'us-

972 601 1056 631 modi
1077 602 1124 631 est
1148 601 1276 631 evidens
1311 600 1508 640 exemplum.
1538 599 1618 630 Nam
1640 600 1743 640 primo

971 656 1063 685 modo
1078 655 1215 694 disponit
1231 655 1353 685 medius
1369 654 1454 684 color
1475 654 1512 684 ad
1528 656 1697 691 extremos,
1713 656 1745 684 et

970 708 1112 747 tepiditas
1127 708 1164 737 ad
1180 708 1395 746 frigiditatem3
1407 707 1684 746 etsuperveniente
1693 715 1745 737 ex-

970 764 1081 798 tremo,
1095 761 1216 791 medius
1224 761 1307 791 color
1316 761 1446 797 tollitur,
1456 762 1583 800 propter
1591 759 1651 790 hoc
1658 760 1744 799 quod

970 815 1111 845 medium
1126 824 1190 845 non
1206 817 1330 845 tantum
1348 815 1384 844 ad
1401 817 1583 845 extremum
1597 813 1742 853 dispone-

969 868 1032 904 bat,
1047 868 1100 898 sed
1114 869 1209 898 etiam
1236 868 1449 906 repugnabat.
1482 866 1627 897 Secundo
1649 866 1742 897 modo

970 920 1106 960 disponit
1129 919 1359 959 transparentia
1383 919 1422 950 ad
1442 919 1551 950 lumen
1567 928 1663 949 :nam
1686 929 1743 949 su-

969 975 1172 1014 perveniente
1187 974 1308 1005 lumine
1322 974 1560 1014 transparentia
1577 975 1607 1004 et
1623 974 1744 1014 pervie-

970 1031 1016 1059 tas
1029 1038 1092 1059 non
1106 1029 1237 1066 tollitur,
1253 1028 1307 1058 sed
1323 1028 1429 1067 magis
1439 1027 1602 1067 perficitur
1615 1029 1645 1058 et
1653 1027 1743 1058 deco-

970 1084 1069 1112 ratur.
1081 1081 1140 1112 Per
1148 1082 1233 1112 hunc
1242 1081 1337 1111 etiam
1353 1080 1485 1111 modum
1498 1079 1743 1119 intelligendum

970 1137 1015 1165 est
1030 1135 1064 1165 in
1078 1135 1219 1174 ipsarum
1230 1134 1386 1166 virtutum
1402 1133 1576 1171 habitibus,
1593 1141 1666 1172 quae
1677 1132 1743 1163 dis—

969 1190 1093 1228 ponunt
1101 1188 1139 1218 ad
1149 1187 1260 1227 gloriae
1271 1187 1552 1226 complementum.
1565 1185 1645 1216 Nam
1655 1194 1742 1225 quae-

969 1241 1039 1271 dam
1056 1241 1227 1280 disponunt
1237 1240 1292 1278 sic,
1308 1239 1393 1279 quod
1407 1239 1525 1269 habent
1537 1238 1645 1278 aliquo
1669 1247 1738 1269 mo-

969 1294 1007 1323 do
1018 1294 1246 1333 oppositionem
1257 1293 1284 1323 ei
1301 1293 1340 1323 ad
1358 1292 1443 1332 quod
1458 1292 1640 1331 disponunt,
1657 1291 1738 1322 sicut

969 1347 1046 1376 fides
1060 1348 1091 1376 et
1103 1355 1184 1386 spes,
1201 1355 1273 1386 quae
1284 1346 1393 1376 dicunt
1403 1345 1502 1385 ipsius
1511 1344 1619 1375 crediti
1630 1346 1661 1375 et
1670 1354 1740 1385 spe-

969 1400 1029 1430 rati
1044 1399 1219 1429 absentiam
1239 1401 1270 1430 et
1284 1398 1467 1435 carentiam,
1485 1407 1624 1438 quorum
1641 1407 1742 1438 oppo-

969 1453 1028 1483 sita
1043 1452 1165 1482 suntin
1193 1451 1306 1490 gloria,
1333 1451 1449 1481 scilicet
1474 1451 1555 1481 visio
1577 1452 1696 1490 aperta,
1711 1452 1742 1481 et

969 1506 1066 1536 tentio
1088 1506 1204 1536 firma:
1224 1505 1294 1535 ideo
1317 1512 1443 1535 necesse
1472 1505 1518 1534 est
1544 1503 1603 1534 hos
1617 1503 1745 1534 habitus

969 1557 1035 1587 tolli
1051 1558 1081 1586 et
1095 1556 1243 1587 evacuari
1262 1564 1318 1595 per
1328 1555 1500 1586 adventum
1516 1554 1640 1594 gloriae.
1652 1553 1690 1585 Et
1698 1556 1745 1585 est

969 1609 1029 1640 alia
1043 1609 1216 1648 dispositio,
1235 1617 1308 1648 quae
1320 1617 1386 1638 non
1399 1608 1496 1638 habet
1505 1607 1659 1638 rationem
1683 1615 1740 1646 op-

969 1662 1142 1703 positionis)
1155 1662 1207 1692 sed
1231 1663 1357 1691 tantum
1380 1660 1592 1700 dispositionis
1608 1671 1614 1690 :
1630 1662 1661 1690 et
1674 1660 1744 1691 talis

968 1716 1131 1756 dispositio
1146 1717 1191 1746 est
1205 1715 1353 1753 charitas,
1369 1723 1442 1754 quae
1464 1714 1502 1745 ad
1517 1714 1654 1753 gloriam
1677 1714 1744 1744 dis-

969 1769 1069 1810 ponit,
1087 1769 1168 1799 sicut
1183 1768 1404 1808 imperfectum
1415 1767 1452 1798 ad
1463 1768 1637 1807 perfectum
1651 1778 1658 1805 3
1675 1776 1741 1797 non

968 1826 1074 1854 tamen
1093 1822 1188 1853 habet
1213 1821 1459 1861 repugnantiam
1488 1821 1527 1851 ad
1546 1821 1659 1861 ipsam,
1677 1820 1742 1850 imo

968 1876 1220 1907 conformitatem
1244 1883 1426 1914 expressam
1452 1885 1459 1904 ε
1489 1874 1558 1904 ideo
1584 1875 1742 1913 quantum

968 1929 1007 1959 ad
1022 1929 1168 1959 habitum
1183 1937 1247 1958 non
1263 1928 1447 1965 evacuatur,
1464 1927 1518 1957 sed
1526 1926 1601 1956 dum
1619 1925 1739 1956 tollitur

968 1981 1174 2021 imperfectio,
1191 1981 1256 2020 ipse
1272 1980 1400 2010 habitus
1422 1979 1584 2019 perficitur
1604 1981 1635 2009 et
1658 1988 1737 2010 con-

969 2037 1160 2066 summatur.
1176 2033 1208 2064 Si
1223 2035 1329 2064 autem
1345 2034 1510 2072 quaeratur
1525 2032 1604 2063 ratio
1629 2032 1738 2073 hujus,

968 2098 1067 2128 quare
1083 2087 1219 2118 charitas
1234 2086 1338 2125 magis
1354 2088 1595 2117 consummatur
1608 2085 1743 2125 comple-

968 2144 1076 2172 mento
1093 2141 1215 2180 gloriae,
1244 2149 1342 2180 quam
1364 2139 1445 2170 alius
1466 2139 1591 2169 habitus
1613 2139 1740 2170 virtutis

969 2194 1168 2233 theologicae,
1184 2194 1284 2233 hujus
1298 2195 1397 2232 potest
1412 2193 1528 2232 triplex
1550 2192 1631 2223 ratio
1659 2192 1740 2222 assi-

969 2248 1061 2287 gnari
1086 2256 1093 2277 :
1120 2247 1221 2287 prima
1250 2246 1421 2277 attenditur
1436 2255 1532 2285 penes
1554 2244 1738 2285 qualitatem

969 2303 1110 2342 ipsorum
1123 2301 1292 2330 habituum
1303 2309 1311 2338 3
1323 2299 1421 2330 altera
1430 2308 1507 2330 vero
1522 2307 1618 2339 penes
1627 2298 1736 2337 digni-

969 2357 1067 2386 tatem
1081 2353 1311 2394 potentiarum3
1329 2352 1420 2382 tertia
1429 2360 1506 2383 vero
1525 2359 1622 2391 penes
1636 2350 1734 2390 largi-

969 2409 1065 2439 tatem
1088 2406 1270 2437 divinorum
1298 2413 1481 2435 munerum.
1510 2404 1670 2441 Quantum
1701 2403 1741 2434 ad

969 2462 1167 2493 diti‘erentem
1181 2460 1365 2500 qualitatem
1392 2459 1562 2489 habituum
1589 2457 1668 2488 ratio
1688 2466 1738 2488 su-

970 2516 1069 2546 mitur
1081 2515 1161 2553 talis,
1179 2515 1255 2554 quia
1267 2514 1390 2544 dilectio
1408 2515 1454 2543 est
1468 2513 1611 2551 respectu
1624 2511 1738 2542 absen-

1005 2596 1032 2619 ¹1
1055 2596 1122 2626 Cor„
1146 2600 1203 2623 xm,
1219 2595 1258 2618 10.
1271 2607 1295 2611 —-
1313 2594 1323 2610 ²
1337 2594 1395 2622 lm..
1418 2598 1490 2622 xxm,
1505 2593 1528 2615 9.
1543 2604 1572 2609 -
1585 2591 1595 2607 ³
1607 2591 1692 2620 Arist„
1709 2589 1738 2613 de

973 2631 1043 2660 Coel.‚
1060 2630 1102 2654 lib.
1120 2631 1138 2659 Ι,
1153 2632 1220 2653 cont.
1237 2631 1249 2653 4
1266 2629 1290 2653 et
1304 2631 1348 2657 12;
1365 2627 1407 2651 lib.
1423 2629 1453 2657 ΙΙ,
1469 2628 1536 2651 cont.
1552 2628 1590 2650 23.
