<?xml version="1.0" encoding="UTF-8"?>
<!DOCTYPE html PUBLIC "-//W3C//DTD XHTML 1.0 Transitional//EN"
    "http://www.w3.org/TR/xhtml1/DTD/xhtml1-transitional.dtd">
<html xmlns="http://www.w3.org/1999/xhtml" xml:lang="en" lang="en">
 <head>
  <title>
</title>
<meta http-equiv="Content-Type" content="text/html;charset=utf-8" />
  <meta name='ocr-system' content='tesseract 3.04.00' />
  <meta name='ocr-capabilities' content='ocr_page ocr_carea ocr_par ocr_line ocrx_word'/>
</head>
<body>
  <div class='ocr_page' id='page_1' title='image "./operaomniasixtiv05bonauoft/operaomniasixtiv05bonauoft_0722.png"; bbox 0 0 2017 2948; ppageno 0'>
   <div class='ocr_carea' id='block_1_1' title="bbox 133 254 232 276">
    <p class='ocr_par' dir='ltr' id='par_1_1' title="bbox 133 254 232 276">
     <span class='ocr_line' id='line_1_1' title="bbox 133 254 232 276; baseline -0.03 -1"><span class='ocrx_word' id='word_1_1' title='bbox 133 255 191 276; x_wconf 75' lang='lat' dir='ltr'>Ratio</span> <span class='ocrx_word' id='word_1_2' title='bbox 213 254 232 272; x_wconf 60' lang='grc' dir='ltr'>ἵ.</span> 
     </span>
    </p>
   </div>
   <div class='ocr_carea' id='block_1_2' title="bbox 251 111 1288 151">
    <p class='ocr_par' dir='ltr' id='par_1_2' title="bbox 251 111 1288 151">
     <span class='ocr_line' id='line_1_2' title="bbox 251 111 1288 151; baseline -0.01 0"><span class='ocrx_word' id='word_1_3' title='bbox 251 123 307 151; x_wconf 63' lang='grc'><strong>7011</strong></span> <span class='ocrx_word' id='word_1_4' title='bbox 809 112 1115 144; x_wconf 69' lang='grc' dir='ltr'>ΒΕΝΤΕΝΤΙΑΒΠΜ</span> <span class='ocrx_word' id='word_1_5' title='bbox 1143 112 1213 142; x_wconf 80' lang='grc' dir='ltr'>ΗΒ.</span> <span class='ocrx_word' id='word_1_6' title='bbox 1241 111 1288 141; x_wconf 90' lang='lat' dir='ltr'>lV.</span> 
     </span>
    </p>
   </div>
   <div class='ocr_carea' id='block_1_3' title="bbox 247 181 1033 2498">
    <p class='ocr_par' dir='ltr' id='par_1_3' title="bbox 249 181 1023 694">
     <span class='ocr_line' id='line_1_3' title="bbox 250 181 1019 224; baseline -0.01 -8"><span class='ocrx_word' id='word_1_7' title='bbox 250 186 344 216; x_wconf 81' lang='lat' dir='ltr'><strong>deant</strong></span> <span class='ocrx_word' id='word_1_8' title='bbox 359 185 449 224; x_wconf 83' lang='lat' dir='ltr'>plene</span> <span class='ocrx_word' id='word_1_9' title='bbox 463 186 494 215; x_wconf 85' lang='lat' dir='ltr'>et</span> <span class='ocrx_word' id='word_1_10' title='bbox 510 184 633 223; x_wconf 83' lang='lat' dir='ltr'>integre</span> <span class='ocrx_word' id='word_1_11' title='bbox 648 181 791 213; x_wconf 85' lang='lat' dir='ltr'>confiteri</span> <span class='ocrx_word' id='word_1_12' title='bbox 807 181 901 211; x_wconf 89' lang='lat' dir='ltr'>etiam</span> <span class='ocrx_word' id='word_1_13' title='bbox 913 188 1019 210; x_wconf 86' lang='lat' dir='ltr'>coram</span> 
     </span>
     <span class='ocr_line' id='line_1_4' title="bbox 251 232 1021 272; baseline -0.01 -3"><span class='ocrx_word' id='word_1_14' title='bbox 251 238 344 269; x_wconf 91' lang='lat' dir='ltr'>unico</span> <span class='ocrx_word' id='word_1_15' title='bbox 368 237 537 268; x_wconf 76' lang='lat' dir='ltr'>sacerdote.</span> <span class='ocrx_word' id='word_1_16' title='bbox 554 236 624 267; x_wconf 78' lang='lat' dir='ltr'>Alia</span> <span class='ocrx_word' id='word_1_17' title='bbox 648 234 728 266; x_wconf 84' lang='lat' dir='ltr'>ratio</span> <span class='ocrx_word' id='word_1_18' title='bbox 743 236 789 263; x_wconf 83' lang='lat' dir='ltr'>est</span> <span class='ocrx_word' id='word_1_19' title='bbox 813 233 896 272; x_wconf 86' lang='lat' dir='ltr'>quod</span> <span class='ocrx_word' id='word_1_20' title='bbox 918 232 1021 262; x_wconf 88' lang='lat' dir='ltr'>maui-</span> 
     </span>
     <span class='ocr_line' id='line_1_5' title="bbox 250 286 1022 329; baseline -0.009 -8"><span class='ocrx_word' id='word_1_21' title='bbox 250 291 326 321; x_wconf 81' lang='lat' dir='ltr'>sesta</span> <span class='ocrx_word' id='word_1_22' title='bbox 342 290 493 323; x_wconf 81' lang='lat' dir='ltr'>confessio</span> <span class='ocrx_word' id='word_1_23' title='bbox 513 292 559 320; x_wconf 78' lang='lat' dir='ltr'>est</span> <span class='ocrx_word' id='word_1_24' title='bbox 579 288 755 329; x_wconf 80' lang='lat' dir='ltr'>periculosa</span> <span class='ocrx_word' id='word_1_25' title='bbox 774 298 780 317; x_wconf 88' lang='lat'><strong>:</strong></span> <span class='ocrx_word' id='word_1_26' title='bbox 805 286 829 315; x_wconf 85' lang='lat' dir='ltr'>si</span> <span class='ocrx_word' id='word_1_27' title='bbox 851 286 936 316; x_wconf 87' lang='lat' dir='ltr'>enim</span> <span class='ocrx_word' id='word_1_28' title='bbox 951 294 1022 316; x_wconf 91' lang='lat' dir='ltr'>con-</span> 
     </span>
     <span class='ocr_line' id='line_1_6' title="bbox 251 339 1019 379; baseline -0.009 -5"><span class='ocrx_word' id='word_1_29' title='bbox 251 344 389 374; x_wconf 86' lang='lat' dir='ltr'>scientiae</span> <span class='ocrx_word' id='word_1_30' title='bbox 409 343 706 379; x_wconf 82' lang='lat' dir='ltr'>manifestarentur,</span> <span class='ocrx_word' id='word_1_31' title='bbox 724 340 844 371; x_wconf 83' lang='lat' dir='ltr'>infinita</span> <span class='ocrx_word' id='word_1_32' title='bbox 860 339 942 369; x_wconf 86' lang='lat' dir='ltr'>mala</span> <span class='ocrx_word' id='word_1_33' title='bbox 957 339 1019 368; x_wconf 85' lang='lat' dir='ltr'>ori-</span> 
     </span>
     <span class='ocr_line' id='line_1_7' title="bbox 251 393 1020 435; baseline -0.007 -7"><span class='ocrx_word' id='word_1_34' title='bbox 251 399 382 435; x_wconf 85' lang='lat' dir='ltr'>rentur,</span> <span class='ocrx_word' id='word_1_35' title='bbox 405 400 435 427; x_wconf 87' lang='lat' dir='ltr'>et</span> <span class='ocrx_word' id='word_1_36' title='bbox 455 397 551 432; x_wconf 73' lang='lat' dir='ltr'>rixae,</span> <span class='ocrx_word' id='word_1_37' title='bbox 567 398 598 427; x_wconf 84' lang='lat' dir='ltr'>et</span> <span class='ocrx_word' id='word_1_38' title='bbox 617 394 797 430; x_wconf 71' lang='lat' dir='ltr'>discordiae,</span> <span class='ocrx_word' id='word_1_39' title='bbox 816 395 846 423; x_wconf 88' lang='lat' dir='ltr'>et</span> <span class='ocrx_word' id='word_1_40' title='bbox 864 393 1020 430; x_wconf 66' lang='lat' dir='ltr'>infamiae,</span> 
     </span>
     <span class='ocr_line' id='line_1_8' title="bbox 250 445 1022 489; baseline -0.009 -8"><span class='ocrx_word' id='word_1_41' title='bbox 250 450 330 480; x_wconf 89' lang='lat' dir='ltr'>sicut</span> <span class='ocrx_word' id='word_1_42' title='bbox 354 450 519 481; x_wconf 83' lang='lat' dir='ltr'>manifeste</span> <span class='ocrx_word' id='word_1_43' title='bbox 545 451 684 489; x_wconf 78' lang='lat' dir='ltr'>apparet.</span> <span class='ocrx_word' id='word_1_44' title='bbox 702 447 739 478; x_wconf 88' lang='lat' dir='ltr'>Et</span> <span class='ocrx_word' id='word_1_45' title='bbox 762 447 832 477; x_wconf 90' lang='lat' dir='ltr'>ideo</span> <span class='ocrx_word' id='word_1_46' title='bbox 853 445 1022 476; x_wconf 89' lang='lat' dir='ltr'>dicendum</span> 
     </span>
     <span class='ocr_line' id='line_1_9' title="bbox 250 498 1022 543; baseline -0.008 -9"><span class='ocrx_word' id='word_1_47' title='bbox 250 505 297 533; x_wconf 85' lang='lat' dir='ltr'>est.</span> <span class='ocrx_word' id='word_1_48' title='bbox 311 527 322 542; x_wconf 89' lang='lat'>,</span> <span class='ocrx_word' id='word_1_49' title='bbox 343 503 426 543; x_wconf 91' lang='lat' dir='ltr'>quod</span> <span class='ocrx_word' id='word_1_50' title='bbox 449 513 513 534; x_wconf 91' lang='lat' dir='ltr'>non</span> <span class='ocrx_word' id='word_1_51' title='bbox 535 504 660 533; x_wconf 80' lang='lat' dir='ltr'>tenetur</span> <span class='ocrx_word' id='word_1_52' title='bbox 681 501 752 541; x_wconf 87' lang='lat' dir='ltr'>quis</span> <span class='ocrx_word' id='word_1_53' title='bbox 772 499 914 530; x_wconf 83' lang='lat' dir='ltr'>confiteri</span> <span class='ocrx_word' id='word_1_54' title='bbox 933 523 942 536; x_wconf 81' lang='lat'>,</span> <span class='ocrx_word' id='word_1_55' title='bbox 962 498 1022 529; x_wconf 87' lang='lat' dir='ltr'>nisi</span> 
     </span>
     <span class='ocr_line' id='line_1_10' title="bbox 250 552 1020 597; baseline -0.009 -9"><span class='ocrx_word' id='word_1_56' title='bbox 250 557 344 588; x_wconf 88' lang='lat' dir='ltr'>unico</span> <span class='ocrx_word' id='word_1_57' title='bbox 357 559 387 587; x_wconf 88' lang='lat' dir='ltr'>et</span> <span class='ocrx_word' id='word_1_58' title='bbox 402 557 530 597; x_wconf 82' lang='lat' dir='ltr'>proprio</span> <span class='ocrx_word' id='word_1_59' title='bbox 546 555 714 593; x_wconf 77' lang='lat' dir='ltr'>sacerdoti,</span> <span class='ocrx_word' id='word_1_60' title='bbox 727 557 757 584; x_wconf 86' lang='lat' dir='ltr'>et</span> <span class='ocrx_word' id='word_1_61' title='bbox 771 553 848 584; x_wconf 90' lang='lat' dir='ltr'>huic</span> <span class='ocrx_word' id='word_1_62' title='bbox 865 552 1020 589; x_wconf 69' lang='lat' dir='ltr'>solitario,</span> 
     </span>
     <span class='ocr_line' id='line_1_11' title="bbox 249 605 1023 650; baseline -0.008 -10"><span class='ocrx_word' id='word_1_63' title='bbox 249 612 406 650; x_wconf 87' lang='lat' dir='ltr'>quantum</span> <span class='ocrx_word' id='word_1_64' title='bbox 431 613 478 640; x_wconf 87' lang='lat' dir='ltr'>est</span> <span class='ocrx_word' id='word_1_65' title='bbox 504 610 541 640; x_wconf 90' lang='lat' dir='ltr'>de</span> <span class='ocrx_word' id='word_1_66' title='bbox 561 611 717 649; x_wconf 82' lang='lat' dir='ltr'>praecepto</span> <span class='ocrx_word' id='word_1_67' title='bbox 741 606 930 647; x_wconf 86' lang='lat' dir='ltr'>apostolico,</span> <span class='ocrx_word' id='word_1_68' title='bbox 955 605 1023 635; x_wconf 87' lang='lat' dir='ltr'>sive</span> 
     </span>
     <span class='ocr_line' id='line_1_12' title="bbox 250 664 470 694; baseline -0.005 0"><span class='ocrx_word' id='word_1_69' title='bbox 250 664 470 694; x_wconf 81' lang='lat' dir='ltr'>ecclesiastico.</span> 
     </span>
    </p>

    <p class='ocr_par' dir='ltr' id='par_1_4' title="bbox 247 713 1029 1231">
     <span class='ocr_line' id='line_1_13' title="bbox 292 713 1025 755; baseline -0.005 -8"><span class='ocrx_word' id='word_1_70' title='bbox 292 720 320 747; x_wconf 85' lang='lat'>1.</span> <span class='ocrx_word' id='word_1_71' title='bbox 338 716 385 747; x_wconf 84' lang='lat' dir='ltr'>Ad</span> <span class='ocrx_word' id='word_1_72' title='bbox 400 717 477 747; x_wconf 89' lang='lat' dir='ltr'>illud</span> <span class='ocrx_word' id='word_1_73' title='bbox 492 725 572 755; x_wconf 83' lang='lat' dir='ltr'>ergo</span> <span class='ocrx_word' id='word_1_74' title='bbox 587 716 673 755; x_wconf 86' lang='lat' dir='ltr'>quod</span> <span class='ocrx_word' id='word_1_75' title='bbox 688 715 836 754; x_wconf 85' lang='lat' dir='ltr'>objicitur</span> <span class='ocrx_word' id='word_1_76' title='bbox 849 714 887 745; x_wconf 90' lang='lat' dir='ltr'>de</span> <span class='ocrx_word' id='word_1_77' title='bbox 899 713 1025 752; x_wconf 80' lang='lat' dir='ltr'>Augus-</span> 
     </span>
     <span class='ocr_line' id='line_1_14' title="bbox 250 765 1024 808; baseline -0.005 -8"><span class='ocrx_word' id='word_1_78' title='bbox 250 770 337 807; x_wconf 87' lang='lat' dir='ltr'>tino,</span> <span class='ocrx_word' id='word_1_79' title='bbox 363 769 532 800; x_wconf 84' lang='lat' dir='ltr'>dicendum</span> <span class='ocrx_word' id='word_1_80' title='bbox 554 769 638 808; x_wconf 87' lang='lat' dir='ltr'>quod</span> <span class='ocrx_word' id='word_1_81' title='bbox 664 767 806 807; x_wconf 88' lang='lat' dir='ltr'>loquitur</span> <span class='ocrx_word' id='word_1_82' title='bbox 828 767 866 796; x_wconf 88' lang='lat' dir='ltr'>de</span> <span class='ocrx_word' id='word_1_83' title='bbox 887 765 1024 796; x_wconf 88' lang='lat' dir='ltr'>occulta-</span> 
     </span>
     <span class='ocr_line' id='line_1_15' title="bbox 252 819 1025 862; baseline -0.005 -10"><span class='ocrx_word' id='word_1_84' title='bbox 252 822 337 853; x_wconf 84' lang='lat' dir='ltr'>tione</span> <span class='ocrx_word' id='word_1_85' title='bbox 359 824 502 862; x_wconf 82' lang='lat' dir='ltr'>respectu</span> <span class='ocrx_word' id='word_1_86' title='bbox 522 821 634 861; x_wconf 87' lang='lat' dir='ltr'>judicii</span> <span class='ocrx_word' id='word_1_87' title='bbox 663 819 881 857; x_wconf 81' lang='lat' dir='ltr'>sacerdotalis,</span> <span class='ocrx_word' id='word_1_88' title='bbox 908 819 1025 859; x_wconf 85' lang='lat' dir='ltr'>quihus</span> 
     </span>
     <span class='ocr_line' id='line_1_16' title="bbox 252 872 1025 906; baseline -0.006 0"><span class='ocrx_word' id='word_1_89' title='bbox 252 876 405 906; x_wconf 85' lang='lat' dir='ltr'>Dominus</span> <span class='ocrx_word' id='word_1_90' title='bbox 420 875 578 906; x_wconf 81' lang='lat' dir='ltr'>commisit</span> <span class='ocrx_word' id='word_1_91' title='bbox 600 874 820 905; x_wconf 84' lang='lat' dir='ltr'>auctoritatem</span> <span class='ocrx_word' id='word_1_92' title='bbox 838 875 868 903; x_wconf 90' lang='lat' dir='ltr'>et</span> <span class='ocrx_word' id='word_1_93' title='bbox 885 872 1025 903; x_wconf 81' lang='lat' dir='ltr'>osticium</span> 
     </span>
     <span class='ocr_line' id='line_1_17' title="bbox 247 924 1025 968; baseline -0.006 -9"><span class='ocrx_word' id='word_1_94' title='bbox 247 929 411 968; x_wconf 84' lang='lat' dir='ltr'>judicandi</span> <span class='ocrx_word' id='word_1_95' title='bbox 427 929 508 958; x_wconf 84' lang='lat' dir='ltr'>inter</span> <span class='ocrx_word' id='word_1_96' title='bbox 522 928 642 967; x_wconf 81' lang='lat' dir='ltr'>lepram</span> <span class='ocrx_word' id='word_1_97' title='bbox 654 951 662 965; x_wconf 86' lang='lat'>,</span> <span class='ocrx_word' id='word_1_98' title='bbox 679 929 709 957; x_wconf 88' lang='lat' dir='ltr'>et</span> <span class='ocrx_word' id='word_1_99' title='bbox 722 935 785 956; x_wconf 91' lang='lat' dir='ltr'>non</span> <span class='ocrx_word' id='word_1_100' title='bbox 800 926 932 965; x_wconf 87' lang='lat' dir='ltr'>lepram.</span> <span class='ocrx_word' id='word_1_101' title='bbox 948 924 984 954; x_wconf 74' lang='lat' dir='ltr'>Et</span> <span class='ocrx_word' id='word_1_102' title='bbox 1000 925 1025 954; x_wconf 93' lang='lat' dir='ltr'>si</span> 
     </span>
     <span class='ocr_line' id='line_1_18' title="bbox 251 978 1026 1021; baseline -0.006 -9"><span class='ocrx_word' id='word_1_103' title='bbox 251 984 286 1012; x_wconf 91' lang='lat' dir='ltr'>tu</span> <span class='ocrx_word' id='word_1_104' title='bbox 299 982 427 1021; x_wconf 75' lang='lat' dir='ltr'>objicias</span> <span class='ocrx_word' id='word_1_105' title='bbox 438 981 474 1011; x_wconf 87' lang='lat' dir='ltr'>de</span> <span class='ocrx_word' id='word_1_106' title='bbox 489 981 558 1017; x_wconf 85' lang='lat' dir='ltr'>Job,</span> <span class='ocrx_word' id='word_1_107' title='bbox 575 979 743 1010; x_wconf 86' lang='lat' dir='ltr'>dicendum</span> <span class='ocrx_word' id='word_1_108' title='bbox 760 978 844 1018; x_wconf 89' lang='lat' dir='ltr'>quod</span> <span class='ocrx_word' id='word_1_109' title='bbox 858 978 911 1007; x_wconf 87' lang='lat' dir='ltr'>illa</span> <span class='ocrx_word' id='word_1_110' title='bbox 925 980 1026 1008; x_wconf 86' lang='lat' dir='ltr'>trans-</span> 
     </span>
     <span class='ocr_line' id='line_1_19' title="bbox 251 1030 1025 1070; baseline -0.008 -5"><span class='ocrx_word' id='word_1_111' title='bbox 251 1035 324 1065; x_wconf 82' lang='lat' dir='ltr'>latio</span> <span class='ocrx_word' id='word_1_112' title='bbox 350 1043 414 1064; x_wconf 88' lang='lat' dir='ltr'>non</span> <span class='ocrx_word' id='word_1_113' title='bbox 437 1036 482 1063; x_wconf 82' lang='lat' dir='ltr'>cst</span> <span class='ocrx_word' id='word_1_114' title='bbox 508 1035 610 1069; x_wconf 75' lang='lat' dir='ltr'>recta,</span> <span class='ocrx_word' id='word_1_115' title='bbox 628 1032 681 1062; x_wconf 85' lang='lat' dir='ltr'>sed</span> <span class='ocrx_word' id='word_1_116' title='bbox 710 1032 791 1068; x_wconf 82' lang='lat' dir='ltr'>alia,</span> <span class='ocrx_word' id='word_1_117' title='bbox 812 1040 909 1070; x_wconf 84' lang='lat' dir='ltr'>quam</span> <span class='ocrx_word' id='word_1_118' title='bbox 928 1030 1025 1060; x_wconf 84' lang='lat' dir='ltr'>habe-</span> 
     </span>
     <span class='ocr_line' id='line_1_20' title="bbox 252 1083 1027 1120; baseline -0.006 -3"><span class='ocrx_word' id='word_1_119' title='bbox 252 1096 334 1117; x_wconf 87' lang='lat' dir='ltr'>mus.</span> <span class='ocrx_word' id='word_1_120' title='bbox 353 1086 472 1116; x_wconf 83' lang='lat' dir='ltr'>Tamen</span> <span class='ocrx_word' id='word_1_121' title='bbox 487 1085 512 1115; x_wconf 91' lang='lat' dir='ltr'>si</span> <span class='ocrx_word' id='word_1_122' title='bbox 531 1085 666 1115; x_wconf 86' lang='lat' dir='ltr'>velimus</span> <span class='ocrx_word' id='word_1_123' title='bbox 684 1084 772 1114; x_wconf 88' lang='lat' dir='ltr'>illam</span> <span class='ocrx_word' id='word_1_124' title='bbox 787 1083 943 1113; x_wconf 85' lang='lat' dir='ltr'>sustinere</span> <span class='ocrx_word' id='word_1_125' title='bbox 954 1106 962 1120; x_wconf 86' lang='lat'>,</span> <span class='ocrx_word' id='word_1_126' title='bbox 979 1083 1027 1113; x_wconf 93' lang='lat' dir='ltr'>di-</span> 
     </span>
     <span class='ocr_line' id='line_1_21' title="bbox 252 1136 1029 1178; baseline -0.006 -8"><span class='ocrx_word' id='word_1_127' title='bbox 252 1140 387 1170; x_wconf 89' lang='lat' dir='ltr'>cendum</span> <span class='ocrx_word' id='word_1_128' title='bbox 404 1138 489 1178; x_wconf 91' lang='lat' dir='ltr'>quod</span> <span class='ocrx_word' id='word_1_129' title='bbox 502 1137 691 1176; x_wconf 72' lang='lat' dir='ltr'>intelligitur</span> <span class='ocrx_word' id='word_1_130' title='bbox 700 1136 738 1166; x_wconf 90' lang='lat' dir='ltr'>de</span> <span class='ocrx_word' id='word_1_131' title='bbox 755 1136 899 1175; x_wconf 84' lang='lat' dir='ltr'>generali</span> <span class='ocrx_word' id='word_1_132' title='bbox 912 1136 1029 1166; x_wconf 80' lang='lat' dir='ltr'>confes-</span> 
     </span>
     <span class='ocr_line' id='line_1_22' title="bbox 252 1190 1027 1231; baseline -0.006 -8"><span class='ocrx_word' id='word_1_133' title='bbox 252 1193 355 1230; x_wconf 81' lang='lat' dir='ltr'>sione,</span> <span class='ocrx_word' id='word_1_134' title='bbox 369 1201 432 1231; x_wconf 84' lang='lat' dir='ltr'>qua</span> <span class='ocrx_word' id='word_1_135' title='bbox 446 1200 557 1221; x_wconf 84' lang='lat' dir='ltr'>omnes</span> <span class='ocrx_word' id='word_1_136' title='bbox 572 1190 764 1220; x_wconf 81' lang='lat' dir='ltr'>confitentur</span> <span class='ocrx_word' id='word_1_137' title='bbox 788 1199 820 1219; x_wconf 74' lang='lat' dir='ltr'>se</span> <span class='ocrx_word' id='word_1_138' title='bbox 839 1191 1027 1229; x_wconf 86' lang='lat' dir='ltr'>peccatores.</span> 
     </span>
    </p>

    <p class='ocr_par' dir='ltr' id='par_1_5' title="bbox 251 1241 1033 1811">
     <span class='ocr_line' id='line_1_23' title="bbox 291 1241 1028 1283; baseline -0.005 -8"><span class='ocrx_word' id='word_1_139' title='bbox 291 1248 320 1275; x_wconf 70' lang='lat'>⁶2.</span> <span class='ocrx_word' id='word_1_140' title='bbox 337 1245 385 1275; x_wconf 85' lang='lat' dir='ltr'>Ad</span> <span class='ocrx_word' id='word_1_141' title='bbox 401 1244 477 1274; x_wconf 89' lang='lat' dir='ltr'>illud</span> <span class='ocrx_word' id='word_1_142' title='bbox 493 1244 577 1283; x_wconf 85' lang='lat' dir='ltr'>quod</span> <span class='ocrx_word' id='word_1_143' title='bbox 593 1243 743 1282; x_wconf 83' lang='lat' dir='ltr'>objicitur</span> <span class='ocrx_word' id='word_1_144' title='bbox 767 1242 805 1272; x_wconf 91' lang='lat' dir='ltr'>de</span> <span class='ocrx_word' id='word_1_145' title='bbox 819 1241 1009 1280; x_wconf 85' lang='lat' dir='ltr'>Magdalena</span> <span class='ocrx_word' id='word_1_146' title='bbox 1020 1265 1028 1279; x_wconf 82' lang='lat'>,</span> 
     </span>
     <span class='ocr_line' id='line_1_24' title="bbox 251 1295 1031 1337; baseline -0.008 -8"><span class='ocrx_word' id='word_1_147' title='bbox 251 1298 420 1329; x_wconf 89' lang='lat' dir='ltr'>dicendum</span> <span class='ocrx_word' id='word_1_148' title='bbox 444 1297 529 1337; x_wconf 86' lang='lat' dir='ltr'>quod</span> <span class='ocrx_word' id='word_1_149' title='bbox 545 1296 622 1326; x_wconf 88' lang='lat' dir='ltr'>illud</span> <span class='ocrx_word' id='word_1_150' title='bbox 638 1296 697 1326; x_wconf 84' lang='lat' dir='ltr'>fuit.</span> <span class='ocrx_word' id='word_1_151' title='bbox 712 1295 910 1334; x_wconf 81' lang='lat' dir='ltr'>perfectionis</span> <span class='ocrx_word' id='word_1_152' title='bbox 928 1297 958 1324; x_wconf 88' lang='lat' dir='ltr'>et</span> <span class='ocrx_word' id='word_1_153' title='bbox 976 1303 1031 1324; x_wconf 85' lang='lat' dir='ltr'>su-</span> 
     </span>
     <span class='ocr_line' id='line_1_25' title="bbox 252 1348 1031 1392; baseline -0.009 -9"><span class='ocrx_word' id='word_1_154' title='bbox 252 1350 502 1392; x_wconf 80' lang='lat' dir='ltr'>pererogationis</span> <span class='ocrx_word' id='word_1_155' title='bbox 519 1361 525 1379; x_wconf 71' lang='grc' dir='ltr'>ι</span> <span class='ocrx_word' id='word_1_156' title='bbox 549 1349 634 1379; x_wconf 92' lang='lat' dir='ltr'>unde</span> <span class='ocrx_word' id='word_1_157' title='bbox 654 1358 718 1378; x_wconf 89' lang='lat' dir='ltr'>non</span> <span class='ocrx_word' id='word_1_158' title='bbox 736 1348 885 1379; x_wconf 86' lang='lat' dir='ltr'>omnibus</span> <span class='ocrx_word' id='word_1_159' title='bbox 904 1356 1031 1386; x_wconf 87' lang='lat' dir='ltr'>compe-</span> 
     </span>
     <span class='ocr_line' id='line_1_26' title="bbox 253 1401 1032 1443; baseline -0.008 -7"><span class='ocrx_word' id='word_1_160' title='bbox 253 1406 299 1436; x_wconf 89' lang='lat' dir='ltr'>tit.</span> <span class='ocrx_word' id='word_1_161' title='bbox 311 1405 367 1436; x_wconf 86' lang='lat' dir='ltr'>Vel</span> <span class='ocrx_word' id='word_1_162' title='bbox 382 1404 554 1435; x_wconf 89' lang='lat' dir='ltr'>dicendum</span> <span class='ocrx_word' id='word_1_163' title='bbox 566 1402 655 1443; x_wconf 89' lang='lat' dir='ltr'>quod</span> <span class='ocrx_word' id='word_1_164' title='bbox 665 1402 734 1442; x_wconf 88' lang='lat' dir='ltr'>ipsa</span> <span class='ocrx_word' id='word_1_165' title='bbox 744 1411 809 1432; x_wconf 92' lang='lat' dir='ltr'>non</span> <span class='ocrx_word' id='word_1_166' title='bbox 823 1401 881 1432; x_wconf 88' lang='lat' dir='ltr'>fuit</span> <span class='ocrx_word' id='word_1_167' title='bbox 891 1401 1032 1431; x_wconf 83' lang='lat' dir='ltr'>confessa</span> 
     </span>
     <span class='ocr_line' id='line_1_27' title="bbox 254 1455 1032 1498; baseline -0.008 -9"><span class='ocrx_word' id='word_1_168' title='bbox 254 1460 380 1498; x_wconf 83' lang='lat' dir='ltr'>peccata</span> <span class='ocrx_word' id='word_1_169' title='bbox 411 1466 468 1488; x_wconf 85' lang='lat' dir='ltr'>sua</span> <span class='ocrx_word' id='word_1_170' title='bbox 497 1465 603 1487; x_wconf 83' lang='lat' dir='ltr'>coram</span> <span class='ocrx_word' id='word_1_171' title='bbox 629 1455 796 1492; x_wconf 79' lang='lat' dir='ltr'>omnibus,</span> <span class='ocrx_word' id='word_1_172' title='bbox 821 1463 893 1494; x_wconf 82' lang='lat' dir='ltr'>quae</span> <span class='ocrx_word' id='word_1_173' title='bbox 917 1455 1032 1487; x_wconf 81' lang='lat' dir='ltr'>fecerat</span> 
     </span>
     <span class='ocr_line' id='line_1_28' title="bbox 252 1507 1032 1548; baseline -0.008 -6"><span class='ocrx_word' id='word_1_174' title='bbox 252 1511 390 1548; x_wconf 85' lang='lat' dir='ltr'>occulte;</span> <span class='ocrx_word' id='word_1_175' title='bbox 408 1510 464 1540; x_wconf 86' lang='lat' dir='ltr'>sed</span> <span class='ocrx_word' id='word_1_176' title='bbox 480 1509 555 1548; x_wconf 82' lang='lat' dir='ltr'>quia</span> <span class='ocrx_word' id='word_1_177' title='bbox 571 1509 665 1547; x_wconf 80' lang='lat' dir='ltr'>signa</span> <span class='ocrx_word' id='word_1_178' title='bbox 681 1508 818 1538; x_wconf 77' lang='lat' dir='ltr'>lasciviae</span> <span class='ocrx_word' id='word_1_179' title='bbox 834 1517 898 1538; x_wconf 89' lang='lat' dir='ltr'>non</span> <span class='ocrx_word' id='word_1_180' title='bbox 912 1507 1032 1537; x_wconf 77' lang='lat' dir='ltr'>occulte</span> 
     </span>
     <span class='ocr_line' id='line_1_29' title="bbox 252 1560 1032 1604; baseline -0.006 -10"><span class='ocrx_word' id='word_1_181' title='bbox 252 1563 407 1604; x_wconf 83' lang='lat' dir='ltr'>portavit,</span> <span class='ocrx_word' id='word_1_182' title='bbox 432 1563 485 1593; x_wconf 87' lang='lat' dir='ltr'>sed</span> <span class='ocrx_word' id='word_1_183' title='bbox 509 1562 541 1591; x_wconf 94' lang='lat' dir='ltr'>in</span> <span class='ocrx_word' id='word_1_184' title='bbox 565 1561 692 1600; x_wconf 87' lang='lat' dir='ltr'>publico</span> <span class='ocrx_word' id='word_1_185' title='bbox 708 1585 714 1597; x_wconf 74' lang='lat'>,</span> <span class='ocrx_word' id='word_1_186' title='bbox 731 1561 800 1590; x_wconf 90' lang='lat' dir='ltr'>ideo</span> <span class='ocrx_word' id='word_1_187' title='bbox 819 1561 914 1590; x_wconf 77' lang='lat' dir='ltr'>etiam</span> <span class='ocrx_word' id='word_1_188' title='bbox 938 1560 1032 1598; x_wconf 83' lang='lat' dir='ltr'>signa</span> 
     </span>
     <span class='ocr_line' id='line_1_30' title="bbox 253 1613 1033 1656; baseline -0.005 -10"><span class='ocrx_word' id='word_1_189' title='bbox 253 1615 444 1656; x_wconf 84' lang='lat' dir='ltr'>poenitentiae</span> <span class='ocrx_word' id='word_1_190' title='bbox 470 1615 502 1645; x_wconf 87' lang='lat' dir='ltr'>in</span> <span class='ocrx_word' id='word_1_191' title='bbox 525 1614 654 1653; x_wconf 79' lang='lat' dir='ltr'>publico</span> <span class='ocrx_word' id='word_1_192' title='bbox 669 1613 906 1644; x_wconf 81' lang='lat' dir='ltr'>manifestavit:</span> <span class='ocrx_word' id='word_1_193' title='bbox 929 1615 959 1643; x_wconf 91' lang='lat' dir='ltr'>et</span> <span class='ocrx_word' id='word_1_194' title='bbox 973 1613 1033 1642; x_wconf 87' lang='lat' dir='ltr'>hoc</span> 
     </span>
     <span class='ocr_line' id='line_1_31' title="bbox 252 1666 1028 1707; baseline -0.005 -8"><span class='ocrx_word' id='word_1_195' title='bbox 252 1672 299 1699; x_wconf 85' lang='lat' dir='ltr'>est</span> <span class='ocrx_word' id='word_1_196' title='bbox 322 1669 477 1707; x_wconf 84' lang='lat' dir='ltr'>dignum,</span> <span class='ocrx_word' id='word_1_197' title='bbox 504 1669 535 1696; x_wconf 83' lang='lat' dir='ltr'>ct</span> <span class='ocrx_word' id='word_1_198' title='bbox 557 1666 724 1697; x_wconf 79' lang='lat' dir='ltr'>laudabile</span> <span class='ocrx_word' id='word_1_199' title='bbox 736 1690 745 1703; x_wconf 91' lang='lat'>,</span> <span class='ocrx_word' id='word_1_200' title='bbox 762 1668 792 1696; x_wconf 92' lang='lat' dir='ltr'>et</span> <span class='ocrx_word' id='word_1_201' title='bbox 813 1666 1004 1696; x_wconf 82' lang='lat' dir='ltr'>imitandum</span> <span class='ocrx_word' id='word_1_202' title='bbox 1023 1676 1028 1694; x_wconf 83' lang='lat' dir='ltr'>z</span> 
     </span>
     <span class='ocr_line' id='line_1_32' title="bbox 256 1718 1029 1759; baseline -0.004 -8"><span class='ocrx_word' id='word_1_203' title='bbox 256 1731 313 1751; x_wconf 88' lang='lat' dir='ltr'>nec</span> <span class='ocrx_word' id='word_1_204' title='bbox 328 1723 434 1751; x_wconf 83' lang='lat' dir='ltr'>tamen</span> <span class='ocrx_word' id='word_1_205' title='bbox 449 1720 517 1750; x_wconf 89' lang='lat' dir='ltr'>dico</span> <span class='ocrx_word' id='word_1_206' title='bbox 531 1719 615 1759; x_wconf 87' lang='lat' dir='ltr'>quod</span> <span class='ocrx_word' id='word_1_207' title='bbox 632 1719 730 1749; x_wconf 86' lang='lat' dir='ltr'>homo</span> <span class='ocrx_word' id='word_1_208' title='bbox 746 1719 783 1749; x_wconf 80' lang='lat' dir='ltr'>ad</span> <span class='ocrx_word' id='word_1_209' title='bbox 799 1718 859 1748; x_wconf 91' lang='lat' dir='ltr'>hoc</span> <span class='ocrx_word' id='word_1_210' title='bbox 875 1720 1029 1756; x_wconf 84' lang='lat' dir='ltr'>teneatur,</span> 
     </span>
     <span class='ocr_line' id='line_1_33' title="bbox 258 1774 627 1811; baseline -0.005 -7"><span class='ocrx_word' id='word_1_211' title='bbox 258 1774 320 1804; x_wconf 88' lang='lat' dir='ltr'>nisi</span> <span class='ocrx_word' id='word_1_212' title='bbox 337 1774 374 1804; x_wconf 90' lang='lat' dir='ltr'>de</span> <span class='ocrx_word' id='word_1_213' title='bbox 386 1774 469 1803; x_wconf 89' lang='lat' dir='ltr'>hono</span> <span class='ocrx_word' id='word_1_214' title='bbox 484 1774 514 1803; x_wconf 89' lang='lat' dir='ltr'>et</span> <span class='ocrx_word' id='word_1_215' title='bbox 524 1781 627 1811; x_wconf 80' lang='lat' dir='ltr'>aequo.</span> 
     </span>
    </p>

    <p class='ocr_par' dir='ltr' id='par_1_6' title="bbox 255 1825 1032 2445">
     <span class='ocr_line' id='line_1_34' title="bbox 297 1825 1030 1866; baseline -0.007 -7"><span class='ocrx_word' id='word_1_216' title='bbox 297 1831 325 1859; x_wconf 88' lang='lat'>3.</span> <span class='ocrx_word' id='word_1_217' title='bbox 352 1827 400 1858; x_wconf 91' lang='lat' dir='ltr'>Ad</span> <span class='ocrx_word' id='word_1_218' title='bbox 420 1827 497 1857; x_wconf 90' lang='lat' dir='ltr'>illud</span> <span class='ocrx_word' id='word_1_219' title='bbox 518 1826 602 1866; x_wconf 89' lang='lat' dir='ltr'>quod</span> <span class='ocrx_word' id='word_1_220' title='bbox 624 1825 773 1865; x_wconf 84' lang='lat' dir='ltr'>objicitur</span> <span class='ocrx_word' id='word_1_221' title='bbox 794 1825 832 1856; x_wconf 88' lang='lat' dir='ltr'>de</span> <span class='ocrx_word' id='word_1_222' title='bbox 850 1825 1030 1863; x_wconf 87' lang='lat' dir='ltr'>Bernardo,</span> 
     </span>
     <span class='ocr_line' id='line_1_35' title="bbox 255 1878 1031 1920; baseline -0.005 -9"><span class='ocrx_word' id='word_1_223' title='bbox 255 1880 425 1912; x_wconf 75' lang='lat' dir='ltr'>dicendum</span> <span class='ocrx_word' id='word_1_224' title='bbox 436 1879 520 1920; x_wconf 87' lang='lat' dir='ltr'>quod</span> <span class='ocrx_word' id='word_1_225' title='bbox 535 1879 678 1909; x_wconf 83' lang='lat' dir='ltr'>facienda</span> <span class='ocrx_word' id='word_1_226' title='bbox 692 1880 738 1909; x_wconf 83' lang='lat' dir='ltr'>est</span> <span class='ocrx_word' id='word_1_227' title='bbox 752 1879 801 1908; x_wconf 83' lang='lat' dir='ltr'>vis</span> <span class='ocrx_word' id='word_1_228' title='bbox 816 1878 850 1908; x_wconf 92' lang='lat' dir='ltr'>in</span> <span class='ocrx_word' id='word_1_229' title='bbox 864 1878 936 1916; x_wconf 85' lang='lat' dir='ltr'>hoc,</span> <span class='ocrx_word' id='word_1_230' title='bbox 946 1878 1031 1917; x_wconf 88' lang='lat' dir='ltr'>quod</span> 
     </span>
     <span class='ocr_line' id='line_1_36' title="bbox 256 1931 1032 1970; baseline -0.005 -6"><span class='ocrx_word' id='word_1_231' title='bbox 256 1933 437 1964; x_wconf 80' lang='lat' dir='ltr'>Bcrnardus</span> <span class='ocrx_word' id='word_1_232' title='bbox 458 1933 532 1963; x_wconf 87' lang='lat' dir='ltr'>dicit</span> <span class='ocrx_word' id='word_1_233' title='bbox 548 1943 554 1962; x_wconf 86' lang='lat'><strong>:</strong></span> <span class='ocrx_word' id='word_1_234' title='bbox 581 1944 594 1960; x_wconf 87' lang='lat'>«</span> <span class='ocrx_word' id='word_1_235' title='bbox 609 1931 699 1968; x_wconf 75' lang='lat' dir='ltr'>Quod</span> <span class='ocrx_word' id='word_1_236' title='bbox 718 1932 797 1962; x_wconf 86' lang='lat' dir='ltr'>inte</span> <span class='ocrx_word' id='word_1_237' title='bbox 812 1934 858 1962; x_wconf 88' lang='lat' dir='ltr'>est</span> <span class='ocrx_word' id='word_1_238' title='bbox 880 1941 886 1962; x_wconf 94' lang='lat'>:</span> <span class='ocrx_word' id='word_1_239' title='bbox 902 1942 916 1959; x_wconf 74' lang='lat' dir='ltr'>n</span> <span class='ocrx_word' id='word_1_240' title='bbox 939 1933 969 1961; x_wconf 84' lang='lat' dir='ltr'>et</span> <span class='ocrx_word' id='word_1_241' title='bbox 984 1931 1032 1970; x_wconf 89' lang='lat' dir='ltr'>ip-</span> 
     </span>
     <span class='ocr_line' id='line_1_37' title="bbox 255 1984 1032 2023; baseline -0.004 -6"><span class='ocrx_word' id='word_1_242' title='bbox 255 1988 354 2017; x_wconf 88' lang='lat' dir='ltr'>semet</span> <span class='ocrx_word' id='word_1_243' title='bbox 374 1986 446 2016; x_wconf 75' lang='lat' dir='ltr'>facit</span> <span class='ocrx_word' id='word_1_244' title='bbox 460 1985 503 2015; x_wconf 88' lang='lat' dir='ltr'>ibi</span> <span class='ocrx_word' id='word_1_245' title='bbox 526 1985 592 2015; x_wconf 90' lang='lat' dir='ltr'>vim</span> <span class='ocrx_word' id='word_1_246' title='bbox 611 1996 616 2014; x_wconf 74' lang='grc' dir='ltr'>ε</span> <span class='ocrx_word' id='word_1_247' title='bbox 639 1984 748 2015; x_wconf 79' lang='lat' dir='ltr'>«Sane</span> <span class='ocrx_word' id='word_1_248' title='bbox 767 1984 851 2023; x_wconf 88' lang='lat' dir='ltr'>quod</span> <span class='ocrx_word' id='word_1_249' title='bbox 875 1984 907 2013; x_wconf 93' lang='lat' dir='ltr'>in</span> <span class='ocrx_word' id='word_1_250' title='bbox 930 1986 960 2014; x_wconf 87' lang='lat' dir='ltr'>te</span> <span class='ocrx_word' id='word_1_251' title='bbox 986 1986 1032 2014; x_wconf 85' lang='lat' dir='ltr'>est</span> 
     </span>
     <span class='ocr_line' id='line_1_38' title="bbox 256 2036 1031 2078; baseline -0.005 -8"><span class='ocrx_word' id='word_1_252' title='bbox 256 2039 411 2077; x_wconf 83' lang='lat' dir='ltr'>dixerim,</span> <span class='ocrx_word' id='word_1_253' title='bbox 430 2038 504 2078; x_wconf 88' lang='lat' dir='ltr'>quia</span> <span class='ocrx_word' id='word_1_254' title='bbox 533 2038 722 2076; x_wconf 84' lang='lat' dir='ltr'>plerumque</span> <span class='ocrx_word' id='word_1_255' title='bbox 741 2039 772 2067; x_wconf 89' lang='lat' dir='ltr'>et</span> <span class='ocrx_word' id='word_1_256' title='bbox 790 2036 916 2076; x_wconf 75' lang='lat' dir='ltr'>expedit</span> <span class='ocrx_word' id='word_1_257' title='bbox 936 2037 1031 2067; x_wconf 86' lang='lat' dir='ltr'>inno-</span> 
     </span>
     <span class='ocr_line' id='line_1_39' title="bbox 256 2089 1031 2130; baseline -0.005 -8"><span class='ocrx_word' id='word_1_258' title='bbox 256 2094 374 2122; x_wconf 87' lang='lat' dir='ltr'>tescere</span> <span class='ocrx_word' id='word_1_259' title='bbox 388 2091 496 2122; x_wconf 87' lang='lat' dir='ltr'>omnia</span> <span class='ocrx_word' id='word_1_260' title='bbox 511 2099 584 2130; x_wconf 83' lang='lat' dir='ltr'>quae</span> <span class='ocrx_word' id='word_1_261' title='bbox 598 2099 655 2120; x_wconf 84' lang='lat' dir='ltr'>nos</span> <span class='ocrx_word' id='word_1_262' title='bbox 671 2090 787 2119; x_wconf 89' lang='lat' dir='ltr'>scimus</span> <span class='ocrx_word' id='word_1_263' title='bbox 803 2089 840 2119; x_wconf 88' lang='lat' dir='ltr'>de</span> <span class='ocrx_word' id='word_1_264' title='bbox 854 2089 945 2119; x_wconf 88' lang='lat' dir='ltr'>nohis</span> <span class='ocrx_word' id='word_1_265' title='bbox 958 2113 964 2127; x_wconf 77' lang='lat'>⁷</span> <span class='ocrx_word' id='word_1_266' title='bbox 984 2092 1031 2119; x_wconf 88' lang='lat' dir='ltr'>at-</span> 
     </span>
     <span class='ocr_line' id='line_1_40' title="bbox 257 2143 1029 2184; baseline -0.005 -9"><span class='ocrx_word' id='word_1_267' title='bbox 257 2154 318 2184; x_wconf 87' lang='lat' dir='ltr'>que</span> <span class='ocrx_word' id='word_1_268' title='bbox 350 2144 419 2184; x_wconf 82' lang='lat' dir='ltr'>ipsa</span> <span class='ocrx_word' id='word_1_269' title='bbox 447 2144 588 2174; x_wconf 81' lang='lat' dir='ltr'>veritatis</span> <span class='ocrx_word' id='word_1_270' title='bbox 619 2143 771 2173; x_wconf 80' lang='lat' dir='ltr'>charitate</span> <span class='ocrx_word' id='word_1_271' title='bbox 796 2144 945 2172; x_wconf 83' lang='lat' dir='ltr'>vetamur</span> <span class='ocrx_word' id='word_1_272' title='bbox 974 2151 1029 2181; x_wconf 91' lang='lat' dir='ltr'>pa-</span> 
     </span>
     <span class='ocr_line' id='line_1_41' title="bbox 256 2195 1031 2236; baseline -0.004 -8"><span class='ocrx_word' id='word_1_273' title='bbox 256 2197 321 2227; x_wconf 86' lang='lat' dir='ltr'>lam</span> <span class='ocrx_word' id='word_1_274' title='bbox 351 2196 388 2236; x_wconf 77' lang='lat' dir='ltr'>(a)</span> <span class='ocrx_word' id='word_1_275' title='bbox 418 2205 485 2227; x_wconf 84' lang='lat' dir='ltr'>esse</span> <span class='ocrx_word' id='word_1_276' title='bbox 511 2196 561 2226; x_wconf 86' lang='lat' dir='ltr'>vel</span> <span class='ocrx_word' id='word_1_277' title='bbox 588 2195 656 2225; x_wconf 77' lang='lat' dir='ltr'>lieri</span> <span class='ocrx_word' id='word_1_278' title='bbox 687 2195 788 2232; x_wconf 89' lang='lat' dir='ltr'>velle,</span> <span class='ocrx_word' id='word_1_279' title='bbox 812 2195 896 2234; x_wconf 84' lang='lat' dir='ltr'>quod</span> <span class='ocrx_word' id='word_1_280' title='bbox 919 2197 1031 2225; x_wconf 88' lang='lat' dir='ltr'>noceat</span> 
     </span>
     <span class='ocr_line' id='line_1_42' title="bbox 258 2247 1030 2288; baseline -0.003 -8"><span class='ocrx_word' id='word_1_281' title='bbox 258 2249 496 2288; x_wconf 83' lang='lat' dir='ltr'>cognoscenti.»</span> <span class='ocrx_word' id='word_1_282' title='bbox 527 2247 565 2278; x_wconf 85' lang='lat' dir='ltr'>Et</span> <span class='ocrx_word' id='word_1_283' title='bbox 588 2248 632 2277; x_wconf 89' lang='lat' dir='ltr'>sic</span> <span class='ocrx_word' id='word_1_284' title='bbox 659 2249 743 2286; x_wconf 87' lang='lat' dir='ltr'>patet</span> <span class='ocrx_word' id='word_1_285' title='bbox 773 2247 856 2286; x_wconf 88' lang='lat' dir='ltr'>quod</span> <span class='ocrx_word' id='word_1_286' title='bbox 883 2248 1030 2286; x_wconf 83' lang='lat' dir='ltr'>quamvis</span> 
     </span>
     <span class='ocr_line' id='line_1_43' title="bbox 258 2299 1031 2341; baseline -0.003 -9"><span class='ocrx_word' id='word_1_287' title='bbox 258 2302 354 2332; x_wconf 91' lang='lat' dir='ltr'>homo</span> <span class='ocrx_word' id='word_1_288' title='bbox 370 2325 380 2339; x_wconf 87' lang='lat'>,</span> <span class='ocrx_word' id='word_1_289' title='bbox 410 2303 567 2341; x_wconf 82' lang='lat' dir='ltr'>quantum</span> <span class='ocrx_word' id='word_1_290' title='bbox 595 2302 640 2330; x_wconf 84' lang='lat' dir='ltr'>est</span> <span class='ocrx_word' id='word_1_291' title='bbox 668 2299 705 2329; x_wconf 89' lang='lat' dir='ltr'>de</span> <span class='ocrx_word' id='word_1_292' title='bbox 739 2309 772 2330; x_wconf 86' lang='lat' dir='ltr'>se</span> <span class='ocrx_word' id='word_1_293' title='bbox 789 2324 796 2334; x_wconf 76' lang='lat'>,</span> <span class='ocrx_word' id='word_1_294' title='bbox 827 2300 937 2330; x_wconf 87' lang='lat' dir='ltr'>debeat</span> <span class='ocrx_word' id='word_1_295' title='bbox 964 2310 1031 2331; x_wconf 87' lang='lat' dir='ltr'>esse</span> 
     </span>
     <span class='ocr_line' id='line_1_44' title="bbox 258 2352 1031 2394; baseline -0.003 -9"><span class='ocrx_word' id='word_1_296' title='bbox 258 2356 442 2394; x_wconf 86' lang='lat' dir='ltr'>promptus,</span> <span class='ocrx_word' id='word_1_297' title='bbox 458 2363 521 2384; x_wconf 92' lang='lat' dir='ltr'>non</span> <span class='ocrx_word' id='word_1_298' title='bbox 546 2355 654 2383; x_wconf 85' lang='lat' dir='ltr'>tamen</span> <span class='ocrx_word' id='word_1_299' title='bbox 674 2352 765 2382; x_wconf 82' lang='lat' dir='ltr'>debet</span> <span class='ocrx_word' id='word_1_300' title='bbox 782 2353 886 2391; x_wconf 83' lang='lat' dir='ltr'>palam</span> <span class='ocrx_word' id='word_1_301' title='bbox 906 2356 1031 2392; x_wconf 85' lang='lat' dir='ltr'>peccata</span> 
     </span>
     <span class='ocr_line' id='line_1_45' title="bbox 257 2406 847 2445; baseline -0.005 -7"><span class='ocrx_word' id='word_1_302' title='bbox 257 2408 370 2445; x_wconf 79' lang='lat' dir='ltr'>dicere,</span> <span class='ocrx_word' id='word_1_303' title='bbox 388 2416 427 2437; x_wconf 90' lang='lat' dir='ltr'>ne</span> <span class='ocrx_word' id='word_1_304' title='bbox 442 2407 494 2437; x_wconf 88' lang='lat' dir='ltr'>alii</span> <span class='ocrx_word' id='word_1_305' title='bbox 510 2406 581 2436; x_wconf 79' lang='lat' dir='ltr'>inde</span> <span class='ocrx_word' id='word_1_306' title='bbox 593 2406 847 2436; x_wconf 85' lang='lat' dir='ltr'>damnificentur.</span> 
     </span>
    </p>

    <p class='ocr_par' dir='ltr' id='par_1_7' title="bbox 300 2458 1030 2498">
     <span class='ocr_line' id='line_1_46' title="bbox 300 2458 1030 2498; baseline 0 -8"><span class='ocrx_word' id='word_1_307' title='bbox 300 2462 329 2490; x_wconf 80' lang='lat'>4.</span> <span class='ocrx_word' id='word_1_308' title='bbox 346 2460 394 2490; x_wconf 84' lang='lat' dir='ltr'>Ad</span> <span class='ocrx_word' id='word_1_309' title='bbox 416 2459 493 2490; x_wconf 90' lang='lat' dir='ltr'>illud</span> <span class='ocrx_word' id='word_1_310' title='bbox 506 2459 591 2498; x_wconf 90' lang='lat' dir='ltr'>quod</span> <span class='ocrx_word' id='word_1_311' title='bbox 606 2458 753 2497; x_wconf 88' lang='lat' dir='ltr'>objicitur</span> <span class='ocrx_word' id='word_1_312' title='bbox 769 2458 806 2489; x_wconf 89' lang='lat' dir='ltr'>de</span> <span class='ocrx_word' id='word_1_313' title='bbox 821 2458 928 2489; x_wconf 90' lang='lat' dir='ltr'>divino</span> <span class='ocrx_word' id='word_1_314' title='bbox 939 2460 1030 2498; x_wconf 68' lang='grc' dir='ltr'>ι111111-</span> 
     </span>
    </p>
   </div>
   <div class='ocr_carea' id='block_1_4' title="bbox 259 2538 1030 2604">
    <p class='ocr_par' dir='ltr' id='par_1_8' title="bbox 259 2538 1030 2604">
     <span class='ocr_line' id='line_1_47' title="bbox 292 2538 1029 2569; baseline -0.001 -6"><span class='ocrx_word' id='word_1_315' title='bbox 292 2540 298 2556; x_wconf 84' lang='lat'>¹</span> <span class='ocrx_word' id='word_1_316' title='bbox 313 2540 352 2569; x_wconf 85' lang='lat' dir='ltr'>Cf.</span> <span class='ocrx_word' id='word_1_317' title='bbox 373 2539 442 2563; x_wconf 77' lang='lat' dir='ltr'>Alex.</span> <span class='ocrx_word' id='word_1_318' title='bbox 459 2539 553 2567; x_wconf 59' lang='lat' dir='ltr'>Ateus„</span> <span class='ocrx_word' id='word_1_319' title='bbox 567 2545 592 2569; x_wconf 88' lang='lat' dir='ltr'>p.</span> <span class='ocrx_word' id='word_1_320' title='bbox 611 2538 653 2567; x_wconf 89' lang='lat' dir='ltr'>tV,</span> <span class='ocrx_word' id='word_1_321' title='bbox 665 2545 690 2569; x_wconf 76' lang='lat' dir='ltr'>q.</span> <span class='ocrx_word' id='word_1_322' title='bbox 708 2543 783 2567; x_wconf 81' lang='lat' dir='ltr'>xvm,</span> <span class='ocrx_word' id='word_1_323' title='bbox 795 2538 891 2562; x_wconf 77' lang='lat' dir='ltr'>memb.</span> <span class='ocrx_word' id='word_1_324' title='bbox 904 2539 926 2568; x_wconf 58' lang='grc'>11,</span> <span class='ocrx_word' id='word_1_325' title='bbox 943 2541 989 2562; x_wconf 74' lang='lat' dir='ltr'>nrt.</span> <span class='ocrx_word' id='word_1_326' title='bbox 1005 2541 1029 2569; x_wconf 78' lang='lat'>2,</span> 
     </span>
     <span class='ocr_line' id='line_1_48' title="bbox 259 2573 1030 2604; baseline -0.003 -6"><span class='ocrx_word' id='word_1_327' title='bbox 259 2575 274 2604; x_wconf 66' lang='grc' dir='ltr'><strong>ἓ</strong></span> <span class='ocrx_word' id='word_1_328' title='bbox 287 2576 318 2603; x_wconf 73' lang='grc'>5;</span> <span class='ocrx_word' id='word_1_329' title='bbox 335 2574 422 2604; x_wconf 84' lang='lat' dir='ltr'>Steph.</span> <span class='ocrx_word' id='word_1_330' title='bbox 437 2574 516 2602; x_wconf 62' lang='lat' dir='ltr'>Brut,</span> <span class='ocrx_word' id='word_1_331' title='bbox 529 2574 558 2597; x_wconf 80' lang='lat' dir='ltr'>tv</span> <span class='ocrx_word' id='word_1_332' title='bbox 573 2574 652 2602; x_wconf 64' lang='lat' dir='ltr'>Sene„</span> <span class='ocrx_word' id='word_1_333' title='bbox 667 2573 724 2596; x_wconf 82' lang='lat' dir='ltr'>dist.</span> <span class='ocrx_word' id='word_1_334' title='bbox 739 2579 799 2602; x_wconf 82' lang='lat' dir='ltr'>xvn,</span> <span class='ocrx_word' id='word_1_335' title='bbox 811 2579 836 2603; x_wconf 81' lang='lat' dir='ltr'>q.</span> <span class='ocrx_word' id='word_1_336' title='bbox 848 2579 926 2602; x_wconf 80' lang='lat' dir='ltr'>xv111;</span> <span class='ocrx_word' id='word_1_337' title='bbox 943 2574 1030 2598; x_wconf 69' lang='lat' dir='ltr'>Petrus</span> 
     </span>
    </p>
   </div>
   <div class='ocr_carea' id='block_1_5' title="bbox 1078 178 1859 1649">
    <p class='ocr_par' dir='ltr' id='par_1_9' title="bbox 1078 178 1849 529">
     <span class='ocr_line' id='line_1_49' title="bbox 1081 178 1845 218; baseline 0.004 -9"><span class='ocrx_word' id='word_1_338' title='bbox 1081 180 1145 217; x_wconf 85' lang='lat' dir='ltr'>cio,</span> <span class='ocrx_word' id='word_1_339' title='bbox 1157 178 1240 218; x_wconf 81' lang='lat' dir='ltr'>qnod</span> <span class='ocrx_word' id='word_1_340' title='bbox 1262 178 1411 208; x_wconf 87' lang='lat' dir='ltr'>omnibus</span> <span class='ocrx_word' id='word_1_341' title='bbox 1431 178 1663 218; x_wconf 84' lang='lat' dir='ltr'>propalabitur,</span> <span class='ocrx_word' id='word_1_342' title='bbox 1679 179 1845 213; x_wconf 81' lang='lat' dir='ltr'>dicendum</span> 
     </span>
     <span class='ocr_line' id='line_1_50' title="bbox 1078 231 1847 271; baseline 0.004 -11"><span class='ocrx_word' id='word_1_343' title='bbox 1078 231 1162 270; x_wconf 82' lang='lat' dir='ltr'>quod</span> <span class='ocrx_word' id='word_1_344' title='bbox 1187 240 1278 261; x_wconf 87' lang='lat' dir='ltr'>secus</span> <span class='ocrx_word' id='word_1_345' title='bbox 1293 233 1356 268; x_wconf 83' lang='lat' dir='ltr'>est,</span> <span class='ocrx_word' id='word_1_346' title='bbox 1372 231 1448 270; x_wconf 83' lang='lat' dir='ltr'>quia</span> <span class='ocrx_word' id='word_1_347' title='bbox 1462 231 1539 262; x_wconf 88' lang='lat' dir='ltr'>illud</span> <span class='ocrx_word' id='word_1_348' title='bbox 1554 231 1613 262; x_wconf 89' lang='lat' dir='ltr'>erit</span> <span class='ocrx_word' id='word_1_349' title='bbox 1624 232 1783 271; x_wconf 84' lang='lat' dir='ltr'>judicium</span> <span class='ocrx_word' id='word_1_350' title='bbox 1798 243 1847 264; x_wconf 79' lang='lat' dir='ltr'>se-</span> 
     </span>
     <span class='ocr_line' id='line_1_51' title="bbox 1080 284 1847 321; baseline 0.004 -8"><span class='ocrx_word' id='word_1_351' title='bbox 1080 284 1222 314; x_wconf 78' lang='lat' dir='ltr'>veritatis</span> <span class='ocrx_word' id='word_1_352' title='bbox 1235 295 1241 321; x_wconf 89' lang='lat'>;</span> <span class='ocrx_word' id='word_1_353' title='bbox 1260 284 1320 314; x_wconf 89' lang='lat' dir='ltr'>hoc</span> <span class='ocrx_word' id='word_1_354' title='bbox 1335 286 1441 314; x_wconf 86' lang='lat' dir='ltr'>autem</span> <span class='ocrx_word' id='word_1_355' title='bbox 1457 286 1502 313; x_wconf 90' lang='lat' dir='ltr'>est</span> <span class='ocrx_word' id='word_1_356' title='bbox 1518 284 1741 315; x_wconf 72' lang='lat' dir='ltr'>misericordiae</span> <span class='ocrx_word' id='word_1_357' title='bbox 1753 287 1784 315; x_wconf 87' lang='lat' dir='ltr'>et</span> <span class='ocrx_word' id='word_1_358' title='bbox 1795 285 1847 316; x_wconf 83' lang='lat' dir='ltr'>be-</span> 
     </span>
     <span class='ocr_line' id='line_1_52' title="bbox 1079 339 1846 378; baseline 0.003 -9"><span class='ocrx_word' id='word_1_359' title='bbox 1079 340 1256 378; x_wconf 80' lang='lat' dir='ltr'>nignitatis.</span> <span class='ocrx_word' id='word_1_360' title='bbox 1277 339 1452 377; x_wconf 80' lang='lat' dir='ltr'>Praeterea,</span> <span class='ocrx_word' id='word_1_361' title='bbox 1469 339 1547 368; x_wconf 88' lang='lat' dir='ltr'>nulli</span> <span class='ocrx_word' id='word_1_362' title='bbox 1571 339 1694 370; x_wconf 83' lang='lat' dir='ltr'>nocebit</span> <span class='ocrx_word' id='word_1_363' title='bbox 1710 340 1762 370; x_wconf 87' lang='lat' dir='ltr'>illa</span> <span class='ocrx_word' id='word_1_364' title='bbox 1779 349 1846 371; x_wconf 86' lang='lat' dir='ltr'>ma·</span> 
     </span>
     <span class='ocr_line' id='line_1_53' title="bbox 1079 391 1848 430; baseline 0 -8"><span class='ocrx_word' id='word_1_365' title='bbox 1079 392 1237 422; x_wconf 79' lang='lat' dir='ltr'>nit&#39;estatio</span> <span class='ocrx_word' id='word_1_366' title='bbox 1250 416 1257 428; x_wconf 85' lang='lat'>‚</span> <span class='ocrx_word' id='word_1_367' title='bbox 1274 392 1327 422; x_wconf 81' lang='lat' dir='ltr'>sed</span> <span class='ocrx_word' id='word_1_368' title='bbox 1345 392 1377 421; x_wconf 90' lang='lat' dir='ltr'>in</span> <span class='ocrx_word' id='word_1_369' title='bbox 1399 392 1456 422; x_wconf 85' lang='lat' dir='ltr'>hoc</span> <span class='ocrx_word' id='word_1_370' title='bbox 1473 391 1525 421; x_wconf 90' lang='lat' dir='ltr'>Dei</span> <span class='ocrx_word' id='word_1_371' title='bbox 1542 392 1578 430; x_wconf 70' lang='lat' dir='ltr'>(h)</span> <span class='ocrx_word' id='word_1_372' title='bbox 1591 392 1714 430; x_wconf 86' lang='lat' dir='ltr'>justitia</span> <span class='ocrx_word' id='word_1_373' title='bbox 1735 392 1848 422; x_wconf 87' lang='lat' dir='ltr'>clarior</span> 
     </span>
     <span class='ocr_line' id='line_1_54' title="bbox 1079 444 1849 485; baseline -0.001 -10"><span class='ocrx_word' id='word_1_374' title='bbox 1079 446 1263 485; x_wconf 78' lang='lat' dir='ltr'>apparebit;</span> <span class='ocrx_word' id='word_1_375' title='bbox 1285 454 1372 475; x_wconf 85' lang='lat' dir='ltr'>nunc</span> <span class='ocrx_word' id='word_1_376' title='bbox 1388 446 1495 474; x_wconf 87' lang='lat' dir='ltr'>autem</span> <span class='ocrx_word' id='word_1_377' title='bbox 1517 444 1595 474; x_wconf 89' lang='lat' dir='ltr'>nulli</span> <span class='ocrx_word' id='word_1_378' title='bbox 1617 444 1794 483; x_wconf 83' lang='lat' dir='ltr'>prodesset,</span> <span class='ocrx_word' id='word_1_379' title='bbox 1818 446 1849 475; x_wconf 87' lang='lat' dir='ltr'>et</span> 
     </span>
     <span class='ocr_line' id='line_1_55' title="bbox 1080 498 1335 529; baseline -0.004 0"><span class='ocrx_word' id='word_1_380' title='bbox 1080 498 1188 529; x_wconf 86' lang='lat' dir='ltr'>multis</span> <span class='ocrx_word' id='word_1_381' title='bbox 1203 499 1335 529; x_wconf 85' lang='lat' dir='ltr'>obesset.</span> 
     </span>
    </p>

    <p class='ocr_par' dir='ltr' id='par_1_10' title="bbox 1080 550 1856 1166">
     <span class='ocr_line' id='line_1_56' title="bbox 1120 550 1850 591; baseline -0.003 -9"><span class='ocrx_word' id='word_1_382' title='bbox 1120 554 1149 582; x_wconf 75' lang='lat'>5.</span> <span class='ocrx_word' id='word_1_383' title='bbox 1164 551 1210 581; x_wconf 89' lang='lat' dir='ltr'>Ad</span> <span class='ocrx_word' id='word_1_384' title='bbox 1227 551 1303 581; x_wconf 88' lang='lat' dir='ltr'>illud</span> <span class='ocrx_word' id='word_1_385' title='bbox 1320 551 1405 590; x_wconf 85' lang='lat' dir='ltr'>quod</span> <span class='ocrx_word' id='word_1_386' title='bbox 1415 551 1582 589; x_wconf 54' lang='lat' dir='ltr'>obiicitur,</span> <span class='ocrx_word' id='word_1_387' title='bbox 1595 551 1680 591; x_wconf 90' lang='lat' dir='ltr'>quod</span> <span class='ocrx_word' id='word_1_388' title='bbox 1694 550 1850 590; x_wconf 87' lang='lat' dir='ltr'>poenitens</span> 
     </span>
     <span class='ocr_line' id='line_1_57' title="bbox 1080 604 1851 644; baseline -0.003 -8"><span class='ocrx_word' id='word_1_389' title='bbox 1080 605 1172 636; x_wconf 64' lang='lat' dir='ltr'>debet</span> <span class='ocrx_word' id='word_1_390' title='bbox 1190 604 1268 635; x_wconf 78' lang='lat' dir='ltr'>velle</span> <span class='ocrx_word' id='word_1_391' title='bbox 1282 604 1366 644; x_wconf 87' lang='lat' dir='ltr'>quod</span> <span class='ocrx_word' id='word_1_392' title='bbox 1390 604 1442 634; x_wconf 85' lang='lat' dir='ltr'>alii</span> <span class='ocrx_word' id='word_1_393' title='bbox 1462 606 1610 644; x_wconf 85' lang='lat' dir='ltr'>reputent</span> <span class='ocrx_word' id='word_1_394' title='bbox 1624 612 1698 634; x_wconf 90' lang='lat' dir='ltr'>eum</span> <span class='ocrx_word' id='word_1_395' title='bbox 1713 605 1851 642; x_wconf 82' lang='lat' dir='ltr'>peceato-</span> 
     </span>
     <span class='ocr_line' id='line_1_58' title="bbox 1081 656 1853 696; baseline -0.001 -8"><span class='ocrx_word' id='word_1_396' title='bbox 1081 667 1148 688; x_wconf 87' lang='lat' dir='ltr'>rcm</span> <span class='ocrx_word' id='word_1_397' title='bbox 1161 682 1168 695; x_wconf 86' lang='lat'>‚</span> <span class='ocrx_word' id='word_1_398' title='bbox 1184 657 1353 688; x_wconf 85' lang='lat' dir='ltr'>dicendum</span> <span class='ocrx_word' id='word_1_399' title='bbox 1369 657 1452 696; x_wconf 84' lang='lat' dir='ltr'>quod</span> <span class='ocrx_word' id='word_1_400' title='bbox 1468 666 1582 687; x_wconf 86' lang='lat' dir='ltr'>verum</span> <span class='ocrx_word' id='word_1_401' title='bbox 1599 658 1647 687; x_wconf 88' lang='lat' dir='ltr'>est</span> <span class='ocrx_word' id='word_1_402' title='bbox 1662 656 1748 696; x_wconf 91' lang='lat' dir='ltr'>quod</span> <span class='ocrx_word' id='word_1_403' title='bbox 1760 656 1853 687; x_wconf 83' lang='lat' dir='ltr'>debet</span> 
     </span>
     <span class='ocr_line' id='line_1_59' title="bbox 1083 709 1851 748; baseline -0.001 -7"><span class='ocrx_word' id='word_1_404' title='bbox 1083 711 1162 741; x_wconf 78' lang='lat' dir='ltr'>velle</span> <span class='ocrx_word' id='word_1_405' title='bbox 1177 719 1267 741; x_wconf 83' lang='lat' dir='ltr'>suam</span> <span class='ocrx_word' id='word_1_406' title='bbox 1289 710 1543 740; x_wconf 86' lang='lat' dir='ltr'>humiliationem</span> <span class='ocrx_word' id='word_1_407' title='bbox 1557 733 1565 746; x_wconf 82' lang='lat'>,</span> <span class='ocrx_word' id='word_1_408' title='bbox 1582 709 1624 740; x_wconf 89' lang='lat' dir='ltr'>ita</span> <span class='ocrx_word' id='word_1_409' title='bbox 1638 711 1746 740; x_wconf 90' lang='lat' dir='ltr'>tamen</span> <span class='ocrx_word' id='word_1_410' title='bbox 1766 709 1851 748; x_wconf 87' lang='lat' dir='ltr'>quod</span> 
     </span>
     <span class='ocr_line' id='line_1_60' title="bbox 1082 762 1855 803; baseline -0.003 -9"><span class='ocrx_word' id='word_1_411' title='bbox 1082 764 1136 794; x_wconf 80' lang='lat' dir='ltr'>alii</span> <span class='ocrx_word' id='word_1_412' title='bbox 1164 774 1228 794; x_wconf 91' lang='lat' dir='ltr'>nou</span> <span class='ocrx_word' id='word_1_413' title='bbox 1258 765 1387 803; x_wconf 86' lang='lat' dir='ltr'>peccent</span> <span class='ocrx_word' id='word_1_414' title='bbox 1408 763 1659 800; x_wconf 80' lang='lat' dir='ltr'>contemnendo,</span> <span class='ocrx_word' id='word_1_415' title='bbox 1677 762 1731 793; x_wconf 89' lang='lat' dir='ltr'>vel</span> <span class='ocrx_word' id='word_1_416' title='bbox 1751 762 1855 792; x_wconf 88' lang='lat' dir='ltr'>inimi-</span> 
     </span>
     <span class='ocr_line' id='line_1_61' title="bbox 1082 815 1856 855; baseline -0.003 -8"><span class='ocrx_word' id='word_1_417' title='bbox 1082 818 1182 848; x_wconf 78' lang='lat' dir='ltr'>cando</span> <span class='ocrx_word' id='word_1_418' title='bbox 1206 829 1211 847; x_wconf 89' lang='lat'>:</span> <span class='ocrx_word' id='word_1_419' title='bbox 1236 820 1267 847; x_wconf 88' lang='lat' dir='ltr'>et</span> <span class='ocrx_word' id='word_1_420' title='bbox 1292 817 1362 847; x_wconf 80' lang='lat' dir='ltr'>ideo</span> <span class='ocrx_word' id='word_1_421' title='bbox 1376 816 1492 846; x_wconf 82' lang='lat' dir='ltr'>sufficit</span> <span class='ocrx_word' id='word_1_422' title='bbox 1516 815 1599 855; x_wconf 82' lang='lat' dir='ltr'>quod</span> <span class='ocrx_word' id='word_1_423' title='bbox 1623 817 1799 855; x_wconf 85' lang='lat' dir='ltr'>peccatores</span> <span class='ocrx_word' id='word_1_424' title='bbox 1822 824 1856 846; x_wconf 85' lang='lat' dir='ltr'>se</span> 
     </span>
     <span class='ocr_line' id='line_1_62' title="bbox 1082 868 1856 909; baseline -0.004 -8"><span class='ocrx_word' id='word_1_425' title='bbox 1082 871 1187 901; x_wconf 89' lang='lat' dir='ltr'>dicant</span> <span class='ocrx_word' id='word_1_426' title='bbox 1206 871 1238 900; x_wconf 92' lang='lat' dir='ltr'>in</span> <span class='ocrx_word' id='word_1_427' title='bbox 1259 870 1419 909; x_wconf 78' lang='lat' dir='ltr'>generali3</span> <span class='ocrx_word' id='word_1_428' title='bbox 1435 869 1488 900; x_wconf 85' lang='lat' dir='ltr'>sed</span> <span class='ocrx_word' id='word_1_429' title='bbox 1506 878 1570 899; x_wconf 89' lang='lat' dir='ltr'>non</span> <span class='ocrx_word' id='word_1_430' title='bbox 1592 868 1722 908; x_wconf 83' lang='lat' dir='ltr'>expedit</span> <span class='ocrx_word' id='word_1_431' title='bbox 1737 868 1770 898; x_wconf 91' lang='lat' dir='ltr'>in</span> <span class='ocrx_word' id='word_1_432' title='bbox 1784 877 1856 908; x_wconf 86' lang='lat' dir='ltr'>spe-</span> 
     </span>
     <span class='ocr_line' id='line_1_63' title="bbox 1083 921 1855 961; baseline -0.004 -7"><span class='ocrx_word' id='word_1_433' title='bbox 1083 924 1154 954; x_wconf 76' lang='lat' dir='ltr'>ciali</span> <span class='ocrx_word' id='word_1_434' title='bbox 1184 924 1226 953; x_wconf 81' lang='lat' dir='ltr'>ita</span> <span class='ocrx_word' id='word_1_435' title='bbox 1253 922 1363 953; x_wconf 87' lang='lat' dir='ltr'>multis</span> <span class='ocrx_word' id='word_1_436' title='bbox 1390 922 1493 953; x_wconf 82' lang='lat' dir='ltr'>d&#39;1cere</span> <span class='ocrx_word' id='word_1_437' title='bbox 1517 921 1629 959; x_wconf 87' lang='lat' dir='ltr'>simul,</span> <span class='ocrx_word' id='word_1_438' title='bbox 1645 921 1784 951; x_wconf 84' lang='lat' dir='ltr'>maxime</span> <span class='ocrx_word' id='word_1_439' title='bbox 1800 921 1855 961; x_wconf 88' lang='lat' dir='ltr'>qui</span> 
     </span>
     <span class='ocr_line' id='line_1_64' title="bbox 1084 973 1856 1013; baseline -0.004 -6"><span class='ocrx_word' id='word_1_440' title='bbox 1084 986 1147 1007; x_wconf 90' lang='lat' dir='ltr'>non</span> <span class='ocrx_word' id='word_1_441' title='bbox 1171 978 1245 1007; x_wconf 82' lang='lat' dir='ltr'>sunt</span> <span class='ocrx_word' id='word_1_442' title='bbox 1261 976 1436 1006; x_wconf 82' lang='lat' dir='ltr'>sacerdotes</span> <span class='ocrx_word' id='word_1_443' title='bbox 1452 987 1459 1006; x_wconf 90' lang='lat'>:</span> <span class='ocrx_word' id='word_1_444' title='bbox 1476 984 1540 1005; x_wconf 88' lang='grc'><strong>11011</strong></span> <span class='ocrx_word' id='word_1_445' title='bbox 1556 984 1634 1013; x_wconf 83' lang='lat' dir='ltr'>ergo</span> <span class='ocrx_word' id='word_1_446' title='bbox 1649 974 1740 1005; x_wconf 84' lang='lat' dir='ltr'>debet</span> <span class='ocrx_word' id='word_1_447' title='bbox 1756 973 1856 1005; x_wconf 86' lang='lat' dir='ltr'>celare</span> 
     </span>
     <span class='ocr_line' id='line_1_65' title="bbox 1085 1027 1856 1069; baseline -0.003 -9"><span class='ocrx_word' id='word_1_448' title='bbox 1085 1032 1246 1069; x_wconf 78' lang='lat' dir='ltr'>peccatum</span> <span class='ocrx_word' id='word_1_449' title='bbox 1263 1031 1389 1068; x_wconf 80' lang='lat' dir='ltr'>propter</span> <span class='ocrx_word' id='word_1_450' title='bbox 1410 1037 1505 1058; x_wconf 89' lang='lat' dir='ltr'>suum</span> <span class='ocrx_word' id='word_1_451' title='bbox 1530 1027 1733 1058; x_wconf 89' lang='lat' dir='ltr'>commodum</span> <span class='ocrx_word' id='word_1_452' title='bbox 1749 1029 1779 1057; x_wconf 92' lang='lat' dir='ltr'>et</span> <span class='ocrx_word' id='word_1_453' title='bbox 1791 1027 1856 1066; x_wconf 84' lang='lat' dir='ltr'>glo·</span> 
     </span>
     <span class='ocr_line' id='line_1_66' title="bbox 1085 1079 1856 1122; baseline -0.004 -9"><span class='ocrx_word' id='word_1_454' title='bbox 1085 1084 1187 1120; x_wconf 87' lang='lat' dir='ltr'>riam,</span> <span class='ocrx_word' id='word_1_455' title='bbox 1209 1083 1263 1112; x_wconf 81' lang='lat' dir='ltr'>sed</span> <span class='ocrx_word' id='word_1_456' title='bbox 1288 1085 1416 1122; x_wconf 88' lang='lat' dir='ltr'>propter</span> <span class='ocrx_word' id='word_1_457' title='bbox 1437 1081 1610 1112; x_wconf 86' lang='lat' dir='ltr'>cavendam</span> <span class='ocrx_word' id='word_1_458' title='bbox 1633 1080 1759 1120; x_wconf 86' lang='lat' dir='ltr'>culpam</span> <span class='ocrx_word' id='word_1_459' title='bbox 1785 1079 1856 1110; x_wconf 84' lang='lat' dir='ltr'>alie·</span> 
     </span>
     <span class='ocr_line' id='line_1_67' title="bbox 1085 1145 1172 1166; baseline -0.011 0"><span class='ocrx_word' id='word_1_460' title='bbox 1085 1145 1172 1166; x_wconf 85' lang='lat' dir='ltr'>nam.</span> 
     </span>
    </p>

    <p class='ocr_par' dir='ltr' id='par_1_11' title="bbox 1086 1185 1859 1649">
     <span class='ocr_line' id='line_1_68' title="bbox 1126 1185 1857 1226; baseline -0.004 -8"><span class='ocrx_word' id='word_1_461' title='bbox 1126 1190 1155 1218; x_wconf 79' lang='grc'>6.</span> <span class='ocrx_word' id='word_1_462' title='bbox 1174 1188 1221 1218; x_wconf 79' lang='lat' dir='ltr'>Ad</span> <span class='ocrx_word' id='word_1_463' title='bbox 1245 1187 1323 1218; x_wconf 85' lang='lat' dir='ltr'>illud</span> <span class='ocrx_word' id='word_1_464' title='bbox 1345 1187 1428 1226; x_wconf 87' lang='lat' dir='ltr'>quod</span> <span class='ocrx_word' id='word_1_465' title='bbox 1448 1187 1610 1225; x_wconf 82' lang='lat' dir='ltr'>objicitur,</span> <span class='ocrx_word' id='word_1_466' title='bbox 1627 1185 1710 1225; x_wconf 90' lang='lat' dir='ltr'>quod</span> <span class='ocrx_word' id='word_1_467' title='bbox 1731 1185 1857 1216; x_wconf 86' lang='lat' dir='ltr'>confite-</span> 
     </span>
     <span class='ocr_line' id='line_1_69' title="bbox 1086 1238 1858 1277; baseline -0.003 -7"><span class='ocrx_word' id='word_1_468' title='bbox 1086 1243 1140 1271; x_wconf 88' lang='lat' dir='ltr'>tur</span> <span class='ocrx_word' id='word_1_469' title='bbox 1158 1243 1193 1270; x_wconf 91' lang='grc'>111</span> <span class='ocrx_word' id='word_1_470' title='bbox 1215 1240 1435 1270; x_wconf 81' lang='lat' dir='ltr'>reconcilietur</span> <span class='ocrx_word' id='word_1_471' title='bbox 1446 1263 1454 1276; x_wconf 85' lang='lat'>,</span> <span class='ocrx_word' id='word_1_472' title='bbox 1470 1239 1641 1270; x_wconf 87' lang='lat' dir='ltr'>dicendum</span> <span class='ocrx_word' id='word_1_473' title='bbox 1656 1238 1741 1277; x_wconf 85' lang='lat' dir='ltr'>quod</span> <span class='ocrx_word' id='word_1_474' title='bbox 1760 1247 1858 1268; x_wconf 81' lang='lat' dir='ltr'>sacer-</span> 
     </span>
     <span class='ocr_line' id='line_1_70' title="bbox 1087 1291 1859 1332; baseline -0.004 -8"><span class='ocrx_word' id='word_1_475' title='bbox 1087 1294 1143 1324; x_wconf 90' lang='lat' dir='ltr'>dos</span> <span class='ocrx_word' id='word_1_476' title='bbox 1154 1294 1250 1323; x_wconf 84' lang='lat' dir='ltr'>hahet</span> <span class='ocrx_word' id='word_1_477' title='bbox 1263 1295 1447 1332; x_wconf 77' lang='lat' dir='ltr'>potestatem</span> <span class='ocrx_word' id='word_1_478' title='bbox 1459 1291 1680 1322; x_wconf 87' lang='lat' dir='ltr'>reconciliandi</span> <span class='ocrx_word' id='word_1_479' title='bbox 1693 1291 1767 1329; x_wconf 91' lang='lat' dir='ltr'>Deo,</span> <span class='ocrx_word' id='word_1_480' title='bbox 1784 1291 1859 1331; x_wconf 88' lang='lat' dir='ltr'>quia</span> 
     </span>
     <span class='ocr_line' id='line_1_71' title="bbox 1088 1343 1858 1386; baseline -0.003 -10"><span class='ocrx_word' id='word_1_481' title='bbox 1088 1348 1154 1386; x_wconf 82' lang='lat' dir='ltr'>ipse</span> <span class='ocrx_word' id='word_1_482' title='bbox 1170 1347 1290 1377; x_wconf 84' lang='lat' dir='ltr'>ratione</span> <span class='ocrx_word' id='word_1_483' title='bbox 1304 1345 1498 1376; x_wconf 83' lang='lat' dir='ltr'>auctoritatis</span> <span class='ocrx_word' id='word_1_484' title='bbox 1514 1345 1661 1383; x_wconf 84' lang='lat' dir='ltr'>fungitur</span> <span class='ocrx_word' id='word_1_485' title='bbox 1672 1345 1746 1383; x_wconf 76' lang='lat' dir='ltr'>Jure</span> <span class='ocrx_word' id='word_1_486' title='bbox 1761 1343 1815 1374; x_wconf 86' lang='lat' dir='ltr'>Dei</span> <span class='ocrx_word' id='word_1_487' title='bbox 1827 1346 1858 1374; x_wconf 89' lang='lat' dir='ltr'>et</span> 
     </span>
     <span class='ocr_line' id='line_1_72' title="bbox 1090 1397 1857 1438; baseline -0.005 -8"><span class='ocrx_word' id='word_1_488' title='bbox 1090 1400 1253 1437; x_wconf 60' lang='lat' dir='ltr'>Ecclesiae,</span> <span class='ocrx_word' id='word_1_489' title='bbox 1275 1401 1425 1438; x_wconf 82' lang='lat' dir='ltr'>tanquam</span> <span class='ocrx_word' id='word_1_490' title='bbox 1449 1398 1601 1428; x_wconf 88' lang='lat' dir='ltr'>mediator</span> <span class='ocrx_word' id='word_1_491' title='bbox 1620 1397 1803 1437; x_wconf 83' lang='lat' dir='ltr'>utriusque⁷</span> <span class='ocrx_word' id='word_1_492' title='bbox 1827 1399 1857 1426; x_wconf 84' lang='lat' dir='ltr'>ct</span> 
     </span>
     <span class='ocr_line' id='line_1_73' title="bbox 1089 1451 1858 1492; baseline -0.007 -8"><span class='ocrx_word' id='word_1_493' title='bbox 1089 1453 1156 1484; x_wconf 75' lang='lat' dir='ltr'>ideo</span> <span class='ocrx_word' id='word_1_494' title='bbox 1168 1462 1231 1483; x_wconf 91' lang='lat' dir='ltr'>non</span> <span class='ocrx_word' id='word_1_495' title='bbox 1244 1454 1366 1492; x_wconf 86' lang='lat' dir='ltr'>oportet</span> <span class='ocrx_word' id='word_1_496' title='bbox 1376 1452 1612 1482; x_wconf 83' lang='lat' dir='ltr'>multitudinem</span> <span class='ocrx_word' id='word_1_497' title='bbox 1624 1451 1731 1481; x_wconf 81' lang='lat' dir='ltr'>adesse</span> <span class='ocrx_word' id='word_1_498' title='bbox 1744 1461 1751 1480; x_wconf 89' lang='lat'>:</span> <span class='ocrx_word' id='word_1_499' title='bbox 1768 1459 1858 1480; x_wconf 84' lang='lat' dir='ltr'>secus</span> 
     </span>
     <span class='ocr_line' id='line_1_74' title="bbox 1088 1503 1858 1544; baseline -0.005 -8"><span class='ocrx_word' id='word_1_500' title='bbox 1088 1508 1195 1536; x_wconf 79' lang='lat' dir='ltr'>autem</span> <span class='ocrx_word' id='word_1_501' title='bbox 1211 1508 1258 1536; x_wconf 92' lang='lat' dir='ltr'>est</span> <span class='ocrx_word' id='word_1_502' title='bbox 1281 1506 1313 1535; x_wconf 87' lang='lat' dir='ltr'>in</span> <span class='ocrx_word' id='word_1_503' title='bbox 1333 1505 1452 1544; x_wconf 86' lang='lat' dir='ltr'>judicio</span> <span class='ocrx_word' id='word_1_504' title='bbox 1467 1504 1676 1542; x_wconf 85' lang='lat' dir='ltr'>contentioso,</span> <span class='ocrx_word' id='word_1_505' title='bbox 1693 1503 1747 1533; x_wconf 76' lang='lat' dir='ltr'>uhi</span> <span class='ocrx_word' id='word_1_506' title='bbox 1762 1503 1858 1533; x_wconf 89' lang='lat' dir='ltr'>homo</span> 
     </span>
     <span class='ocr_line' id='line_1_75' title="bbox 1090 1555 1856 1596; baseline -0.005 -8"><span class='ocrx_word' id='word_1_507' title='bbox 1090 1569 1122 1589; x_wconf 78' lang='lat' dir='ltr'>sc</span> <span class='ocrx_word' id='word_1_508' title='bbox 1138 1568 1202 1589; x_wconf 89' lang='lat' dir='ltr'>non</span> <span class='ocrx_word' id='word_1_509' title='bbox 1216 1560 1359 1596; x_wconf 67' lang='lat' dir='ltr'>accusat,</span> <span class='ocrx_word' id='word_1_510' title='bbox 1372 1558 1425 1588; x_wconf 87' lang='lat' dir='ltr'>sed</span> <span class='ocrx_word' id='word_1_511' title='bbox 1440 1557 1591 1593; x_wconf 74' lang='lat' dir='ltr'>defendit3</span> <span class='ocrx_word' id='word_1_512' title='bbox 1609 1556 1661 1586; x_wconf 88' lang='lat' dir='ltr'>ubi</span> <span class='ocrx_word' id='word_1_513' title='bbox 1677 1555 1856 1595; x_wconf 87' lang='lat' dir='ltr'>producun-</span> 
     </span>
     <span class='ocr_line' id='line_1_76' title="bbox 1089 1612 1686 1649; baseline -0.005 -7"><span class='ocrx_word' id='word_1_514' title='bbox 1089 1614 1140 1642; x_wconf 90' lang='lat' dir='ltr'>tur</span> <span class='ocrx_word' id='word_1_515' title='bbox 1155 1614 1245 1642; x_wconf 66' lang='lat' dir='ltr'>testes</span> <span class='ocrx_word' id='word_1_516' title='bbox 1264 1622 1270 1641; x_wconf 70' lang='grc' dir='ltr'>ε</span> <span class='ocrx_word' id='word_1_517' title='bbox 1288 1612 1338 1640; x_wconf 70' lang='lat' dir='ltr'>hic</span> <span class='ocrx_word' id='word_1_518' title='bbox 1354 1613 1458 1640; x_wconf 73' lang='lat' dir='ltr'>autem</span> <span class='ocrx_word' id='word_1_519' title='bbox 1472 1619 1535 1640; x_wconf 92' lang='lat' dir='ltr'>nou</span> <span class='ocrx_word' id='word_1_520' title='bbox 1555 1612 1686 1649; x_wconf 87' lang='lat' dir='ltr'>oportet.</span> 
     </span>
    </p>
   </div>
   <div class='ocr_carea' id='block_1_6' title="bbox 1316 1730 1626 1764">
    <p class='ocr_par' dir='ltr' id='par_1_12' title="bbox 1316 1730 1626 1764">
     <span class='ocr_line' id='line_1_77' title="bbox 1316 1730 1626 1764; baseline -0.006 0"><span class='ocrx_word' id='word_1_521' title='bbox 1316 1730 1558 1764; x_wconf 77' lang='lat' dir='ltr'>ARTICULUS</span> <span class='ocrx_word' id='word_1_522' title='bbox 1585 1730 1626 1762; x_wconf 88' lang='lat'>11.</span> 
     </span>
    </p>
   </div>
   <div class='ocr_carea' id='block_1_7' title="bbox 1086 1823 1858 2182">
    <p class='ocr_par' dir='ltr' id='par_1_13' title="bbox 1086 1823 1858 2182">
     <span class='ocr_line' id='line_1_78' title="bbox 1129 1823 1858 1864; baseline -0.001 -10"><span class='ocrx_word' id='word_1_523' title='bbox 1129 1826 1376 1864; x_wconf 77' lang='lat' dir='ltr'>Consequenter,</span> <span class='ocrx_word' id='word_1_524' title='bbox 1393 1826 1548 1864; x_wconf 83' lang='lat' dir='ltr'>quantum</span> <span class='ocrx_word' id='word_1_525' title='bbox 1564 1823 1603 1854; x_wconf 82' lang='lat' dir='ltr'>ad</span> <span class='ocrx_word' id='word_1_526' title='bbox 1621 1823 1794 1854; x_wconf 83' lang='lat' dir='ltr'>seeundum</span> <span class='ocrx_word' id='word_1_527' title='bbox 1809 1831 1858 1853; x_wconf 89' lang='lat' dir='ltr'>ar-</span> 
     </span>
     <span class='ocr_line' id='line_1_79' title="bbox 1089 1876 1857 1917; baseline -0.003 -9"><span class='ocrx_word' id='word_1_528' title='bbox 1089 1878 1233 1916; x_wconf 77' lang='lat' dir='ltr'>ticulum,</span> <span class='ocrx_word' id='word_1_529' title='bbox 1250 1878 1408 1917; x_wconf 77' lang='lat' dir='ltr'>quaeritur</span> <span class='ocrx_word' id='word_1_530' title='bbox 1425 1877 1501 1916; x_wconf 86' lang='lat' dir='ltr'>quid</span> <span class='ocrx_word' id='word_1_531' title='bbox 1521 1877 1560 1907; x_wconf 89' lang='lat' dir='ltr'>sit</span> <span class='ocrx_word' id='word_1_532' title='bbox 1581 1876 1810 1913; x_wconf 64' lang='lat' dir='ltr'>confitendunu</span> <span class='ocrx_word' id='word_1_533' title='bbox 1827 1878 1857 1906; x_wconf 89' lang='lat' dir='ltr'>et</span> 
     </span>
     <span class='ocr_line' id='line_1_80' title="bbox 1087 1929 1856 1970; baseline -0.003 -9"><span class='ocrx_word' id='word_1_534' title='bbox 1087 1932 1169 1962; x_wconf 87' lang='lat' dir='ltr'>circa</span> <span class='ocrx_word' id='word_1_535' title='bbox 1192 1931 1252 1961; x_wconf 75' lang='lat' dir='ltr'>hoc</span> <span class='ocrx_word' id='word_1_536' title='bbox 1282 1932 1473 1970; x_wconf 86' lang='lat' dir='ltr'>quaeruntur</span> <span class='ocrx_word' id='word_1_537' title='bbox 1491 1930 1552 1959; x_wconf 85' lang='lat' dir='ltr'>tria</span> <span class='ocrx_word' id='word_1_538' title='bbox 1574 1940 1580 1960; x_wconf 77' lang='lat' dir='ltr'><strong><em>z</em></strong></span> <span class='ocrx_word' id='word_1_539' title='bbox 1604 1929 1728 1968; x_wconf 91' lang='lat' dir='ltr'>primo,</span> <span class='ocrx_word' id='word_1_540' title='bbox 1748 1931 1856 1960; x_wconf 88' lang='lat' dir='ltr'>utrum</span> 
     </span>
     <span class='ocr_line' id='line_1_81' title="bbox 1087 1981 1854 2024; baseline -0.003 -10"><span class='ocrx_word' id='word_1_541' title='bbox 1087 1986 1227 2024; x_wconf 81' lang='lat' dir='ltr'>oporteat</span> <span class='ocrx_word' id='word_1_542' title='bbox 1243 1984 1384 2014; x_wconf 83' lang='lat' dir='ltr'>confiteri</span> <span class='ocrx_word' id='word_1_543' title='bbox 1396 1991 1524 2014; x_wconf 89' lang='lat' dir='ltr'>omnem</span> <span class='ocrx_word' id='word_1_544' title='bbox 1542 1982 1698 2014; x_wconf 88' lang='lat' dir='ltr'>venialem</span> <span class='ocrx_word' id='word_1_545' title='bbox 1713 1981 1854 2021; x_wconf 86' lang='lat' dir='ltr'>culpam;</span> 
     </span>
     <span class='ocr_line' id='line_1_82' title="bbox 1086 2035 1855 2076; baseline -0.004 -9"><span class='ocrx_word' id='word_1_546' title='bbox 1086 2037 1240 2075; x_wconf 75' lang='lat' dir='ltr'>secundo,</span> <span class='ocrx_word' id='word_1_547' title='bbox 1266 2039 1377 2067; x_wconf 90' lang='lat' dir='ltr'>utrum</span> <span class='ocrx_word' id='word_1_548' title='bbox 1401 2038 1545 2076; x_wconf 83' lang='lat' dir='ltr'>oporteat</span> <span class='ocrx_word' id='word_1_549' title='bbox 1570 2035 1709 2066; x_wconf 83' lang='lat' dir='ltr'>confiteri</span> <span class='ocrx_word' id='word_1_550' title='bbox 1728 2043 1855 2065; x_wconf 86' lang='lat' dir='ltr'>omnem</span> 
     </span>
     <span class='ocr_line' id='line_1_83' title="bbox 1087 2087 1856 2130; baseline -0.004 -10"><span class='ocrx_word' id='word_1_551' title='bbox 1087 2090 1203 2130; x_wconf 82' lang='lat' dir='ltr'>peccati</span> <span class='ocrx_word' id='word_1_552' title='bbox 1226 2090 1367 2120; x_wconf 85' lang='lat' dir='ltr'>mortalis</span> <span class='ocrx_word' id='word_1_553' title='bbox 1383 2089 1608 2125; x_wconf 77' lang='lat' dir='ltr'>differentiam3</span> <span class='ocrx_word' id='word_1_554' title='bbox 1623 2087 1730 2125; x_wconf 86' lang='lat' dir='ltr'>tertio,</span> <span class='ocrx_word' id='word_1_555' title='bbox 1746 2089 1856 2118; x_wconf 88' lang='lat' dir='ltr'>utrum</span> 
     </span>
     <span class='ocr_line' id='line_1_84' title="bbox 1086 2141 1813 2182; baseline -0.003 -10"><span class='ocrx_word' id='word_1_556' title='bbox 1086 2145 1225 2182; x_wconf 88' lang='lat' dir='ltr'>oporteat</span> <span class='ocrx_word' id='word_1_557' title='bbox 1240 2142 1380 2173; x_wconf 84' lang='lat' dir='ltr'>confiteri</span> <span class='ocrx_word' id='word_1_558' title='bbox 1394 2150 1520 2172; x_wconf 88' lang='lat' dir='ltr'>omnem</span> <span class='ocrx_word' id='word_1_559' title='bbox 1535 2141 1813 2172; x_wconf 82' lang='lat' dir='ltr'>circumstantiam.</span> 
     </span>
    </p>
   </div>
   <div class='ocr_carea' id='block_1_8' title="bbox 1362 2248 1585 2284">
    <p class='ocr_par' dir='ltr' id='par_1_14' title="bbox 1362 2248 1585 2284">
     <span class='ocr_line' id='line_1_85' title="bbox 1362 2248 1585 2284; baseline 0 -6"><span class='ocrx_word' id='word_1_560' title='bbox 1362 2248 1540 2284; x_wconf 79' lang='lat' dir='ltr'>QUAESTlO</span> <span class='ocrx_word' id='word_1_561' title='bbox 1564 2248 1585 2278; x_wconf 86' lang='lat'>1.</span> 
     </span>
    </p>
   </div>
   <div class='ocr_carea' id='block_1_9' title="bbox 1116 2328 1831 2363">
    <p class='ocr_par' dir='ltr' id='par_1_15' title="bbox 1116 2328 1831 2363">
     <span class='ocr_line' id='line_1_86' title="bbox 1116 2328 1831 2363; baseline 0.001 -9"><span class='ocrx_word' id='word_1_562' title='bbox 1116 2329 1161 2354; x_wconf 78' lang='lat' dir='ltr'>An</span> <span class='ocrx_word' id='word_1_563' title='bbox 1173 2330 1292 2362; x_wconf 79' lang='lat' dir='ltr'>oporteat</span> <span class='ocrx_word' id='word_1_564' title='bbox 1306 2330 1422 2362; x_wconf 75' lang='lat' dir='ltr'>confiteri</span> <span class='ocrx_word' id='word_1_565' title='bbox 1437 2336 1535 2355; x_wconf 82' lang='lat' dir='ltr'>omnem</span> <span class='ocrx_word' id='word_1_566' title='bbox 1549 2329 1678 2356; x_wconf 69' lang='lat' dir='ltr'>venialem</span> <span class='ocrx_word' id='word_1_567' title='bbox 1693 2329 1799 2363; x_wconf 78' lang='lat' dir='ltr'>culpam</span> <span class='ocrx_word' id='word_1_568' title='bbox 1813 2328 1831 2355; x_wconf 91' lang='lat'>¹.</span> 
     </span>
    </p>
   </div>
   <div class='ocr_carea' id='block_1_10' title="bbox 1127 2407 1972 2447">
    <p class='ocr_par' dir='ltr' id='par_1_16' title="bbox 1127 2407 1972 2447">
     <span class='ocr_line' id='line_1_87' title="bbox 1127 2407 1972 2447; baseline 0.001 -10"><span class='ocrx_word' id='word_1_569' title='bbox 1127 2407 1212 2438; x_wconf 80' lang='lat' dir='ltr'>Circa</span> <span class='ocrx_word' id='word_1_570' title='bbox 1222 2416 1318 2447; x_wconf 89' lang='lat' dir='ltr'>quam</span> <span class='ocrx_word' id='word_1_571' title='bbox 1329 2407 1516 2446; x_wconf 83' lang='lat' dir='ltr'>ostenditur,</span> <span class='ocrx_word' id='word_1_572' title='bbox 1532 2407 1615 2447; x_wconf 91' lang='lat' dir='ltr'>quod</span> <span class='ocrx_word' id='word_1_573' title='bbox 1626 2409 1768 2447; x_wconf 86' lang='lat' dir='ltr'>oporteat</span> <span class='ocrx_word' id='word_1_574' title='bbox 1780 2416 1851 2438; x_wconf 87' lang='lat' dir='ltr'>con·</span> <span class='ocrx_word' id='word_1_575' title='bbox 1871 2413 1904 2434; x_wconf 77' lang='lat' dir='ltr'>Ad</span> <span class='ocrx_word' id='word_1_576' title='bbox 1922 2418 1972 2439; x_wconf 72' lang='grc' dir='ltr'>υιψ-</span> 
     </span>
    </p>
   </div>
   <div class='ocr_carea' id='block_1_11' title="bbox 1086 2460 1852 2500">
    <p class='ocr_par' dir='ltr' id='par_1_17' title="bbox 1086 2460 1852 2500">
     <span class='ocr_line' id='line_1_88' title="bbox 1086 2460 1852 2500; baseline 0.004 -11"><span class='ocrx_word' id='word_1_577' title='bbox 1086 2460 1166 2490; x_wconf 86' lang='lat' dir='ltr'>fiteri</span> <span class='ocrx_word' id='word_1_578' title='bbox 1189 2470 1317 2491; x_wconf 87' lang='lat' dir='ltr'>omnem</span> <span class='ocrx_word' id='word_1_579' title='bbox 1339 2460 1464 2500; x_wconf 84' lang='lat' dir='ltr'>culpam</span> <span class='ocrx_word' id='word_1_580' title='bbox 1488 2460 1690 2492; x_wconf 85' lang='lat' dir='ltr'>venialem’:</span> <span class='ocrx_word' id='word_1_581' title='bbox 1717 2460 1852 2499; x_wconf 80' lang='lat' dir='ltr'>Confite-</span> 
     </span>
    </p>
   </div>
   <div class='ocr_carea' id='block_1_12' title="bbox 1086 2530 1843 2605">
    <p class='ocr_par' dir='ltr' id='par_1_18' title="bbox 1086 2530 1843 2605">
     <span class='ocr_line' id='line_1_89' title="bbox 1086 2530 1843 2562; baseline -0.001 -10"><span class='ocrx_word' id='word_1_582' title='bbox 1086 2530 1117 2553; x_wconf 87' lang='lat' dir='ltr'>de</span> <span class='ocrx_word' id='word_1_583' title='bbox 1131 2530 1242 2560; x_wconf 66' lang='lat' dir='ltr'>&#39;rm-ant,</span> <span class='ocrx_word' id='word_1_584' title='bbox 1257 2532 1287 2555; x_wconf 93' lang='lat' dir='ltr'>1v</span> <span class='ocrx_word' id='word_1_585' title='bbox 1302 2531 1379 2562; x_wconf 59' lang='lat' dir='ltr'>Sem„</span> <span class='ocrx_word' id='word_1_586' title='bbox 1393 2531 1449 2555; x_wconf 71' lang='lat' dir='ltr'>dist.</span> <span class='ocrx_word' id='word_1_587' title='bbox 1463 2537 1526 2562; x_wconf 84' lang='lat' dir='ltr'>xvn,</span> <span class='ocrx_word' id='word_1_588' title='bbox 1539 2538 1562 2562; x_wconf 90' lang='lat' dir='ltr'>q.</span> <span class='ocrx_word' id='word_1_589' title='bbox 1577 2537 1673 2555; x_wconf 81' lang='lat' dir='ltr'>xxv.--</span> <span class='ocrx_word' id='word_1_590' title='bbox 1683 2532 1692 2545; x_wconf 86' lang='lat'><em>²</em></span> <span class='ocrx_word' id='word_1_591' title='bbox 1703 2530 1766 2560; x_wconf 62' lang='lat'><em>1110„</em></span> <span class='ocrx_word' id='word_1_592' title='bbox 1776 2535 1800 2560; x_wconf 85' lang='lat' dir='ltr'>v,</span> <span class='ocrx_word' id='word_1_593' title='bbox 1816 2531 1843 2552; x_wconf 75' lang='grc'>16</span> 
     </span>
     <span class='ocr_line' id='line_1_90' title="bbox 1120 2574 1760 2605; baseline 0 -8"><span class='ocrx_word' id='word_1_594' title='bbox 1120 2576 1149 2604; x_wconf 86' lang='lat' dir='ltr'>(a)</span> <span class='ocrx_word' id='word_1_595' title='bbox 1166 2576 1225 2598; x_wconf 74' lang='lat' dir='ltr'>Coel.</span> <span class='ocrx_word' id='word_1_596' title='bbox 1242 2575 1301 2599; x_wconf 70' lang='lat' dir='ltr'>edit.</span> <span class='ocrx_word' id='word_1_597' title='bbox 1317 2575 1373 2599; x_wconf 79' lang='lat' dir='ltr'>add.</span> <span class='ocrx_word' id='word_1_598' title='bbox 1391 2582 1450 2600; x_wconf 91' lang='lat' dir='ltr'>non.</span> <span class='ocrx_word' id='word_1_599' title='bbox 1467 2589 1495 2593; x_wconf 90' lang='lat'>—-</span> <span class='ocrx_word' id='word_1_600' title='bbox 1512 2576 1545 2605; x_wconf 76' lang='lat' dir='ltr'>(b)</span> <span class='ocrx_word' id='word_1_601' title='bbox 1560 2575 1630 2599; x_wconf 67' lang='lat' dir='ltr'>Edit.</span> <span class='ocrx_word' id='word_1_602' title='bbox 1650 2575 1705 2598; x_wconf 73' lang='lat' dir='ltr'>Veri.</span> <span class='ocrx_word' id='word_1_603' title='bbox 1721 2574 1760 2597; x_wconf 85' lang='lat' dir='ltr'>de.</span> 
     </span>
    </p>
   </div>
  </div>
 </body>
</html>
