2017 2948
248 207 285 235 54
797 198 1105 231 SENTENTIARUM
1127 197 1201 228 ΜΒ.
1221 197 1274 229 111.

247 278 392 314 sitivam;
416 275 476 306 alio
499 274 592 306 modo
611 273 818 310 distinguitur
835 273 943 302 contra
962 280 1014 311 po-

248 329 378 360 tentiam
395 328 583 360 affectivam.
601 326 782 357 secunaum
798 325 883 364 quod
902 323 1011 354 distin-

249 382 360 421 guitur
372 384 479 412 contra
492 381 661 420 potentiam
676 379 871 413 sensitivam,
881 377 923 406 sic
939 378 1013 406 sunt

248 435 281 464 in
296 436 384 474 parte
396 433 538 464 rationali
550 442 659 463 omncs
675 432 822 467 virtutes3
840 429 1014 460 secuudum

248 496 324 518 vero
337 487 420 526 quod
436 485 646 524 distinguitur
656 487 764 515 contra
779 483 952 523 potentiam
968 481 1013 511 at*—

248 540 406 577 fectivam,
423 539 467 569 sic
481 548 544 569 non
559 540 631 568 sunt
647 538 679 567 in
695 546 730 567 ea
743 545 852 567 omncs
868 535 1013 571 virtutes,

249 593 303 623 sed
318 593 378 623 illae
394 592 498 622 solum
513 600 584 631 quae
594 590 738 628 dirigunt
754 589 784 618 in
800 586 1014 623 discernendo,

250 647 331 677 sicut
344 646 421 677 fides
434 648 465 675 et
478 644 655 684 prudentia.
670 643 747 673 Aliae
763 650 838 671 vcro
853 648 1016 679 reponun-

250 702 303 730 tur
318 700 349 729 in
364 698 503 738 potentia
517 696 661 727 ati'ectiva
679 706 685 725 t
709 703 781 734 quae
798 693 928 733 quidem
944 700 1016 732 pars

250 754 297 783 est
315 752 452 782 liberum
472 749 651 782 arbitrium,
670 750 700 778 et
720 746 835 777 dicitur
856 745 1014 779 voluntas,

251 804 426 835 secundum
441 802 526 843 quod
545 802 712 841 conjuncta
727 802 772 830 est
789 799 913 829 rationi.
936 797 1016 828 Dici-

251 861 303 888 tur
328 857 422 888 etiam
444 853 694 894 concupiscibilis
715 855 746 884 et
767 851 946 889 irascibilis,
973 860 1019 880 se-

251 910 391 941 cundum
416 908 501 948 quod
525 906 736 938 diversimode
763 905 857 936 habet
881 904 963 934 affici
989 906 1020 934 et

251 963 384 994 moveri.
402 961 487 993 Nihil
501 961 586 992 enim
601 960 687 991 aliud
702 962 747 990 est
760 958 906 989 voluntas
923 966 1018 996 quam

252 1020 393 1056 affectus,
410 1017 476 1048 sive
491 1015 657 1055 appetitus,
676 1011 924 1044 ratiocinativus.
944 1010 1020 1041 Om-

253 1073 305 1104 nis
324 1074 431 1103 autem
455 1069 594 1105 affectus,
619 1067 687 1097 sive
710 1066 879 1106 appetitus,
903 1066 949 1094 est
972 1062 1021 1093 vis

253 1124 428 1158 irascibilis,
446 1123 512 1153 sive
543 1118 811 1159 concupiscibilis:
843 1126 914 1157 quae
947 1116 1021 1146 duce

253 1180 350 1215 vireS‚
380 1176 553 1207 secundum
582 1174 665 1213 quod
691 1174 762 1203 sunt
783 1171 873 1202 liberi
900 1170 1021 1201 arbitrii

254 1233 369 1272 partes,
393 1228 561 1259 rationales
584 1229 668 1263 sunt,
692 1228 722 1256 et
742 1226 773 1255 in
789 1225 866 1264 ipsis
888 1225 1022 1263 possunt

254 1294 320 1316 esse
334 1285 465 1314 virtutes
480 1281 665 1319 theologicae
677 1282 706 1310 et
718 1278 891 1309 cardinales
908 1288 914 1306 :
933 1277 1022 1307 theo-

254 1338 377 1377 logicae,
394 1337 426 1366 in
437 1338 593 1375 quantuni
613 1332 793 1363 immediate
807 1331 974 1361 elevantur
988 1329 1021 1358 in

254 1391 365 1426 Deum,
384 1390 489 1428 ipsum
511 1386 671 1425 diligendo
691 1387 722 1415 et
742 1384 801 1424 ipsi
817 1382 1019 1418 inhaerendo;

255 1442 426 1474 cardinales
441 1449 527 1478 vero,
541 1440 571 1469 in
585 1441 741 1478 quantum
754 1438 923 1467 versantur
940 1436 1021 1465 circa

255 1498 374 1528 bonum
402 1496 551 1525 creatum.
586 1492 623 1522 Et
650 1500 706 1531 per
733 1491 792 1520 hoc
819 1498 876 1529 pro
904 1497 1024 1527 magna

255 1551 343 1589 parte
357 1550 441 1587 patet
456 1545 616 1585 responsio
631 1544 670 1574 ad
685 1543 817 1582 obJecta.

296 1605 324 1631 1.
346 1600 388 1631 Ad
403 1599 480 1630 illud
495 1598 580 1637 quod
595 1597 695 1637 primo
720 1595 868 1634 objicitur
889 1595 921 1624 in
942 1602 1022 1624 con-

255 1654 400 1690 trarium,
418 1651 502 1691 quod
519 1647 793 1680 scilicetsortitudo
806 1649 836 1677 et
846 1648 1024 1685 temperan-

257 1708 299 1738 tia
311 1708 385 1737 sunt
399 1706 431 1735 in
445 1703 591 1734 irascibili
602 1705 632 1732 et
645 1699 879 1740 concupiscibili
892 1710 899 1736 ;
913 1702 941 1729 et
957 1699 1023 1729 istae

257 1761 360 1792 solum
370 1762 445 1790 sunt
455 1757 632 1794 rationales,
650 1756 725 1795 quia
737 1755 955 1793 obtemperant
970 1762 1025 1783 ra-

256 1814 333 1845 tioni
344 1823 352 1851 ;
364 1812 532 1843 dicendum
543 1810 626 1850 quod
635 1810 752 1848 absque
763 1807 859 1838 dubio
869 1807 938 1837 istae
953 1805 1025 1836 ‹luae

257 1866 389 1897 virtutes
419 1864 592 1894 cardinales
605 1887 613 1900 ,
642 1863 800 1901 quantum
828 1860 867 1890 ad
895 1859 1024 1889 habitus

257 1919 440 1955 substratos,
465 1917 497 1946 in
513 1916 573 1946 illis
588 1915 712 1946 duabus
724 1914 846 1945 viribus
860 1921 1025 1952 reponun-

260 1975 323 2007 tur,
339 1971 410 2001 licet
425 1970 580 2009 quantum
599 1967 638 1998 ad
661 1966 814 1997 rationem
839 1965 1025 2005 primariam

261 2023 401 2056 merendi
411 2024 441 2052 et
456 2020 631 2056 ordinandi,
647 2019 751 2050 omnis
765 2018 863 2048 virtus
878 2018 911 2047 in
928 2017 1026 2049 libero

262 2075 391 2107 arbitrio
406 2073 550 2113 ponenda
571 2072 625 2102 sit:
647 2074 677 2101 et
692 2071 751 2101 ista
767 2070 830 2100 duo
851 2073 924 2100 sunt
940 2079 1025 2101 com-

260 2127 431 2168 possibilia,
456 2134 512 2165 pro
532 2134 569 2155 co
592 2124 676 2163 quod
698 2123 836 2153 liberum
859 2123 1026 2153 arbitrium

259 2189 324 2212 non
338 2182 382 2210 est
398 2178 536 2218 potentia
551 2177 694 2207 distincta
709 2184 727 2205 a
742 2175 897 2213 rationali,
914 2178 944 2205 et
956 2184 1027 2206 con-

260 2232 444 2274 cupiscibili,
460 2234 490 2261 ct
512 2229 669 2265 irascibili,
694 2228 868 2259 secundum
887 2237 966 2259 rem.
990 2228 1028 2259 Et

259 2288 424 2326 propterea
438 2284 491 2314 illa
507 2282 680 2322 assumptio
693 2284 739 2311 est
750 2281 837 2318 salsa,
851 2282 936 2321 quod
951 2290 1026 2312 con-

260 2338 450 2378 cupiscibilis
464 2338 495 2367 et
509 2335 671 2366 irascibilis
686 2334 885 2365 solummodo
903 2334 965 2365 sint
979 2344 1027 2365 ra-

260 2391 400 2429 annales,
418 2390 492 2430 quia
506 2389 725 2427 obtemperant
740 2387 866 2417 rationi.
883 2386 918 2417 ln
934 2387 1026 2417 nobis

260 2445 343 2476 enim
355 2444 525 2484 estduplex
537 2442 702 2473 irascibilis
716 2444 746 2472 et
762 2441 1024 2480 concupiscibilis,

260 2498 403 2528 videlicet
417 2497 588 2534 rationaliS,
604 2498 635 2527 et
654 2494 808 2525 sensibilis
826 2503 834 2524 t
853 2494 1024 2532 rationalis,

262 2551 436 2582 secundum
463 2559 559 2590 quam
578 2549 760 2581 immediate
782 2548 848 2578 nati
867 2556 978 2578 sumus
992 2548 1026 2579 in

262 2605 361 2636 Deum
375 2605 460 2643 ferri,
475 2606 508 2636 in
523 2614 586 2645 qua
600 2603 872 2636 communicamus
888 2612 962 2633 cum
972 2611 1027 2634 an-

263 2657 352 2695 gelis,
368 2658 398 2687 et
410 2657 442 2687 iu
465 2667 528 2696 qua
547 2657 720 2688 secundum
737 2655 876 2686 diversas
897 2664 1026 2695 compa—

1068 270 1205 302 rationes
1227 270 1323 302 habet
1344 272 1454 312 reponi
1475 272 1653 313 theologica
1672 274 1789 315 virtus,
1806 278 1838 309 et

1069 323 1248 361 cardinalis;
1265 324 1326 354 alia
1341 333 1416 355 vero
1432 327 1478 355 est
1494 325 1658 356 irascibilis
1673 330 1704 358 et
1718 336 1837 360 concu-

1070 376 1218 414 piscibilis
1232 377 1394 414 sensualis,
1412 386 1483 417 quae
1507 378 1708 411 solummodo
1723 380 1838 413 dicitur

1070 429 1241 466 rationalis,
1253 430 1328 469 quia
1342 430 1538 470 obtemperat
1551 432 1676 463 rationi.
1695 433 1731 464 Et
1742 434 1775 464 in
1789 434 1839 466 his

1070 490 1133 511 non
1148 482 1286 512 consistit
1309 482 1445 513 liberum
1460 483 1629 514 arbitrium
1639 508 1647 522 ‚
1663 494 1721 516 nec
1741 486 1774 517 in
1789 486 1840 518 his

1070 534 1150 564 sicut
1163 534 1196 564 in
1218 535 1357 573 subjecto
1382 535 1510 574 ponitur
1535 536 1638 567 virtus
1660 538 1839 578 cardinalis,

1070 587 1141 618 lieet
1156 597 1211 627 per
1234 588 1429 627 frequentem
1451 589 1713 621 assuefactionem
1735 590 1841 632 aliquo

1071 642 1164 672 modo
1177 642 1239 672 illae
1254 642 1401 681 potentiae
1417 651 1480 672 non
1498 643 1674 682 incongrue
1694 645 1842 677 dicantur

1072 694 1256 725 habilitari:
1280 695 1331 725 illa
1351 696 1457 725 tamen
1476 695 1622 726 habilitas
1646 706 1711 728 nou
1734 699 1780 729 est
1803 698 1842 730 de

1072 747 1198 777 virtutis
1212 747 1356 784 essentia,
1372 747 1424 777 sed
1441 747 1546 787 potius
1560 748 1618 779 sibi
1634 758 1770 781 annexa.

1113 803 1142 831 Ξ.
1159 800 1206 830 Ad
1220 799 1298 830 illud
1319 800 1402 839 quod
1418 800 1585 838 objicitur,
1602 802 1686 841 quod
1702 803 1843 842 pronitas

1073 854 1104 883 et
1118 853 1287 892 obliquitas
1306 853 1423 883 habent
1438 862 1503 883 esse
1520 853 1604 884 circa
1629 857 1752 893 partem
1771 864 1844 887 sen-

1074 906 1207 944 sibilem,
1225 907 1299 946 quia
1316 909 1389 937 nata
1404 909 1451 937 est
1469 907 1583 938 rationi
1600 908 1777 948 subjacere,
1793 909 1844 940 di-

1075 959 1210 990 cendum
1225 959 1307 999 quod
1320 959 1490 999 obliquitas
1506 959 1601 991 habet
1611 969 1677 992 esse
1691 961 1774 992 circa
1788 962 1845 994 ali-

1075 1022 1171 1052 quam
1187 1012 1358 1052 potentiam
1384 1012 1551 1052 dupliciter
1568 1023 1574 1043 :
1591 1015 1646 1044 aut
1667 1014 1741 1054 quia
1756 1015 1789 1046 in
1807 1024 1845 1047 ea

1076 1065 1252 1103 inchoatur,
1282 1067 1336 1096 aut
1357 1065 1432 1104 quia
1456 1067 1706 1096 consummatur.
1737 1066 1845 1099 PrImo

1077 1118 1169 1149 modo
1184 1120 1230 1149 est
1245 1118 1413 1158 obliquitas
1436 1118 1469 1148 in
1492 1121 1580 1158 parte
1594 1118 1744 1158 sensibili,
1759 1119 1843 1151 scili-

1077 1172 1124 1200 cet
1140 1172 1297 1209 quantum
1318 1170 1357 1200 ad
1372 1170 1615 1207 inchoationem,
1633 1173 1663 1202 et
1677 1171 1736 1203 hoc
1747 1181 1842 1212 prop-

1077 1225 1123 1253 ter
1134 1223 1250 1253 fomitis
1263 1223 1510 1261 inclinationem;
1523 1224 1669 1262 ,secundo
1684 1234 1760 1256 vero
1775 1234 1844 1256 mo-

1077 1276 1117 1306 do
1130 1277 1222 1306 estin
1239 1278 1326 1315 parte
1344 1277 1488 1307 rationali
1507 1280 1636 1317 propter
1656 1287 1846 1310 consensum

1077 1331 1107 1359 et
1127 1329 1330 1359 deliberatam
1352 1329 1550 1366 electionem,
1572 1333 1602 1360 et
1625 1331 1656 1361 in
1680 1331 1739 1362 bac
1758 1333 1847 1372 parte

1078 1382 1291 1421 principaliter
1305 1382 1420 1413 residet
1445 1383 1618 1422 obliquitas
1637 1384 1719 1421 vitii,
1739 1386 1770 1415 et
1791 1393 1848 1424 per

1078 1435 1259 1474 oppositum
1275 1435 1430 1466 rectitudo
1442 1435 1568 1466 virtutis
1584 1447 1590 1467 :
1607 1439 1638 1467 et
1652 1436 1721 1467 ideo
1736 1446 1801 1468 non
1814 1437 1849 1469 in

1078 1490 1166 1527 parte
1181 1488 1330 1524 sensibili,
1346 1488 1400 1518 sed
1417 1489 1521 1527 magis
1536 1489 1569 1519 in
1585 1491 1673 1529 parte
1689 1490 1847 1522 rationali.

1119 1543 1146 1571 3.
1159 1541 1206 1571 Ad
1217 1541 1292 1571 illud
1308 1541 1392 1580 quod
1407 1541 1566 1581 oineitur,
1579 1542 1664 1582 quod
1680 1545 1769 1574 actus
1784 1543 1849 1574 vir·

1079 1593 1155 1624 tutis
1169 1593 1361 1624 fortitudinis
1375 1596 1405 1624 et
1427 1595 1643 1634 temperantiae
1666 1595 1848 1627 immediate

1079 1646 1249 1677 eliciuntur
1269 1656 1288 1677 a
1311 1647 1544 1686 concupiscibili
1562 1650 1595 1678 et
1618 1648 1786 1688 irascibili,
1799 1649 1850 1680 di-

1079 1700 1214 1730 cendum
1229 1700 1314 1740 quod
1336 1700 1414 1731 illud
1437 1710 1552 1732 verum
1575 1703 1622 1732 est
1636 1702 1794 1741 loquendo
1811 1702 1849 1734 de

1079 1753 1311 1792 concupiscibili
1337 1755 1367 1784 et
1386 1754 1534 1784 irascibili
1561 1754 1722 1792 humana;
1746 1755 1800 1786 sed
1822 1755 1850 1787 si

1080 1807 1250 1846 loquamur
1263 1806 1301 1836 de
1320 1806 1553 1846 concupiscibili
1568 1809 1598 1837 et
1609 1806 1758 1838 irascibili
1772 1807 1851 1839 bru-

1080 1859 1135 1890 tali
1159 1862 1189 1889 et
1209 1859 1357 1896 sensuali,
1378 1859 1422 1890 sic
1451 1868 1507 1898 per
1525 1859 1593 1890 illas
1618 1860 1772 1899 potentias
1785 1869 1850 1892 non

1082 1912 1262 1943 immediate
1276 1912 1398 1942 elicitur
1418 1914 1506 1942 actus
1520 1912 1654 1942 istarum
1670 1912 1847 1951 virtutum;

1082 1967 1146 1996 imo
1174 1965 1264 2005 quasi
1301 1967 1529 2004 consequenter
1542 1988 1551 2003 ,
1575 1965 1650 2004 quia
1681 1965 1850 1997 rectificata

1083 2017 1316 2057 concupiscibili
1331 2019 1362 2046 et
1383 2017 1532 2047 irascibili
1547 2017 1692 2048 rationali
1715 2026 1770 2057 per
1792 2018 1850 2049 ha-

1083 2072 1185 2101 bitum
1200 2070 1345 2106 virtutis,
1368 2078 1424 2108 per
1446 2078 1640 2108 consequens
1660 2070 1850 2102 rectificatur

1083 2124 1149 2163 ipsa
1177 2121 1426 2161 concupiscibilis
1455 2123 1485 2151 et
1505 2121 1668 2152 irascibilis
1695 2122 1828 2154 brutalis
1836 2147 1848 2163 ,

1083 2185 1155 2216 quae
1170 2175 1231 2205 illis
1243 2175 1337 2204 habet
1349 2174 1462 2213 subjici
1476 2176 1507 2204 et
1517 2174 1674 2205 famulari.
1692 2174 1791 2214 Unde,
1807 2176 1851 2207 si-

1084 2231 1137 2260 cut
1151 2227 1318 2258 rectificata
1328 2226 1492 2256 voluntate
1506 2226 1540 2255 in
1559 2226 1780 2266 dispensando,
1795 2237 1852 2268 per

1083 2288 1279 2320 consequens
1293 2278 1483 2309 rectificatur
1506 2287 1622 2309 manus
1644 2280 1682 2310 ad
1706 2280 1852 2312 tribuen-

1083 2335 1160 2365 dum
1175 2332 1377 2367 beneficium,
1392 2333 1495 2361 tamen
1519 2331 1650 2370 largitas
1673 2341 1739 2363 non
1760 2333 1854 2364 estin

1084 2395 1182 2418 manu
1196 2385 1275 2415 sicut
1299 2384 1333 2414 in
1353 2383 1504 2423 subiecto,
1526 2384 1577 2413 scd
1598 2384 1632 2414 in
1654 2384 1722 2424 ipsa
1737 2384 1851 2416 volun-

1083 2442 1162 2476 tate;
1178 2438 1221 2468 sic
1236 2436 1481 2475 intelligendum
1495 2439 1541 2466 est
1556 2437 1590 2467 in
1605 2437 1776 2477 proposito.

1123 2496 1152 2523 4.
1169 2491 1216 2522 Ad
1231 2489 1308 2520 illud
1328 2489 1414 2529 quod
1428 2489 1588 2528 objicitur,
1611 2488 1697 2528 quod
1718 2497 1851 2520 consue-

1083 2545 1238 2578 tudinales
1266 2543 1399 2573 virtutes
1423 2543 1624 2581 reponuntur
1643 2541 1676 2571 in
1700 2549 1738 2571 ea
1763 2544 1853 2581 parte

1083 2606 1156 2640 quae
1167 2596 1363 2635 obtemperat
1377 2594 1504 2631 rationi,
1515 2593 1684 2625 dicendum
1695 2593 1779 2633 quod
1791 2593 1852 2626 hoc

1083 2661 1147 2683 non
1163 2652 1210 2682 est
1221 2649 1296 2689 quia
1320 2647 1447 2678 babitus
1465 2645 1734 2677 consuetudinalis
1748 2645 1850 2681 virtu-
