<?xml version="1.0" encoding="UTF-8"?>
<!DOCTYPE html PUBLIC "-//W3C//DTD XHTML 1.0 Transitional//EN"
    "http://www.w3.org/TR/xhtml1/DTD/xhtml1-transitional.dtd">
<html xmlns="http://www.w3.org/1999/xhtml" xml:lang="en" lang="en">
 <head>
  <title>
</title>
<meta http-equiv="Content-Type" content="text/html;charset=utf-8" />
  <meta name='ocr-system' content='tesseract 3.04.00' />
  <meta name='ocr-capabilities' content='ocr_page ocr_carea ocr_par ocr_line ocrx_word'/>
</head>
<body>
  <div class='ocr_page' id='page_1' title='image "./operaomniasixtiv05bonauoft/operaomniasixtiv05bonauoft_0056.png"; bbox 0 0 2017 2948; ppageno 0'>
   <div class='ocr_carea' id='block_1_1' title="bbox 213 168 1254 210">
    <p class='ocr_par' dir='ltr' id='par_1_1' title="bbox 213 168 1254 210">
     <span class='ocr_line' id='line_1_1' title="bbox 213 168 1254 210; baseline -0.011 0"><span class='ocrx_word' id='word_1_1' title='bbox 213 181 252 210; x_wconf 70' lang='grc' dir='ltr'>Η.</span> <span class='ocrx_word' id='word_1_2' title='bbox 776 169 1086 204; x_wconf 76' lang='lat' dir='ltr'><strong>SENTENTIARUM</strong></span> <span class='ocrx_word' id='word_1_3' title='bbox 1107 168 1180 200; x_wconf 74' lang='grc' dir='ltr'>ΗΒ.</span> <span class='ocrx_word' id='word_1_4' title='bbox 1201 169 1254 200; x_wconf 85' lang='lat'>111.</span> 
     </span>
    </p>
   </div>
   <div class='ocr_carea' id='block_1_2' title="bbox 210 239 984 816">
    <p class='ocr_par' dir='ltr' id='par_1_2' title="bbox 210 239 981 548">
     <span class='ocr_line' id='line_1_2' title="bbox 210 239 978 282; baseline -0.013 -5"><span class='ocrx_word' id='word_1_5' title='bbox 210 255 307 277; x_wconf 90' lang='lat' dir='ltr'>suum</span> <span class='ocrx_word' id='word_1_6' title='bbox 318 246 364 275; x_wconf 87' lang='lat' dir='ltr'>est</span> <span class='ocrx_word' id='word_1_7' title='bbox 379 253 388 275; x_wconf 74' lang='grc' dir='ltr'><strong>ε</strong></span> <span class='ocrx_word' id='word_1_8' title='bbox 405 244 459 274; x_wconf 88' lang='lat' dir='ltr'>sed</span> <span class='ocrx_word' id='word_1_9' title='bbox 473 242 633 282; x_wconf 82' lang='lat' dir='ltr'>aliquibus</span> <span class='ocrx_word' id='word_1_10' title='bbox 647 241 800 273; x_wconf 84' lang='lat' dir='ltr'>debemus</span> <span class='ocrx_word' id='word_1_11' title='bbox 812 239 978 273; x_wconf 81' lang='lat' dir='ltr'>honorem,</span> 
     </span>
     <span class='ocr_line' id='line_1_3' title="bbox 211 292 980 338; baseline -0.012 -9"><span class='ocrx_word' id='word_1_12' title='bbox 211 298 369 338; x_wconf 81' lang='lat' dir='ltr'>aliquibus</span> <span class='ocrx_word' id='word_1_13' title='bbox 385 296 627 328; x_wconf 81' lang='lat' dir='ltr'>subventionem</span> <span class='ocrx_word' id='word_1_14' title='bbox 640 304 647 325; x_wconf 90' lang='lat'>:</span> <span class='ocrx_word' id='word_1_15' title='bbox 660 303 740 333; x_wconf 83' lang='lat' dir='ltr'>ergo</span> <span class='ocrx_word' id='word_1_16' title='bbox 756 292 906 333; x_wconf 74' lang='lat' dir='ltr'>praedicta</span> <span class='ocrx_word' id='word_1_17' title='bbox 918 300 980 320; x_wconf 93' lang='lat' dir='ltr'>no-</span> 
     </span>
     <span class='ocr_line' id='line_1_4' title="bbox 210 345 978 385; baseline -0.012 -3"><span class='ocrx_word' id='word_1_18' title='bbox 210 351 337 382; x_wconf 79' lang='lat' dir='ltr'>tificatio</span> <span class='ocrx_word' id='word_1_19' title='bbox 358 360 421 382; x_wconf 91' lang='lat' dir='ltr'>non</span> <span class='ocrx_word' id='word_1_20' title='bbox 438 349 586 380; x_wconf 83' lang='lat' dir='ltr'>convenit</span> <span class='ocrx_word' id='word_1_21' title='bbox 601 347 821 379; x_wconf 73' lang='lat' dir='ltr'>universaliter</span> <span class='ocrx_word' id='word_1_22' title='bbox 833 345 978 385; x_wconf 76' lang='lat' dir='ltr'>Justitiae.</span> 
     </span>
     <span class='ocr_line' id='line_1_5' title="bbox 212 400 981 441; baseline -0.01 -6"><span class='ocrx_word' id='word_1_23' title='bbox 212 404 393 435; x_wconf 82' lang='lat' dir='ltr'>Obedientia</span> <span class='ocrx_word' id='word_1_24' title='bbox 407 403 491 434; x_wconf 80' lang='lat' dir='ltr'>enini</span> <span class='ocrx_word' id='word_1_25' title='bbox 512 405 558 433; x_wconf 78' lang='lat' dir='ltr'>est</span> <span class='ocrx_word' id='word_1_26' title='bbox 574 411 646 441; x_wconf 87' lang='lat' dir='ltr'>pars</span> <span class='ocrx_word' id='word_1_27' title='bbox 657 400 806 441; x_wconf 75' lang='lat' dir='ltr'>Justitiae3</span> <span class='ocrx_word' id='word_1_28' title='bbox 824 402 853 429; x_wconf 87' lang='lat' dir='ltr'>et</span> <span class='ocrx_word' id='word_1_29' title='bbox 874 400 981 428; x_wconf 60' lang='lat' dir='ltr'>tamnu</span> 
     </span>
     <span class='ocr_line' id='line_1_6' title="bbox 211 451 979 494; baseline -0.01 -6"><span class='ocrx_word' id='word_1_30' title='bbox 211 457 389 488; x_wconf 78' lang='lat' dir='ltr'>obedientia</span> <span class='ocrx_word' id='word_1_31' title='bbox 409 466 472 487; x_wconf 90' lang='lat' dir='ltr'>non</span> <span class='ocrx_word' id='word_1_32' title='bbox 487 458 532 486; x_wconf 87' lang='lat' dir='ltr'>est</span> <span class='ocrx_word' id='word_1_33' title='bbox 548 464 619 494; x_wconf 80' lang='lat' dir='ltr'>pars</span> <span class='ocrx_word' id='word_1_34' title='bbox 634 455 666 484; x_wconf 91' lang='lat' dir='ltr'>in</span> <span class='ocrx_word' id='word_1_35' title='bbox 683 452 899 483; x_wconf 85' lang='lat' dir='ltr'>subveniendo</span> <span class='ocrx_word' id='word_1_36' title='bbox 919 451 979 480; x_wconf 87' lang='lat' dir='ltr'>mi-</span> 
     </span>
     <span class='ocr_line' id='line_1_7' title="bbox 211 506 788 548; baseline -0.012 -6"><span class='ocrx_word' id='word_1_37' title='bbox 211 511 300 548; x_wconf 80' lang='lat' dir='ltr'>seris,</span> <span class='ocrx_word' id='word_1_38' title='bbox 316 510 369 541; x_wconf 88' lang='lat' dir='ltr'>sed</span> <span class='ocrx_word' id='word_1_39' title='bbox 383 510 414 539; x_wconf 92' lang='lat' dir='ltr'>in</span> <span class='ocrx_word' id='word_1_40' title='bbox 429 508 606 539; x_wconf 81' lang='lat' dir='ltr'>obediendo</span> <span class='ocrx_word' id='word_1_41' title='bbox 622 506 788 537; x_wconf 78' lang='lat' dir='ltr'>mandatis,</span> 
     </span>
    </p>

    <p class='ocr_par' dir='ltr' id='par_1_3' title="bbox 212 557 984 816">
     <span class='ocr_line' id='line_1_8' title="bbox 253 557 980 603; baseline -0.014 -8"><span class='ocrx_word' id='word_1_42' title='bbox 253 564 344 603; x_wconf 85' lang='lat' dir='ltr'>Resp.</span> <span class='ocrx_word' id='word_1_43' title='bbox 363 562 534 594; x_wconf 80' lang='lat' dir='ltr'>Dicendum</span> <span class='ocrx_word' id='word_1_44' title='bbox 551 560 635 600; x_wconf 87' lang='lat' dir='ltr'>quod</span> <span class='ocrx_word' id='word_1_45' title='bbox 654 559 814 597; x_wconf 77' lang='lat' dir='ltr'><strong>Magister,</strong></span> <span class='ocrx_word' id='word_1_46' title='bbox 833 557 899 587; x_wconf 80' lang='lat' dir='ltr'>sive</span> <span class='ocrx_word' id='word_1_47' title='bbox 915 557 980 586; x_wconf 83' lang='lat' dir='ltr'>Au-</span> 
     </span>
     <span class='ocr_line' id='line_1_9' title="bbox 214 610 983 657; baseline -0.012 -9"><span class='ocrx_word' id='word_1_48' title='bbox 214 617 365 657; x_wconf 83' lang='lat' dir='ltr'>gustinus</span> <span class='ocrx_word' id='word_1_49' title='bbox 378 617 398 653; x_wconf 78' lang='lat'>¹,</span> <span class='ocrx_word' id='word_1_50' title='bbox 414 617 506 654; x_wconf 68' lang='lat' dir='ltr'>cuius</span> <span class='ocrx_word' id='word_1_51' title='bbox 530 615 597 644; x_wconf 78' lang='lat' dir='ltr'>haec</span> <span class='ocrx_word' id='word_1_52' title='bbox 617 613 715 644; x_wconf 85' lang='lat' dir='ltr'>verba</span> <span class='ocrx_word' id='word_1_53' title='bbox 734 614 819 647; x_wconf 86' lang='lat' dir='ltr'>sunt,</span> <span class='ocrx_word' id='word_1_54' title='bbox 843 620 907 640; x_wconf 90' lang='lat' dir='ltr'>non</span> <span class='ocrx_word' id='word_1_55' title='bbox 930 610 983 640; x_wconf 90' lang='lat' dir='ltr'>in-</span> 
     </span>
     <span class='ocr_line' id='line_1_10' title="bbox 212 663 981 707; baseline -0.012 -6"><span class='ocrx_word' id='word_1_56' title='bbox 212 670 313 701; x_wconf 82' lang='lat' dir='ltr'>tendit</span> <span class='ocrx_word' id='word_1_57' title='bbox 335 669 470 700; x_wconf 80' lang='lat' dir='ltr'>diffinire</span> <span class='ocrx_word' id='word_1_58' title='bbox 488 669 587 707; x_wconf 79' lang='lat' dir='ltr'>ipsam</span> <span class='ocrx_word' id='word_1_59' title='bbox 609 667 759 697; x_wconf 88' lang='lat' dir='ltr'>virtutem</span> <span class='ocrx_word' id='word_1_60' title='bbox 780 663 981 702; x_wconf 79' lang='lat' dir='ltr'>generaliter,</span> 
     </span>
     <span class='ocr_line' id='line_1_11' title="bbox 214 716 984 759; baseline -0.012 -5"><span class='ocrx_word' id='word_1_61' title='bbox 214 724 265 754; x_wconf 87' lang='lat' dir='ltr'>sed</span> <span class='ocrx_word' id='word_1_62' title='bbox 281 723 454 753; x_wconf 87' lang='lat' dir='ltr'>secundum</span> <span class='ocrx_word' id='word_1_63' title='bbox 471 729 565 751; x_wconf 89' lang='lat' dir='ltr'>snum</span> <span class='ocrx_word' id='word_1_64' title='bbox 584 719 784 759; x_wconf 86' lang='lat' dir='ltr'>potissimum</span> <span class='ocrx_word' id='word_1_65' title='bbox 799 718 927 754; x_wconf 87' lang='lat' dir='ltr'>statum,</span> <span class='ocrx_word' id='word_1_66' title='bbox 950 716 984 746; x_wconf 91' lang='lat' dir='ltr'>in</span> 
     </span>
     <span class='ocr_line' id='line_1_12' title="bbox 214 768 983 816; baseline -0.012 -9"><span class='ocrx_word' id='word_1_67' title='bbox 214 786 277 816; x_wconf 89' lang='lat' dir='ltr'>qno</span> <span class='ocrx_word' id='word_1_68' title='bbox 301 777 331 805; x_wconf 90' lang='lat' dir='ltr'>et</span> <span class='ocrx_word' id='word_1_69' title='bbox 355 774 529 805; x_wconf 86' lang='lat' dir='ltr'>secundum</span> <span class='ocrx_word' id='word_1_70' title='bbox 557 781 653 812; x_wconf 85' lang='lat' dir='ltr'>quem</span> <span class='ocrx_word' id='word_1_71' title='bbox 682 771 920 801; x_wconf 80' lang='lat' dir='ltr'>conformamur</span> <span class='ocrx_word' id='word_1_72' title='bbox 944 768 983 798; x_wconf 86' lang='lat' dir='ltr'>ad</span> 
     </span>
    </p>
   </div>
   <div class='ocr_carea' id='block_1_3' title="bbox 1033 235 1813 646">
    <p class='ocr_par' dir='ltr' id='par_1_4' title="bbox 1033 235 1813 646">
     <span class='ocr_line' id='line_1_13' title="bbox 1036 235 1806 276; baseline -0.001 -9"><span class='ocrx_word' id='word_1_73' title='bbox 1036 236 1206 267; x_wconf 77' lang='lat' dir='ltr'>titudinem</span> <span class='ocrx_word' id='word_1_74' title='bbox 1227 236 1260 267; x_wconf 91' lang='lat' dir='ltr'>in</span> <span class='ocrx_word' id='word_1_75' title='bbox 1282 235 1452 274; x_wconf 85' lang='lat' dir='ltr'>reddendo,</span> <span class='ocrx_word' id='word_1_76' title='bbox 1470 235 1499 266; x_wconf 91' lang='lat' dir='ltr'>id</span> <span class='ocrx_word' id='word_1_77' title='bbox 1514 236 1600 276; x_wconf 89' lang='lat' dir='ltr'>quod</span> <span class='ocrx_word' id='word_1_78' title='bbox 1619 238 1665 266; x_wconf 89' lang='lat' dir='ltr'>est</span> <span class='ocrx_word' id='word_1_79' title='bbox 1679 244 1781 276; x_wconf 85' lang='lat' dir='ltr'>poenae</span> <span class='ocrx_word' id='word_1_80' title='bbox 1797 243 1806 265; x_wconf 73' lang='grc' dir='ltr'>ε</span> 
     </span>
     <span class='ocr_line' id='line_1_14' title="bbox 1037 288 1810 329; baseline -0.001 -10"><span class='ocrx_word' id='word_1_81' title='bbox 1037 292 1068 320; x_wconf 87' lang='lat' dir='ltr'>et</span> <span class='ocrx_word' id='word_1_82' title='bbox 1086 289 1238 329; x_wconf 81' lang='lat' dir='ltr'>accipitur</span> <span class='ocrx_word' id='word_1_83' title='bbox 1251 289 1295 320; x_wconf 89' lang='lat' dir='ltr'>ibi</span> <span class='ocrx_word' id='word_1_84' title='bbox 1309 289 1431 328; x_wconf 88' lang='lat' dir='ltr'>justitia</span> <span class='ocrx_word' id='word_1_85' title='bbox 1446 298 1503 328; x_wconf 91' lang='lat' dir='ltr'>pro</span> <span class='ocrx_word' id='word_1_86' title='bbox 1519 289 1698 320; x_wconf 83' lang='lat' dir='ltr'>severitate.</span> <span class='ocrx_word' id='word_1_87' title='bbox 1715 288 1753 319; x_wconf 88' lang='lat' dir='ltr'>Et</span> <span class='ocrx_word' id='word_1_88' title='bbox 1766 288 1810 318; x_wconf 85' lang='lat' dir='ltr'>sic</span> 
     </span>
     <span class='ocr_line' id='line_1_15' title="bbox 1033 341 1809 382; baseline 0 -10"><span class='ocrx_word' id='word_1_89' title='bbox 1033 342 1156 382; x_wconf 85' lang='lat' dir='ltr'>justitia</span> <span class='ocrx_word' id='word_1_90' title='bbox 1184 342 1392 381; x_wconf 83' lang='lat' dir='ltr'>distinguitur</span> <span class='ocrx_word' id='word_1_91' title='bbox 1414 344 1523 372; x_wconf 88' lang='lat' dir='ltr'>contra</span> <span class='ocrx_word' id='word_1_92' title='bbox 1547 341 1809 378; x_wconf 88' lang='lat' dir='ltr'>misericordiam,</span> 
     </span>
     <span class='ocr_line' id='line_1_16' title="bbox 1037 394 1812 434; baseline -0.001 -9"><span class='ocrx_word' id='word_1_93' title='bbox 1037 397 1068 425; x_wconf 85' lang='lat' dir='ltr'>et</span> <span class='ocrx_word' id='word_1_94' title='bbox 1078 397 1123 425; x_wconf 85' lang='lat' dir='ltr'>est</span> <span class='ocrx_word' id='word_1_95' title='bbox 1140 404 1211 434; x_wconf 86' lang='lat' dir='ltr'>pars</span> <span class='ocrx_word' id='word_1_96' title='bbox 1221 395 1354 434; x_wconf 72' lang='lat' dir='ltr'>Justitiae</span> <span class='ocrx_word' id='word_1_97' title='bbox 1369 394 1549 425; x_wconf 87' lang='lat' dir='ltr'>cardinalis.</span> <span class='ocrx_word' id='word_1_98' title='bbox 1562 394 1596 425; x_wconf 92' lang='lat' dir='ltr'>Si</span> <span class='ocrx_word' id='word_1_99' title='bbox 1606 396 1713 425; x_wconf 88' lang='lat' dir='ltr'>autem</span> <span class='ocrx_word' id='word_1_100' title='bbox 1724 402 1812 434; x_wconf 86' lang='lat' dir='ltr'>quae-</span> 
     </span>
     <span class='ocr_line' id='line_1_17' title="bbox 1038 447 1812 488; baseline 0 -10"><span class='ocrx_word' id='word_1_101' title='bbox 1038 457 1099 485; x_wconf 83' lang='lat' dir='ltr'>ras,</span> <span class='ocrx_word' id='word_1_102' title='bbox 1118 458 1216 488; x_wconf 84' lang='lat' dir='ltr'>qnare</span> <span class='ocrx_word' id='word_1_103' title='bbox 1228 448 1352 487; x_wconf 86' lang='lat' dir='ltr'>justitia</span> <span class='ocrx_word' id='word_1_104' title='bbox 1368 448 1473 486; x_wconf 87' lang='lat' dir='ltr'>magis</span> <span class='ocrx_word' id='word_1_105' title='bbox 1488 447 1660 487; x_wconf 83' lang='lat' dir='ltr'>accipiatur</span> <span class='ocrx_word' id='word_1_106' title='bbox 1676 455 1812 487; x_wconf 85' lang='lat' dir='ltr'>genera-</span> 
     </span>
     <span class='ocr_line' id='line_1_18' title="bbox 1038 500 1813 540; baseline 0.001 -10"><span class='ocrx_word' id='word_1_107' title='bbox 1038 501 1119 538; x_wconf 81' lang='lat' dir='ltr'>liter,</span> <span class='ocrx_word' id='word_1_108' title='bbox 1136 510 1234 540; x_wconf 84' lang='lat' dir='ltr'>quam</span> <span class='ocrx_word' id='word_1_109' title='bbox 1255 500 1316 530; x_wconf 82' lang='lat' dir='ltr'>alia</span> <span class='ocrx_word' id='word_1_110' title='bbox 1330 501 1442 538; x_wconf 79' lang='lat' dir='ltr'>virtus,</span> <span class='ocrx_word' id='word_1_111' title='bbox 1460 501 1519 531; x_wconf 89' lang='lat' dir='ltr'>hoc</span> <span class='ocrx_word' id='word_1_112' title='bbox 1533 503 1580 531; x_wconf 87' lang='lat' dir='ltr'>est</span> <span class='ocrx_word' id='word_1_113' title='bbox 1599 501 1675 540; x_wconf 88' lang='lat' dir='ltr'>quia</span> <span class='ocrx_word' id='word_1_114' title='bbox 1695 509 1813 532; x_wconf 84' lang='lat' dir='ltr'>nomen</span> 
     </span>
     <span class='ocr_line' id='line_1_19' title="bbox 1039 553 1813 593; baseline 0 -9"><span class='ocrx_word' id='word_1_115' title='bbox 1039 554 1216 593; x_wconf 83' lang='lat' dir='ltr'>imponitur</span> <span class='ocrx_word' id='word_1_116' title='bbox 1229 554 1268 583; x_wconf 88' lang='lat' dir='ltr'>ab</span> <span class='ocrx_word' id='word_1_117' title='bbox 1279 553 1388 584; x_wconf 84' lang='lat' dir='ltr'>ordine</span> <span class='ocrx_word' id='word_1_118' title='bbox 1404 553 1610 592; x_wconf 79' lang='lat' dir='ltr'>rectitudinis,</span> <span class='ocrx_word' id='word_1_119' title='bbox 1623 553 1698 593; x_wconf 89' lang='lat' dir='ltr'>quia</span> <span class='ocrx_word' id='word_1_120' title='bbox 1713 561 1813 593; x_wconf 85' lang='lat' dir='ltr'>gene-</span> 
     </span>
     <span class='ocr_line' id='line_1_20' title="bbox 1040 607 1690 646; baseline 0.002 -9"><span class='ocrx_word' id='word_1_121' title='bbox 1040 607 1146 638; x_wconf 88' lang='lat' dir='ltr'>raliter</span> <span class='ocrx_word' id='word_1_122' title='bbox 1161 607 1331 638; x_wconf 86' lang='lat' dir='ltr'>convenire</span> <span class='ocrx_word' id='word_1_123' title='bbox 1346 609 1446 646; x_wconf 86' lang='lat' dir='ltr'>potest</span> <span class='ocrx_word' id='word_1_124' title='bbox 1463 607 1551 637; x_wconf 87' lang='lat' dir='ltr'>omni</span> <span class='ocrx_word' id='word_1_125' title='bbox 1567 607 1690 638; x_wconf 88' lang='lat' dir='ltr'>virtuti.</span> 
     </span>
    </p>
   </div>
   <div class='ocr_carea' id='block_1_4' title="bbox 1369 723 1492 745">
    <p class='ocr_par' dir='ltr' id='par_1_5' title="bbox 1369 723 1492 745">
     <span class='ocr_line' id='line_1_21' title="bbox 1369 723 1492 745; baseline 0 -1"><span class='ocrx_word' id='word_1_126' title='bbox 1369 724 1436 745; x_wconf 89' lang='lat' dir='ltr'>DUB.</span> <span class='ocrx_word' id='word_1_127' title='bbox 1460 723 1492 744; x_wconf 82' lang='lat'>11.</span> 
     </span>
    </p>
   </div>
   <div class='ocr_carea' id='block_1_5' title="bbox 1147 784 1703 816">
    <p class='ocr_par' dir='ltr' id='par_1_6' title="bbox 1147 784 1703 816">
     <span class='ocr_line' id='line_1_22' title="bbox 1147 784 1703 816; baseline 0.002 -8"><span class='ocrx_word' id='word_1_128' title='bbox 1147 785 1284 809; x_wconf 73' lang='lat' dir='ltr'>Prudentia</span> <span class='ocrx_word' id='word_1_129' title='bbox 1299 784 1324 808; x_wconf 91' lang='lat' dir='ltr'>in</span> <span class='ocrx_word' id='word_1_130' title='bbox 1336 784 1511 816; x_wconf 64' lang='lat' dir='ltr'>praecavendis</span> <span class='ocrx_word' id='word_1_131' title='bbox 1524 784 1638 814; x_wconf 83' lang='lat' dir='ltr'>insidiis,</span> <span class='ocrx_word' id='word_1_132' title='bbox 1653 786 1703 809; x_wconf 80' lang='lat' dir='ltr'>ete.</span> 
     </span>
    </p>
   </div>
   <div class='ocr_carea' id='block_1_6' title="bbox 211 822 985 1080">
    <p class='ocr_par' dir='ltr' id='par_1_7' title="bbox 211 822 985 1080">
     <span class='ocr_line' id='line_1_23' title="bbox 215 822 984 865; baseline -0.01 -6"><span class='ocrx_word' id='word_1_133' title='bbox 215 828 386 859; x_wconf 83' lang='lat' dir='ltr'>Christum.</span> <span class='ocrx_word' id='word_1_134' title='bbox 416 826 453 856; x_wconf 81' lang='lat' dir='ltr'>Et</span> <span class='ocrx_word' id='word_1_135' title='bbox 475 825 627 865; x_wconf 86' lang='lat' dir='ltr'>quoniam</span> <span class='ocrx_word' id='word_1_136' title='bbox 652 825 683 854; x_wconf 94' lang='lat' dir='ltr'>in</span> <span class='ocrx_word' id='word_1_137' title='bbox 706 824 764 853; x_wconf 90' lang='lat' dir='ltr'>isto</span> <span class='ocrx_word' id='word_1_138' title='bbox 784 824 868 853; x_wconf 85' lang='lat' dir='ltr'>statu</span> <span class='ocrx_word' id='word_1_139' title='bbox 885 822 984 862; x_wconf 72' lang='lat' dir='ltr'>¹iusti-</span> 
     </span>
     <span class='ocr_line' id='line_1_24' title="bbox 214 877 985 919; baseline -0.009 -8"><span class='ocrx_word' id='word_1_140' title='bbox 214 882 279 919; x_wconf 76' lang='lat' dir='ltr'>tiae,</span> <span class='ocrx_word' id='word_1_141' title='bbox 303 881 361 911; x_wconf 87' lang='lat' dir='ltr'>etsi</span> <span class='ocrx_word' id='word_1_142' title='bbox 383 879 475 910; x_wconf 89' lang='lat' dir='ltr'>multi</span> <span class='ocrx_word' id='word_1_143' title='bbox 496 879 569 916; x_wconf 90' lang='lat' dir='ltr'>sint,</span> <span class='ocrx_word' id='word_1_144' title='bbox 587 878 726 909; x_wconf 77' lang='lat' dir='ltr'>maxime</span> <span class='ocrx_word' id='word_1_145' title='bbox 748 877 985 907; x_wconf 77' lang='lat' dir='ltr'>conformamur</span> 
     </span>
     <span class='ocr_line' id='line_1_25' title="bbox 216 928 982 971; baseline -0.012 -5"><span class='ocrx_word' id='word_1_146' title='bbox 216 935 348 971; x_wconf 78' lang='lat' dir='ltr'>Christo,</span> <span class='ocrx_word' id='word_1_147' title='bbox 361 933 475 964; x_wconf 86' lang='lat' dir='ltr'>scilicet</span> <span class='ocrx_word' id='word_1_148' title='bbox 490 933 522 962; x_wconf 90' lang='lat' dir='ltr'>in</span> <span class='ocrx_word' id='word_1_149' title='bbox 537 931 755 962; x_wconf 81' lang='lat' dir='ltr'>subveniendo</span> <span class='ocrx_word' id='word_1_150' title='bbox 767 930 900 964; x_wconf 71' lang='lat' dir='ltr'>miseris,</span> <span class='ocrx_word' id='word_1_151' title='bbox 912 928 982 958; x_wconf 85' lang='lat' dir='ltr'>ideo</span> 
     </span>
     <span class='ocr_line' id='line_1_26' title="bbox 211 983 985 1027; baseline -0.009 -10"><span class='ocrx_word' id='word_1_152' title='bbox 211 987 335 1027; x_wconf 81' lang='lat' dir='ltr'>justitia</span> <span class='ocrx_word' id='word_1_153' title='bbox 363 995 418 1026; x_wconf 88' lang='lat' dir='ltr'>per</span> <span class='ocrx_word' id='word_1_154' title='bbox 445 988 551 1015; x_wconf 89' lang='lat' dir='ltr'>actum</span> <span class='ocrx_word' id='word_1_155' title='bbox 581 985 678 1015; x_wconf 85' lang='lat' dir='ltr'>istum</span> <span class='ocrx_word' id='word_1_156' title='bbox 703 983 894 1019; x_wconf 75' lang='lat' dir='ltr'>notificatur,</span> <span class='ocrx_word' id='word_1_157' title='bbox 922 990 985 1011; x_wconf 89' lang='lat' dir='ltr'>non</span> 
     </span>
     <span class='ocr_line' id='line_1_27' title="bbox 216 1035 982 1080; baseline -0.009 -9"><span class='ocrx_word' id='word_1_158' title='bbox 216 1041 290 1080; x_wconf 90' lang='lat' dir='ltr'>quia</span> <span class='ocrx_word' id='word_1_159' title='bbox 315 1039 504 1079; x_wconf 80' lang='lat' dir='ltr'>generaliter</span> <span class='ocrx_word' id='word_1_160' title='bbox 529 1038 616 1068; x_wconf 88' lang='lat' dir='ltr'>omni</span> <span class='ocrx_word' id='word_1_161' title='bbox 639 1037 769 1077; x_wconf 58' lang='lat' dir='ltr'>justitiae.</span> <span class='ocrx_word' id='word_1_162' title='bbox 800 1035 982 1072; x_wconf 82' lang='lat' dir='ltr'>conveniat,</span> 
     </span>
    </p>
   </div>
   <div class='ocr_carea' id='block_1_7' title="bbox 1042 861 1925 953">
    <p class='ocr_par' dir='ltr' id='par_1_8' title="bbox 1042 861 1925 953">
     <span class='ocr_line' id='line_1_28' title="bbox 1081 861 1922 898; baseline 0.001 -7"><span class='ocrx_word' id='word_1_163' title='bbox 1081 862 1194 892; x_wconf 90' lang='lat' dir='ltr'>Contra</span> <span class='ocrx_word' id='word_1_164' title='bbox 1210 873 1215 892; x_wconf 95' lang='lat'>:</span> <span class='ocrx_word' id='word_1_165' title='bbox 1233 861 1313 898; x_wconf 77' lang='lat' dir='ltr'>Quia</span> <span class='ocrx_word' id='word_1_166' title='bbox 1329 870 1402 892; x_wconf 89' lang='lat' dir='ltr'>cum</span> <span class='ocrx_word' id='word_1_167' title='bbox 1417 861 1540 892; x_wconf 86' lang='lat' dir='ltr'>insidiae</span> <span class='ocrx_word' id='word_1_168' title='bbox 1559 861 1668 891; x_wconf 86' lang='lat' dir='ltr'>sintin</span> <span class='ocrx_word' id='word_1_169' title='bbox 1689 861 1812 892; x_wconf 87' lang='lat' dir='ltr'>contin·</span> <span class='ocrx_word' id='word_1_170' title='bbox 1841 862 1922 888; x_wconf 55' lang='grc' dir='ltr'>θηεῖ-</span> 
     </span>
     <span class='ocr_line' id='line_1_29' title="bbox 1042 897 1925 953; baseline 0.002 -9"><span class='ocrx_word' id='word_1_171' title='bbox 1042 915 1192 953; x_wconf 84' lang='lat' dir='ltr'>gentihus</span> <span class='ocrx_word' id='word_1_172' title='bbox 1210 915 1325 945; x_wconf 84' lang='lat' dir='ltr'>futuris</span> <span class='ocrx_word' id='word_1_173' title='bbox 1339 916 1370 945; x_wconf 87' lang='lat' dir='ltr'>et</span> <span class='ocrx_word' id='word_1_174' title='bbox 1383 914 1523 952; x_wconf 87' lang='lat' dir='ltr'>occultis,</span> <span class='ocrx_word' id='word_1_175' title='bbox 1536 915 1566 944; x_wconf 89' lang='lat' dir='ltr'>et</span> <span class='ocrx_word' id='word_1_176' title='bbox 1578 913 1638 944; x_wconf 84' lang='lat' dir='ltr'>ista</span> <span class='ocrx_word' id='word_1_177' title='bbox 1651 923 1718 944; x_wconf 87' lang='lat' dir='ltr'>non</span> <span class='ocrx_word' id='word_1_178' title='bbox 1733 922 1811 953; x_wconf 85' lang='lat' dir='ltr'>cog·</span> <span class='ocrx_word' id='word_1_179' title='bbox 1825 897 1925 946; x_wconf 51' lang='lat' dir='ltr'>¹:2¹1:de</span> 
     </span>
    </p>
   </div>
   <div class='ocr_carea' id='block_1_8' title="bbox 1041 954 1924 1007">
    <p class='ocr_par' dir='ltr' id='par_1_9' title="bbox 1041 954 1924 1007">
     <span class='ocr_line' id='line_1_30' title="bbox 1041 954 1924 1007; baseline -0.002 -9"><span class='ocrx_word' id='word_1_180' title='bbox 1041 970 1212 998; x_wconf 81' lang='lat' dir='ltr'>noscantur</span> <span class='ocrx_word' id='word_1_181' title='bbox 1229 976 1283 1007; x_wconf 87' lang='lat' dir='ltr'>per</span> <span class='ocrx_word' id='word_1_182' title='bbox 1299 967 1451 998; x_wconf 85' lang='lat' dir='ltr'>virtutem</span> <span class='ocrx_word' id='word_1_183' title='bbox 1469 966 1620 1006; x_wconf 77' lang='lat' dir='ltr'>aliquam,</span> <span class='ocrx_word' id='word_1_184' title='bbox 1640 967 1693 998; x_wconf 84' lang='lat' dir='ltr'>sed</span> <span class='ocrx_word' id='word_1_185' title='bbox 1709 967 1814 1006; x_wconf 88' lang='lat' dir='ltr'>potius</span> <span class='ocrx_word' id='word_1_186' title='bbox 1824 954 1924 1006; x_wconf 55' lang='grc' dir='ltr'>άζζξζῗῖ</span> 
     </span>
    </p>
   </div>
   <div class='ocr_carea' id='block_1_9' title="bbox 1042 1019 1920 1060">
    <p class='ocr_par' dir='ltr' id='par_1_10' title="bbox 1042 1019 1920 1060">
     <span class='ocr_line' id='line_1_31' title="bbox 1042 1019 1920 1060; baseline 0 -10"><span class='ocrx_word' id='word_1_187' title='bbox 1042 1030 1097 1060; x_wconf 86' lang='lat' dir='ltr'>per</span> <span class='ocrx_word' id='word_1_188' title='bbox 1112 1020 1231 1050; x_wconf 89' lang='lat' dir='ltr'>donum</span> <span class='ocrx_word' id='word_1_189' title='bbox 1248 1020 1432 1060; x_wconf 84' lang='lat' dir='ltr'>prophetiae,</span> <span class='ocrx_word' id='word_1_190' title='bbox 1446 1029 1510 1050; x_wconf 91' lang='lat' dir='ltr'>non</span> <span class='ocrx_word' id='word_1_191' title='bbox 1524 1020 1650 1050; x_wconf 90' lang='lat' dir='ltr'>videtur</span> <span class='ocrx_word' id='word_1_192' title='bbox 1660 1020 1746 1060; x_wconf 86' lang='lat' dir='ltr'>quod</span> <span class='ocrx_word' id='word_1_193' title='bbox 1761 1029 1816 1051; x_wconf 86' lang='lat' dir='ltr'>no·</span> <span class='ocrx_word' id='word_1_194' title='bbox 1827 1019 1920 1046; x_wconf 63' lang='lat' dir='ltr'>vfudefl·</span> 
     </span>
    </p>
   </div>
   <div class='ocr_carea' id='block_1_10' title="bbox 1865 1050 1897 1070">
    <p class='ocr_par' dir='ltr' id='par_1_11' title="bbox 1865 1050 1897 1070">
     <span class='ocr_line' id='line_1_32' title="bbox 1865 1050 1897 1070; baseline 0.063 -2"><span class='ocrx_word' id='word_1_195' title='bbox 1865 1050 1897 1070; x_wconf 73' lang='lat' dir='ltr'>tioe</span> 
     </span>
    </p>
   </div>
   <div class='ocr_carea' id='block_1_11' title="bbox 217 1088 1006 2560">
    <p class='ocr_par' dir='ltr' id='par_1_12' title="bbox 217 1088 1006 2560">
     <span class='ocr_line' id='line_1_33' title="bbox 217 1088 987 1133; baseline -0.008 -9"><span class='ocrx_word' id='word_1_196' title='bbox 217 1094 269 1124; x_wconf 87' lang='lat' dir='ltr'>sed</span> <span class='ocrx_word' id='word_1_197' title='bbox 293 1093 367 1133; x_wconf 84' lang='lat' dir='ltr'>quia</span> <span class='ocrx_word' id='word_1_198' title='bbox 388 1092 533 1123; x_wconf 81' lang='lat' dir='ltr'>convenit</span> <span class='ocrx_word' id='word_1_199' title='bbox 543 1092 674 1131; x_wconf 56' lang='lat' dir='ltr'>‚institue</span> <span class='ocrx_word' id='word_1_200' title='bbox 694 1091 729 1120; x_wconf 89' lang='lat' dir='ltr'>in</span> <span class='ocrx_word' id='word_1_201' title='bbox 747 1099 806 1120; x_wconf 87' lang='lat' dir='ltr'>suo</span> <span class='ocrx_word' id='word_1_202' title='bbox 826 1088 987 1128; x_wconf 65' lang='lat' dir='ltr'>potissimo</span> 
     </span>
     <span class='ocr_line' id='line_1_34' title="bbox 217 1143 989 1184; baseline -0.006 -7"><span class='ocrx_word' id='word_1_203' title='bbox 217 1149 299 1177; x_wconf 82' lang='lat' dir='ltr'>statu</span> <span class='ocrx_word' id='word_1_204' title='bbox 315 1157 322 1177; x_wconf 76' lang='lat' dir='ltr'>t</span> <span class='ocrx_word' id='word_1_205' title='bbox 338 1156 378 1176; x_wconf 78' lang='lat' dir='ltr'>ex</span> <span class='ocrx_word' id='word_1_206' title='bbox 400 1146 459 1176; x_wconf 84' lang='lat' dir='ltr'>hoc</span> <span class='ocrx_word' id='word_1_207' title='bbox 477 1147 583 1175; x_wconf 81' lang='lat' dir='ltr'>tamen</span> <span class='ocrx_word' id='word_1_208' title='bbox 604 1147 705 1184; x_wconf 83' lang='lat' dir='ltr'>potest</span> <span class='ocrx_word' id='word_1_209' title='bbox 723 1143 829 1182; x_wconf 70' lang='lat' dir='ltr'>colligi</span> <span class='ocrx_word' id='word_1_210' title='bbox 846 1144 915 1181; x_wconf 86' lang='lat' dir='ltr'>ejus</span> <span class='ocrx_word' id='word_1_211' title='bbox 935 1150 989 1180; x_wconf 82' lang='lat' dir='ltr'>ge-</span> 
     </span>
     <span class='ocr_line' id='line_1_35' title="bbox 218 1195 986 1238; baseline -0.007 -9"><span class='ocrx_word' id='word_1_212' title='bbox 218 1200 334 1230; x_wconf 86' lang='lat' dir='ltr'>neralis</span> <span class='ocrx_word' id='word_1_213' title='bbox 356 1199 539 1236; x_wconf 67' lang='lat' dir='ltr'>notificatio,</span> <span class='ocrx_word' id='word_1_214' title='bbox 556 1198 631 1238; x_wconf 82' lang='lat' dir='ltr'>qnia</span> <span class='ocrx_word' id='word_1_215' title='bbox 653 1198 733 1227; x_wconf 77' lang='lat' dir='ltr'>sicut</span> <span class='ocrx_word' id='word_1_216' title='bbox 752 1196 875 1226; x_wconf 86' lang='lat' dir='ltr'>miseris</span> <span class='ocrx_word' id='word_1_217' title='bbox 893 1195 986 1225; x_wconf 88' lang='lat' dir='ltr'>debe-</span> 
     </span>
     <span class='ocr_line' id='line_1_36' title="bbox 218 1248 990 1289; baseline -0.006 -7"><span class='ocrx_word' id='word_1_218' title='bbox 218 1262 291 1283; x_wconf 84' lang='lat' dir='ltr'>mus</span> <span class='ocrx_word' id='word_1_219' title='bbox 311 1252 567 1289; x_wconf 74' lang='lat' dir='ltr'>subventionem,</span> <span class='ocrx_word' id='word_1_220' title='bbox 584 1251 627 1281; x_wconf 89' lang='lat' dir='ltr'>ita</span> <span class='ocrx_word' id='word_1_221' title='bbox 645 1251 715 1281; x_wconf 73' lang='lat' dir='ltr'>aliis</span> <span class='ocrx_word' id='word_1_222' title='bbox 734 1249 908 1288; x_wconf 80' lang='lat' dir='ltr'>generibus</span> <span class='ocrx_word' id='word_1_223' title='bbox 931 1248 990 1277; x_wconf 87' lang='lat' dir='ltr'>ho-</span> 
     </span>
     <span class='ocr_line' id='line_1_37' title="bbox 220 1303 990 1343; baseline -0.008 -7"><span class='ocrx_word' id='word_1_224' title='bbox 220 1307 342 1337; x_wconf 83' lang='lat' dir='ltr'>minnm</span> <span class='ocrx_word' id='word_1_225' title='bbox 359 1305 431 1343; x_wconf 77' lang='lat' dir='ltr'>alia,</span> <span class='ocrx_word' id='word_1_226' title='bbox 448 1307 478 1335; x_wconf 89' lang='lat' dir='ltr'>et</span> <span class='ocrx_word' id='word_1_227' title='bbox 493 1305 553 1335; x_wconf 79' lang='lat' dir='ltr'>alia</span> <span class='ocrx_word' id='word_1_228' title='bbox 568 1305 730 1334; x_wconf 82' lang='lat' dir='ltr'>debemus.</span> <span class='ocrx_word' id='word_1_229' title='bbox 748 1303 835 1332; x_wconf 77' lang='lat' dir='ltr'>Unde</span> <span class='ocrx_word' id='word_1_230' title='bbox 852 1310 990 1341; x_wconf 78' lang='lat' dir='ltr'>genera-</span> 
     </span>
     <span class='ocr_line' id='line_1_38' title="bbox 219 1355 992 1397; baseline -0.012 -7"><span class='ocrx_word' id='word_1_231' title='bbox 219 1360 257 1390; x_wconf 88' lang='lat' dir='ltr'>lis</span> <span class='ocrx_word' id='word_1_232' title='bbox 284 1359 454 1389; x_wconf 80' lang='lat' dir='ltr'>notificatio</span> <span class='ocrx_word' id='word_1_233' title='bbox 477 1358 575 1397; x_wconf 76' lang='lat' dir='ltr'>ipsius</span> <span class='ocrx_word' id='word_1_234' title='bbox 598 1357 729 1396; x_wconf 70' lang='lat' dir='ltr'>Justitiae</span> <span class='ocrx_word' id='word_1_235' title='bbox 747 1365 787 1385; x_wconf 74' lang='lat' dir='ltr'>ex</span> <span class='ocrx_word' id='word_1_236' title='bbox 808 1356 868 1385; x_wconf 88' lang='lat' dir='ltr'>hoc</span> <span class='ocrx_word' id='word_1_237' title='bbox 892 1355 992 1393; x_wconf 81' lang='lat' dir='ltr'>potest</span> 
     </span>
     <span class='ocr_line' id='line_1_39' title="bbox 221 1406 993 1451; baseline -0.009 -9"><span class='ocrx_word' id='word_1_238' title='bbox 221 1412 300 1449; x_wconf 88' lang='lat' dir='ltr'>elici,</span> <span class='ocrx_word' id='word_1_239' title='bbox 319 1411 401 1451; x_wconf 87' lang='lat' dir='ltr'>quod</span> <span class='ocrx_word' id='word_1_240' title='bbox 414 1411 540 1450; x_wconf 82' lang='lat' dir='ltr'>justitia</span> <span class='ocrx_word' id='word_1_241' title='bbox 552 1412 598 1440; x_wconf 85' lang='lat' dir='ltr'>est</span> <span class='ocrx_word' id='word_1_242' title='bbox 608 1410 709 1439; x_wconf 81' lang='lat' dir='ltr'>virtus</span> <span class='ocrx_word' id='word_1_243' title='bbox 722 1409 855 1439; x_wconf 75' lang='lat' dir='ltr'>reddens·</span> <span class='ocrx_word' id='word_1_244' title='bbox 870 1406 993 1437; x_wconf 87' lang='lat' dir='ltr'>unicui-</span> 
     </span>
     <span class='ocr_line' id='line_1_40' title="bbox 222 1459 993 1505; baseline -0.01 -9"><span class='ocrx_word' id='word_1_245' title='bbox 222 1475 284 1505; x_wconf 87' lang='lat' dir='ltr'>que</span> <span class='ocrx_word' id='word_1_246' title='bbox 305 1465 390 1505; x_wconf 83' lang='lat' dir='ltr'>quod</span> <span class='ocrx_word' id='word_1_247' title='bbox 415 1473 509 1494; x_wconf 86' lang='lat' dir='ltr'>suum</span> <span class='ocrx_word' id='word_1_248' title='bbox 533 1465 590 1493; x_wconf 87' lang='lat' dir='ltr'>est.</span> <span class='ocrx_word' id='word_1_249' title='bbox 607 1462 644 1493; x_wconf 80' lang='lat' dir='ltr'>Et</span> <span class='ocrx_word' id='word_1_250' title='bbox 659 1462 703 1491; x_wconf 84' lang='lat' dir='ltr'>sle</span> <span class='ocrx_word' id='word_1_251' title='bbox 723 1463 804 1500; x_wconf 86' lang='lat' dir='ltr'>patet</span> <span class='ocrx_word' id='word_1_252' title='bbox 830 1459 993 1499; x_wconf 66' lang='lat' dir='ltr'>responsio</span> 
     </span>
     <span class='ocr_line' id='line_1_41' title="bbox 222 1514 992 1555; baseline -0.01 -6"><span class='ocrx_word' id='word_1_253' title='bbox 222 1519 260 1549; x_wconf 79' lang='lat' dir='ltr'>ad</span> <span class='ocrx_word' id='word_1_254' title='bbox 285 1519 337 1548; x_wconf 82' lang='lat' dir='ltr'>illa</span> <span class='ocrx_word' id='word_1_255' title='bbox 359 1518 421 1548; x_wconf 71' lang='lat' dir='ltr'>&lt;luo</span> <span class='ocrx_word' id='word_1_256' title='bbox 442 1518 575 1555; x_wconf 60' lang='lat' dir='ltr'>objnaecta.</span> <span class='ocrx_word' id='word_1_257' title='bbox 600 1514 780 1546; x_wconf 84' lang='lat' dir='ltr'>Notandum</span> <span class='ocrx_word' id='word_1_258' title='bbox 804 1515 911 1543; x_wconf 89' lang='lat' dir='ltr'>tamen</span> <span class='ocrx_word' id='word_1_259' title='bbox 935 1515 992 1549; x_wconf 82' lang='lat' dir='ltr'>est,</span> 
     </span>
     <span class='ocr_line' id='line_1_42' title="bbox 223 1565 992 1611; baseline -0.01 -9"><span class='ocrx_word' id='word_1_260' title='bbox 223 1572 307 1611; x_wconf 83' lang='lat' dir='ltr'>quod</span> <span class='ocrx_word' id='word_1_261' title='bbox 332 1570 500 1602; x_wconf 77' lang='lat' dir='ltr'>subvenire</span> <span class='ocrx_word' id='word_1_262' title='bbox 523 1569 645 1599; x_wconf 85' lang='lat' dir='ltr'>miseris</span> <span class='ocrx_word' id='word_1_263' title='bbox 670 1569 772 1607; x_wconf 85' lang='lat' dir='ltr'>potest</span> <span class='ocrx_word' id='word_1_264' title='bbox 795 1566 910 1605; x_wconf 84' lang='lat' dir='ltr'>aliquis</span> <span class='ocrx_word' id='word_1_265' title='bbox 934 1565 992 1595; x_wconf 90' lang='lat' dir='ltr'>dn-</span> 
     </span>
     <span class='ocr_line' id='line_1_43' title="bbox 224 1618 996 1663; baseline -0.008 -10"><span class='ocrx_word' id='word_1_266' title='bbox 224 1624 357 1663; x_wconf 86' lang='lat' dir='ltr'>pliciter,</span> <span class='ocrx_word' id='word_1_267' title='bbox 374 1625 429 1653; x_wconf 89' lang='lat' dir='ltr'>aut</span> <span class='ocrx_word' id='word_1_268' title='bbox 453 1625 547 1662; x_wconf 85' lang='lat' dir='ltr'>prout</span> <span class='ocrx_word' id='word_1_269' title='bbox 566 1623 714 1652; x_wconf 63' lang='lat' dir='ltr'>movetur</span> <span class='ocrx_word' id='word_1_270' title='bbox 729 1620 787 1649; x_wconf 87' lang='lat' dir='ltr'>sub</span> <span class='ocrx_word' id='word_1_271' title='bbox 802 1619 921 1649; x_wconf 85' lang='lat' dir='ltr'>ratione</span> <span class='ocrx_word' id='word_1_272' title='bbox 941 1618 996 1648; x_wconf 83' lang='lat' dir='ltr'>de-</span> 
     </span>
     <span class='ocr_line' id='line_1_44' title="bbox 224 1673 997 1716; baseline -0.008 -9"><span class='ocrx_word' id='word_1_273' title='bbox 224 1677 292 1714; x_wconf 84' lang='lat' dir='ltr'>biti,</span> <span class='ocrx_word' id='word_1_274' title='bbox 316 1679 371 1707; x_wconf 88' lang='lat' dir='ltr'>ant</span> <span class='ocrx_word' id='word_1_275' title='bbox 388 1678 483 1716; x_wconf 87' lang='lat' dir='ltr'>prout</span> <span class='ocrx_word' id='word_1_276' title='bbox 501 1674 683 1714; x_wconf 83' lang='lat' dir='ltr'>simpliciter</span> <span class='ocrx_word' id='word_1_277' title='bbox 698 1673 875 1703; x_wconf 74' lang='lat' dir='ltr'>considerat</span> <span class='ocrx_word' id='word_1_278' title='bbox 894 1680 997 1701; x_wconf 85' lang='lat' dir='ltr'>neces-</span> 
     </span>
     <span class='ocr_line' id='line_1_45' title="bbox 225 1724 997 1769; baseline -0.008 -9"><span class='ocrx_word' id='word_1_279' title='bbox 225 1731 347 1760; x_wconf 84' lang='lat' dir='ltr'>sitatem</span> <span class='ocrx_word' id='word_1_280' title='bbox 370 1729 518 1769; x_wconf 82' lang='lat' dir='ltr'>proximi,</span> <span class='ocrx_word' id='word_1_281' title='bbox 538 1728 589 1759; x_wconf 85' lang='lat' dir='ltr'>cui</span> <span class='ocrx_word' id='word_1_282' title='bbox 607 1725 864 1766; x_wconf 84' lang='lat' dir='ltr'>compatiendum</span> <span class='ocrx_word' id='word_1_283' title='bbox 884 1727 941 1755; x_wconf 85' lang='lat' dir='ltr'>est.</span> <span class='ocrx_word' id='word_1_284' title='bbox 959 1724 997 1755; x_wconf 84' lang='lat' dir='ltr'>Et</span> 
     </span>
     <span class='ocr_line' id='line_1_46' title="bbox 226 1778 998 1822; baseline -0.006 -10"><span class='ocrx_word' id='word_1_285' title='bbox 226 1783 368 1822; x_wconf 89' lang='lat' dir='ltr'>primum</span> <span class='ocrx_word' id='word_1_286' title='bbox 394 1784 439 1812; x_wconf 87' lang='lat' dir='ltr'>est</span> <span class='ocrx_word' id='word_1_287' title='bbox 451 1782 597 1820; x_wconf 70' lang='lat' dir='ltr'>justitiae,</span> <span class='ocrx_word' id='word_1_288' title='bbox 616 1780 804 1816; x_wconf 78' lang='lat' dir='ltr'>secundum,</span> <span class='ocrx_word' id='word_1_289' title='bbox 821 1778 998 1808; x_wconf 77' lang='lat' dir='ltr'>mIsericor-</span> 
     </span>
     <span class='ocr_line' id='line_1_47' title="bbox 226 1831 999 1872; baseline -0.009 -5"><span class='ocrx_word' id='word_1_290' title='bbox 226 1837 297 1867; x_wconf 86' lang='lat' dir='ltr'>diae.</span> <span class='ocrx_word' id='word_1_291' title='bbox 314 1836 551 1872; x_wconf 78' lang='lat' dir='ltr'>Verumtamen,</span> <span class='ocrx_word' id='word_1_292' title='bbox 570 1834 650 1864; x_wconf 88' lang='lat' dir='ltr'>sicut</span> <span class='ocrx_word' id='word_1_293' title='bbox 665 1834 785 1863; x_wconf 89' lang='lat' dir='ltr'>dictum</span> <span class='ocrx_word' id='word_1_294' title='bbox 805 1834 861 1868; x_wconf 79' lang='lat' dir='ltr'>est⁷</span> <span class='ocrx_word' id='word_1_295' title='bbox 881 1831 999 1861; x_wconf 84' lang='lat' dir='ltr'>miseri-</span> 
     </span>
     <span class='ocr_line' id='line_1_48' title="bbox 227 1885 999 1927; baseline -0.008 -8"><span class='ocrx_word' id='word_1_296' title='bbox 227 1890 332 1919; x_wconf 86' lang='lat' dir='ltr'>cordia</span> <span class='ocrx_word' id='word_1_297' title='bbox 346 1889 526 1919; x_wconf 83' lang='lat' dir='ltr'>continetur</span> <span class='ocrx_word' id='word_1_298' title='bbox 541 1888 600 1918; x_wconf 85' lang='lat' dir='ltr'>sub</span> <span class='ocrx_word' id='word_1_299' title='bbox 613 1887 736 1927; x_wconf 81' lang='lat' dir='ltr'>justitia</span> <span class='ocrx_word' id='word_1_300' title='bbox 751 1885 914 1922; x_wconf 82' lang='lat' dir='ltr'>cardinali,</span> <span class='ocrx_word' id='word_1_301' title='bbox 928 1885 999 1914; x_wconf 86' lang='lat' dir='ltr'>licet</span> 
     </span>
     <span class='ocr_line' id='line_1_49' title="bbox 227 1938 1000 1982; baseline -0.008 -10"><span class='ocrx_word' id='word_1_302' title='bbox 227 1943 333 1982; x_wconf 87' lang='lat' dir='ltr'>aliquo</span> <span class='ocrx_word' id='word_1_303' title='bbox 345 1942 437 1972; x_wconf 83' lang='lat' dir='ltr'>modo</span> <span class='ocrx_word' id='word_1_304' title='bbox 449 1942 573 1981; x_wconf 76' lang='lat' dir='ltr'>¹justitia</span> <span class='ocrx_word' id='word_1_305' title='bbox 586 1941 803 1979; x_wconf 76' lang='lat' dir='ltr'>distinguatur</span> <span class='ocrx_word' id='word_1_306' title='bbox 815 1941 923 1968; x_wconf 86' lang='lat' dir='ltr'>contra</span> <span class='ocrx_word' id='word_1_307' title='bbox 938 1938 1000 1967; x_wconf 89' lang='lat' dir='ltr'>mi-</span> 
     </span>
     <span class='ocr_line' id='line_1_50' title="bbox 228 1991 1000 2033; baseline -0.006 -8"><span class='ocrx_word' id='word_1_308' title='bbox 228 1995 439 2025; x_wconf 83' lang='lat' dir='ltr'>sericordiam.</span> <span class='ocrx_word' id='word_1_309' title='bbox 456 1994 585 2033; x_wconf 81' lang='lat' dir='ltr'>Propter</span> <span class='ocrx_word' id='word_1_310' title='bbox 601 1993 686 2033; x_wconf 91' lang='lat' dir='ltr'>quod</span> <span class='ocrx_word' id='word_1_311' title='bbox 698 1995 784 2028; x_wconf 82' lang='lat' dir='ltr'>nota⁷</span> <span class='ocrx_word' id='word_1_312' title='bbox 803 1992 886 2031; x_wconf 87' lang='lat' dir='ltr'>quod</span> <span class='ocrx_word' id='word_1_313' title='bbox 902 1991 1000 2030; x_wconf 82' lang='lat' dir='ltr'>justi-</span> 
     </span>
     <span class='ocr_line' id='line_1_51' title="bbox 229 2043 998 2081; baseline -0.007 -4"><span class='ocrx_word' id='word_1_314' title='bbox 229 2048 272 2078; x_wconf 88' lang='lat' dir='ltr'>tia</span> <span class='ocrx_word' id='word_1_315' title='bbox 298 2047 413 2077; x_wconf 85' lang='lat' dir='ltr'>dicitnr</span> <span class='ocrx_word' id='word_1_316' title='bbox 437 2046 545 2076; x_wconf 79' lang='lat' dir='ltr'>multis</span> <span class='ocrx_word' id='word_1_317' title='bbox 569 2045 680 2075; x_wconf 84' lang='lat' dir='ltr'>modis.</span> <span class='ocrx_word' id='word_1_318' title='bbox 700 2045 767 2075; x_wconf 87' lang='lat' dir='ltr'>Uno</span> <span class='ocrx_word' id='word_1_319' title='bbox 784 2044 877 2074; x_wconf 89' lang='lat' dir='ltr'>modo</span> <span class='ocrx_word' id='word_1_320' title='bbox 899 2043 998 2081; x_wconf 82' lang='lat' dir='ltr'>large,</span> 
     </span>
     <span class='ocr_line' id='line_1_52' title="bbox 228 2096 999 2140; baseline -0.008 -10"><span class='ocrx_word' id='word_1_321' title='bbox 228 2102 323 2140; x_wconf 84' lang='lat' dir='ltr'>prout</span> <span class='ocrx_word' id='word_1_322' title='bbox 344 2100 417 2129; x_wconf 75' lang='lat' dir='ltr'>dicit</span> <span class='ocrx_word' id='word_1_323' title='bbox 438 2099 628 2137; x_wconf 69' lang='lat' dir='ltr'>generaliter</span> <span class='ocrx_word' id='word_1_324' title='bbox 645 2097 865 2127; x_wconf 84' lang='lat' dir='ltr'>rectitudinem</span> <span class='ocrx_word' id='word_1_325' title='bbox 889 2096 999 2132; x_wconf 78' lang='lat' dir='ltr'>animi⁷</span> 
     </span>
     <span class='ocr_line' id='line_1_53' title="bbox 230 2148 1001 2187; baseline -0.008 -4"><span class='ocrx_word' id='word_1_326' title='bbox 230 2153 297 2183; x_wconf 87' lang='lat' dir='ltr'>sive</span> <span class='ocrx_word' id='word_1_327' title='bbox 322 2153 356 2182; x_wconf 89' lang='lat' dir='ltr'>in</span> <span class='ocrx_word' id='word_1_328' title='bbox 376 2151 558 2181; x_wconf 81' lang='lat' dir='ltr'>declinando</span> <span class='ocrx_word' id='word_1_329' title='bbox 574 2160 591 2180; x_wconf 85' lang='lat' dir='ltr'>a</span> <span class='ocrx_word' id='word_1_330' title='bbox 611 2150 705 2187; x_wconf 72' lang='lat' dir='ltr'>malo,</span> <span class='ocrx_word' id='word_1_331' title='bbox 723 2150 788 2179; x_wconf 78' lang='lat' dir='ltr'>sive</span> <span class='ocrx_word' id='word_1_332' title='bbox 806 2149 838 2178; x_wconf 89' lang='lat' dir='ltr'>in</span> <span class='ocrx_word' id='word_1_333' title='bbox 860 2148 1001 2178; x_wconf 78' lang='lat' dir='ltr'>faciendo</span> 
     </span>
     <span class='ocr_line' id='line_1_54' title="bbox 230 2201 1000 2242; baseline -0.008 -6"><span class='ocrx_word' id='word_1_334' title='bbox 230 2206 351 2236; x_wconf 88' lang='lat' dir='ltr'>bonum</span> <span class='ocrx_word' id='word_1_335' title='bbox 367 2216 373 2235; x_wconf 92' lang='lat'>:</span> <span class='ocrx_word' id='word_1_336' title='bbox 389 2207 418 2234; x_wconf 85' lang='lat' dir='ltr'>et</span> <span class='ocrx_word' id='word_1_337' title='bbox 434 2205 492 2234; x_wconf 85' lang='lat' dir='ltr'>hoc.</span> <span class='ocrx_word' id='word_1_338' title='bbox 509 2203 601 2233; x_wconf 80' lang='lat' dir='ltr'>modo</span> <span class='ocrx_word' id='word_1_339' title='bbox 614 2203 738 2242; x_wconf 82' lang='lat' dir='ltr'>justitia</span> <span class='ocrx_word' id='word_1_340' title='bbox 759 2204 804 2232; x_wconf 85' lang='lat' dir='ltr'>est</span> <span class='ocrx_word' id='word_1_341' title='bbox 824 2201 927 2232; x_wconf 85' lang='lat' dir='ltr'>virtus</span> <span class='ocrx_word' id='word_1_342' title='bbox 943 2210 1000 2239; x_wconf 82' lang='lat' dir='ltr'>ge-</span> 
     </span>
     <span class='ocr_line' id='line_1_55' title="bbox 232 2255 1000 2295; baseline -0.008 -6"><span class='ocrx_word' id='word_1_343' title='bbox 232 2258 356 2295; x_wconf 75' lang='lat' dir='ltr'>nei-atis,</span> <span class='ocrx_word' id='word_1_344' title='bbox 367 2257 540 2287; x_wconf 85' lang='lat' dir='ltr'>secundnm</span> <span class='ocrx_word' id='word_1_345' title='bbox 551 2266 646 2295; x_wconf 85' lang='lat' dir='ltr'>quam</span> <span class='ocrx_word' id='word_1_346' title='bbox 657 2255 788 2294; x_wconf 84' lang='lat' dir='ltr'>quilibet</span> <span class='ocrx_word' id='word_1_347' title='bbox 798 2255 895 2285; x_wconf 87' lang='lat' dir='ltr'>homo</span> <span class='ocrx_word' id='word_1_348' title='bbox 908 2263 1000 2284; x_wconf 82' lang='lat' dir='ltr'>sanc-</span> 
     </span>
     <span class='ocr_line' id='line_1_56' title="bbox 232 2307 1004 2348; baseline -0.008 -6"><span class='ocrx_word' id='word_1_349' title='bbox 232 2314 285 2342; x_wconf 88' lang='lat' dir='ltr'>tus</span> <span class='ocrx_word' id='word_1_350' title='bbox 307 2311 422 2342; x_wconf 87' lang='lat' dir='ltr'>dicitur</span> <span class='ocrx_word' id='word_1_351' title='bbox 446 2318 512 2339; x_wconf 82' lang='lat' dir='ltr'>esse</span> <span class='ocrx_word' id='word_1_352' title='bbox 531 2310 656 2348; x_wconf 79' lang='lat' dir='ltr'>juxtus.</span> <span class='ocrx_word' id='word_1_353' title='bbox 678 2308 748 2338; x_wconf 90' lang='lat' dir='ltr'>Alio</span> <span class='ocrx_word' id='word_1_354' title='bbox 772 2308 864 2337; x_wconf 84' lang='lat' dir='ltr'>inodo</span> <span class='ocrx_word' id='word_1_355' title='bbox 888 2307 1004 2337; x_wconf 86' lang='lat' dir='ltr'>dicitur</span> 
     </span>
     <span class='ocr_line' id='line_1_57' title="bbox 233 2360 1003 2403; baseline -0.006 -9"><span class='ocrx_word' id='word_1_356' title='bbox 233 2363 359 2403; x_wconf 87' lang='lat' dir='ltr'>proprie</span> <span class='ocrx_word' id='word_1_357' title='bbox 381 2362 504 2402; x_wconf 73' lang='lat' dir='ltr'>Justitia</span> <span class='ocrx_word' id='word_1_358' title='bbox 523 2361 676 2391; x_wconf 81' lang='lat' dir='ltr'>rectitudo</span> <span class='ocrx_word' id='word_1_359' title='bbox 696 2360 846 2390; x_wconf 82' lang='lat' dir='ltr'>ordinans</span> <span class='ocrx_word' id='word_1_360' title='bbox 865 2360 903 2390; x_wconf 89' lang='lat' dir='ltr'>ad</span> <span class='ocrx_word' id='word_1_361' title='bbox 923 2360 1003 2390; x_wconf 87' lang='lat' dir='ltr'>alte-</span> 
     </span>
     <span class='ocr_line' id='line_1_58' title="bbox 233 2413 1006 2453; baseline -0.006 -6"><span class='ocrx_word' id='word_1_362' title='bbox 233 2426 305 2447; x_wconf 89' lang='lat' dir='ltr'>rum</span> <span class='ocrx_word' id='word_1_363' title='bbox 320 2416 352 2446; x_wconf 88' lang='lat' dir='ltr'>in</span> <span class='ocrx_word' id='word_1_364' title='bbox 366 2415 524 2446; x_wconf 83' lang='lat' dir='ltr'>reddendo</span> <span class='ocrx_word' id='word_1_365' title='bbox 537 2415 563 2444; x_wconf 88' lang='lat' dir='ltr'>ei</span> <span class='ocrx_word' id='word_1_366' title='bbox 576 2414 658 2453; x_wconf 75' lang='lat' dir='ltr'>quod</span> <span class='ocrx_word' id='word_1_367' title='bbox 674 2423 769 2443; x_wconf 84' lang='lat' dir='ltr'>suum</span> <span class='ocrx_word' id='word_1_368' title='bbox 784 2415 830 2443; x_wconf 87' lang='lat' dir='ltr'>est</span> <span class='ocrx_word' id='word_1_369' title='bbox 842 2424 848 2443; x_wconf 89' lang='lat'>:</span> <span class='ocrx_word' id='word_1_370' title='bbox 862 2414 892 2442; x_wconf 86' lang='lat' dir='ltr'>et</span> <span class='ocrx_word' id='word_1_371' title='bbox 906 2413 949 2442; x_wconf 84' lang='lat' dir='ltr'>sic</span> <span class='ocrx_word' id='word_1_372' title='bbox 960 2415 1006 2442; x_wconf 87' lang='lat' dir='ltr'>est</span> 
     </span>
     <span class='ocr_line' id='line_1_59' title="bbox 234 2465 1004 2504; baseline -0.006 -5"><span class='ocrx_word' id='word_1_373' title='bbox 234 2470 336 2499; x_wconf 87' lang='lat' dir='ltr'>virtus</span> <span class='ocrx_word' id='word_1_374' title='bbox 350 2467 527 2499; x_wconf 86' lang='lat' dir='ltr'>cardinalis.</span> <span class='ocrx_word' id='word_1_375' title='bbox 545 2466 650 2497; x_wconf 88' lang='lat' dir='ltr'>Tertio</span> <span class='ocrx_word' id='word_1_376' title='bbox 665 2466 758 2496; x_wconf 89' lang='lat' dir='ltr'>modo</span> <span class='ocrx_word' id='word_1_377' title='bbox 774 2465 888 2495; x_wconf 90' lang='lat' dir='ltr'>dicitur</span> <span class='ocrx_word' id='word_1_378' title='bbox 905 2465 1004 2504; x_wconf 81' lang='lat' dir='ltr'>justi-</span> 
     </span>
     <span class='ocr_line' id='line_1_60' title="bbox 236 2517 1006 2560; baseline -0.006 -8"><span class='ocrx_word' id='word_1_379' title='bbox 236 2523 279 2552; x_wconf 87' lang='lat' dir='ltr'>tia</span> <span class='ocrx_word' id='word_1_380' title='bbox 294 2521 397 2559; x_wconf 88' lang='lat' dir='ltr'>magis</span> <span class='ocrx_word' id='word_1_381' title='bbox 409 2521 546 2560; x_wconf 66' lang='lat' dir='ltr'>proprie7</span> <span class='ocrx_word' id='word_1_382' title='bbox 561 2519 737 2550; x_wconf 81' lang='lat' dir='ltr'>secundum</span> <span class='ocrx_word' id='word_1_383' title='bbox 753 2518 840 2558; x_wconf 84' lang='lat' dir='ltr'>quod</span> <span class='ocrx_word' id='word_1_384' title='bbox 855 2517 928 2547; x_wconf 89' lang='lat' dir='ltr'>dicit</span> <span class='ocrx_word' id='word_1_385' title='bbox 943 2527 1006 2548; x_wconf 88' lang='lat' dir='ltr'>rec-</span> 
     </span>
    </p>
   </div>
   <div class='ocr_carea' id='block_1_12' title="bbox 238 2596 1005 2665">
    <p class='ocr_par' dir='ltr' id='par_1_13' title="bbox 238 2596 1005 2665">
     <span class='ocr_line' id='line_1_61' title="bbox 271 2596 1005 2631; baseline -0.007 -7"><span class='ocrx_word' id='word_1_386' title='bbox 271 2603 275 2616; x_wconf 86' lang='lat'>¹</span> <span class='ocrx_word' id='word_1_387' title='bbox 294 2602 367 2631; x_wconf 53' lang='lat' dir='ltr'>Aug„</span> <span class='ocrx_word' id='word_1_388' title='bbox 383 2601 411 2623; x_wconf 69' lang='lat' dir='ltr'>cle</span> <span class='ocrx_word' id='word_1_389' title='bbox 430 2602 529 2630; x_wconf 53' lang='lat' dir='ltr'>Trinit„</span> <span class='ocrx_word' id='word_1_390' title='bbox 548 2600 589 2625; x_wconf 84' lang='lat' dir='ltr'>tib.</span> <span class='ocrx_word' id='word_1_391' title='bbox 602 2599 750 2627; x_wconf 77' lang='lat' dir='ltr'>xtv,c.1x,</span> <span class='ocrx_word' id='word_1_392' title='bbox 766 2604 790 2622; x_wconf 85' lang='lat' dir='ltr'>u.</span> <span class='ocrx_word' id='word_1_393' title='bbox 804 2598 876 2620; x_wconf 68' lang='lat'><strong>19..—</strong></span> <span class='ocrx_word' id='word_1_394' title='bbox 890 2596 900 2613; x_wconf 82' lang='lat'>²</span> <span class='ocrx_word' id='word_1_395' title='bbox 912 2596 1005 2626; x_wconf 65' lang='lat' dir='ltr'>Clean,</span> 
     </span>
     <span class='ocr_line' id='line_1_62' title="bbox 238 2636 439 2665; baseline -0.005 -5"><span class='ocrx_word' id='word_1_396' title='bbox 238 2636 395 2665; x_wconf 80' lang='lat' dir='ltr'>Rhetor.,tib.</span> <span class='ocrx_word' id='word_1_397' title='bbox 410 2637 439 2659; x_wconf 86' lang='lat' dir='ltr'>n.</span> 
     </span>
    </p>
   </div>
   <div class='ocr_carea' id='block_1_13' title="bbox 1042 1072 1834 2536">
    <p class='ocr_par' dir='ltr' id='par_1_14' title="bbox 1042 1072 1821 1432">
     <span class='ocr_line' id='line_1_63' title="bbox 1042 1072 1814 1112; baseline 0 -9"><span class='ocrx_word' id='word_1_398' title='bbox 1042 1074 1170 1104; x_wconf 74' lang='lat' dir='ltr'>tificatio</span> <span class='ocrx_word' id='word_1_399' title='bbox 1190 1074 1243 1104; x_wconf 84' lang='lat' dir='ltr'>illa</span> <span class='ocrx_word' id='word_1_400' title='bbox 1259 1074 1425 1104; x_wconf 86' lang='lat' dir='ltr'>conveniat</span> <span class='ocrx_word' id='word_1_401' title='bbox 1441 1073 1629 1112; x_wconf 63' lang='lat' dir='ltr'>prudentiae.</span> <span class='ocrx_word' id='word_1_402' title='bbox 1648 1072 1726 1103; x_wconf 85' lang='lat' dir='ltr'>Item</span> <span class='ocrx_word' id='word_1_403' title='bbox 1749 1074 1814 1103; x_wconf 85' lang='lat' dir='ltr'>tres</span> 
     </span>
     <span class='ocr_line' id='line_1_64' title="bbox 1043 1125 1814 1167; baseline -0.003 -10"><span class='ocrx_word' id='word_1_404' title='bbox 1043 1130 1117 1157; x_wconf 89' lang='lat' dir='ltr'>sunt</span> <span class='ocrx_word' id='word_1_405' title='bbox 1139 1130 1241 1167; x_wconf 88' lang='lat' dir='ltr'>partes</span> <span class='ocrx_word' id='word_1_406' title='bbox 1263 1127 1448 1167; x_wconf 81' lang='lat' dir='ltr'>prudentiae,</span> <span class='ocrx_word' id='word_1_407' title='bbox 1465 1127 1547 1156; x_wconf 89' lang='lat' dir='ltr'>sicut</span> <span class='ocrx_word' id='word_1_408' title='bbox 1565 1125 1640 1156; x_wconf 85' lang='lat' dir='ltr'>dicit</span> <span class='ocrx_word' id='word_1_409' title='bbox 1660 1125 1783 1156; x_wconf 91' lang='lat' dir='ltr'>Tullius</span> <span class='ocrx_word' id='word_1_410' title='bbox 1791 1128 1814 1162; x_wconf 79' lang='lat'>²,</span> 
     </span>
     <span class='ocr_line' id='line_1_65' title="bbox 1045 1178 1817 1218; baseline -0.003 -7"><span class='ocrx_word' id='word_1_411' title='bbox 1045 1181 1188 1211; x_wconf 82' lang='lat' dir='ltr'>videlicet</span> <span class='ocrx_word' id='word_1_412' title='bbox 1203 1181 1367 1218; x_wconf 83' lang='lat' dir='ltr'>memoria,</span> <span class='ocrx_word' id='word_1_413' title='bbox 1382 1179 1592 1218; x_wconf 84' lang='lat' dir='ltr'>intelligentia</span> <span class='ocrx_word' id='word_1_414' title='bbox 1605 1180 1635 1209; x_wconf 89' lang='lat' dir='ltr'>et</span> <span class='ocrx_word' id='word_1_415' title='bbox 1650 1178 1817 1218; x_wconf 88' lang='lat' dir='ltr'>providen-</span> 
     </span>
     <span class='ocr_line' id='line_1_66' title="bbox 1045 1231 1814 1274; baseline -0.004 -10"><span class='ocrx_word' id='word_1_416' title='bbox 1045 1234 1104 1271; x_wconf 87' lang='lat' dir='ltr'>tia;</span> <span class='ocrx_word' id='word_1_417' title='bbox 1127 1237 1158 1265; x_wconf 87' lang='lat' dir='ltr'>ct</span> <span class='ocrx_word' id='word_1_418' title='bbox 1178 1234 1243 1265; x_wconf 82' lang='lat' dir='ltr'>sola</span> <span class='ocrx_word' id='word_1_419' title='bbox 1259 1233 1457 1274; x_wconf 89' lang='lat' dir='ltr'>providentia</span> <span class='ocrx_word' id='word_1_420' title='bbox 1473 1236 1518 1263; x_wconf 86' lang='lat' dir='ltr'>est</span> <span class='ocrx_word' id='word_1_421' title='bbox 1539 1234 1683 1272; x_wconf 89' lang='lat' dir='ltr'>respectu</span> <span class='ocrx_word' id='word_1_422' title='bbox 1697 1231 1814 1262; x_wconf 84' lang='lat' dir='ltr'>futuri:</span> 
     </span>
     <span class='ocr_line' id='line_1_67' title="bbox 1046 1284 1815 1326; baseline -0.004 -9"><span class='ocrx_word' id='word_1_423' title='bbox 1046 1296 1124 1325; x_wconf 83' lang='lat' dir='ltr'>ergo</span> <span class='ocrx_word' id='word_1_424' title='bbox 1146 1287 1211 1326; x_wconf 79' lang='lat' dir='ltr'>ipsa</span> <span class='ocrx_word' id='word_1_425' title='bbox 1230 1288 1296 1317; x_wconf 82' lang='lat' dir='ltr'>sota</span> <span class='ocrx_word' id='word_1_426' title='bbox 1315 1289 1361 1317; x_wconf 88' lang='lat' dir='ltr'>est</span> <span class='ocrx_word' id='word_1_427' title='bbox 1381 1287 1414 1316; x_wconf 89' lang='lat' dir='ltr'>in</span> <span class='ocrx_word' id='word_1_428' title='bbox 1436 1285 1652 1325; x_wconf 84' lang='lat' dir='ltr'>praecavendis</span> <span class='ocrx_word' id='word_1_429' title='bbox 1676 1284 1815 1315; x_wconf 89' lang='lat' dir='ltr'>insidiis:</span> 
     </span>
     <span class='ocr_line' id='line_1_68' title="bbox 1047 1337 1821 1379; baseline -0.005 -9"><span class='ocrx_word' id='word_1_430' title='bbox 1047 1349 1125 1379; x_wconf 77' lang='lat' dir='ltr'>ergo</span> <span class='ocrx_word' id='word_1_431' title='bbox 1151 1349 1215 1370; x_wconf 87' lang='lat' dir='ltr'>non</span> <span class='ocrx_word' id='word_1_432' title='bbox 1244 1340 1369 1370; x_wconf 88' lang='lat' dir='ltr'>videtur</span> <span class='ocrx_word' id='word_1_433' title='bbox 1395 1338 1480 1378; x_wconf 80' lang='lat' dir='ltr'>quod</span> <span class='ocrx_word' id='word_1_434' title='bbox 1501 1338 1561 1368; x_wconf 87' lang='lat' dir='ltr'>ista</span> <span class='ocrx_word' id='word_1_435' title='bbox 1584 1337 1755 1368; x_wconf 88' lang='lat' dir='ltr'>notificatio</span> <span class='ocrx_word' id='word_1_436' title='bbox 1776 1337 1821 1377; x_wconf 78' lang='lat' dir='ltr'>ip-</span> 
     </span>
     <span class='ocr_line' id='line_1_69' title="bbox 1048 1389 1819 1432; baseline -0.004 -10"><span class='ocrx_word' id='word_1_437' title='bbox 1048 1393 1114 1423; x_wconf 91' lang='lat' dir='ltr'>sius</span> <span class='ocrx_word' id='word_1_438' title='bbox 1138 1392 1313 1432; x_wconf 57' lang='lat' dir='ltr'>prudentia„¹</span> <span class='ocrx_word' id='word_1_439' title='bbox 1337 1392 1377 1422; x_wconf 89' lang='lat' dir='ltr'>sit</span> <span class='ocrx_word' id='word_1_440' title='bbox 1397 1391 1578 1422; x_wconf 87' lang='lat' dir='ltr'>communis</span> <span class='ocrx_word' id='word_1_441' title='bbox 1594 1392 1625 1420; x_wconf 90' lang='lat' dir='ltr'>et</span> <span class='ocrx_word' id='word_1_442' title='bbox 1650 1389 1819 1429; x_wconf 82' lang='lat' dir='ltr'>generalis.</span> 
     </span>
    </p>

    <p class='ocr_par' dir='ltr' id='par_1_15' title="bbox 1050 1443 1834 2536">
     <span class='ocr_line' id='line_1_70' title="bbox 1090 1443 1820 1485; baseline -0.005 -9"><span class='ocrx_word' id='word_1_443' title='bbox 1090 1446 1181 1485; x_wconf 71' lang='lat' dir='ltr'>ltesp.</span> <span class='ocrx_word' id='word_1_444' title='bbox 1205 1446 1379 1476; x_wconf 86' lang='lat' dir='ltr'>Dicendum</span> <span class='ocrx_word' id='word_1_445' title='bbox 1405 1445 1500 1484; x_wconf 88' lang='lat' dir='ltr'>quod,</span> <span class='ocrx_word' id='word_1_446' title='bbox 1528 1444 1609 1474; x_wconf 80' lang='lat' dir='ltr'>sicut</span> <span class='ocrx_word' id='word_1_447' title='bbox 1630 1443 1820 1483; x_wconf 75' lang='lat' dir='ltr'>praedIctum</span> 
     </span>
     <span class='ocr_line' id='line_1_71' title="bbox 1050 1496 1822 1538; baseline -0.005 -9"><span class='ocrx_word' id='word_1_448' title='bbox 1050 1504 1093 1529; x_wconf 80' lang='lat' dir='ltr'>est</span> <span class='ocrx_word' id='word_1_449' title='bbox 1111 1499 1147 1529; x_wconf 88' lang='lat' dir='ltr'>de</span> <span class='ocrx_word' id='word_1_450' title='bbox 1165 1499 1297 1538; x_wconf 77' lang='lat' dir='ltr'>justitia,</span> <span class='ocrx_word' id='word_1_451' title='bbox 1315 1499 1357 1529; x_wconf 91' lang='lat' dir='ltr'>ita</span> <span class='ocrx_word' id='word_1_452' title='bbox 1367 1497 1611 1536; x_wconf 84' lang='lat' dir='ltr'>intelligendum</span> <span class='ocrx_word' id='word_1_453' title='bbox 1626 1498 1673 1527; x_wconf 90' lang='lat' dir='ltr'>est</span> <span class='ocrx_word' id='word_1_454' title='bbox 1687 1496 1726 1526; x_wconf 87' lang='lat' dir='ltr'>de</span> <span class='ocrx_word' id='word_1_455' title='bbox 1740 1504 1822 1535; x_wconf 90' lang='lat' dir='ltr'>pru-</span> 
     </span>
     <span class='ocr_line' id='line_1_72' title="bbox 1051 1548 1823 1591; baseline -0.005 -9"><span class='ocrx_word' id='word_1_456' title='bbox 1051 1552 1167 1585; x_wconf 84' lang='lat' dir='ltr'>dentia.</span> <span class='ocrx_word' id='word_1_457' title='bbox 1196 1552 1279 1591; x_wconf 88' lang='lat' dir='ltr'>quod</span> <span class='ocrx_word' id='word_1_458' title='bbox 1301 1552 1344 1582; x_wconf 87' lang='lat' dir='ltr'>ita</span> <span class='ocrx_word' id='word_1_459' title='bbox 1365 1559 1512 1581; x_wconf 83' lang='lat' dir='ltr'>summus</span> <span class='ocrx_word' id='word_1_460' title='bbox 1534 1552 1623 1580; x_wconf 85' lang='lat' dir='ltr'>actus</span> <span class='ocrx_word' id='word_1_461' title='bbox 1646 1548 1823 1589; x_wconf 85' lang='lat' dir='ltr'>prudentiae</span> 
     </span>
     <span class='ocr_line' id='line_1_73' title="bbox 1052 1601 1823 1644; baseline -0.004 -9"><span class='ocrx_word' id='word_1_462' title='bbox 1052 1605 1193 1635; x_wconf 86' lang='lat' dir='ltr'>consistit</span> <span class='ocrx_word' id='word_1_463' title='bbox 1217 1606 1249 1634; x_wconf 87' lang='lat' dir='ltr'>in</span> <span class='ocrx_word' id='word_1_464' title='bbox 1273 1604 1479 1644; x_wconf 81' lang='lat' dir='ltr'>praecavendo</span> <span class='ocrx_word' id='word_1_465' title='bbox 1495 1603 1643 1639; x_wconf 84' lang='lat' dir='ltr'>insidias;</span> <span class='ocrx_word' id='word_1_466' title='bbox 1668 1602 1739 1632; x_wconf 87' lang='lat' dir='ltr'>ideo</span> <span class='ocrx_word' id='word_1_467' title='bbox 1757 1601 1823 1632; x_wconf 87' lang='lat' dir='ltr'>Ma·</span> 
     </span>
     <span class='ocr_line' id='line_1_74' title="bbox 1054 1655 1823 1697; baseline -0.004 -9"><span class='ocrx_word' id='word_1_468' title='bbox 1054 1659 1153 1696; x_wconf 86' lang='lat' dir='ltr'>gister</span> <span class='ocrx_word' id='word_1_469' title='bbox 1176 1667 1232 1697; x_wconf 90' lang='lat' dir='ltr'>per</span> <span class='ocrx_word' id='word_1_470' title='bbox 1247 1661 1354 1688; x_wconf 89' lang='lat' dir='ltr'>actum</span> <span class='ocrx_word' id='word_1_471' title='bbox 1369 1658 1461 1688; x_wconf 90' lang='lat' dir='ltr'>illum</span> <span class='ocrx_word' id='word_1_472' title='bbox 1481 1657 1595 1688; x_wconf 85' lang='lat' dir='ltr'>diffinit</span> <span class='ocrx_word' id='word_1_473' title='bbox 1610 1655 1823 1696; x_wconf 87' lang='lat' dir='ltr'>prudentiam.</span> 
     </span>
     <span class='ocr_line' id='line_1_75' title="bbox 1054 1708 1824 1750; baseline -0.004 -9"><span class='ocrx_word' id='word_1_474' title='bbox 1054 1710 1141 1741; x_wconf 88' lang='lat' dir='ltr'>Unde</span> <span class='ocrx_word' id='word_1_475' title='bbox 1158 1720 1270 1741; x_wconf 67' lang='lat' dir='ltr'>verum</span> <span class='ocrx_word' id='word_1_476' title='bbox 1289 1713 1346 1748; x_wconf 76' lang='lat' dir='ltr'>est,</span> <span class='ocrx_word' id='word_1_477' title='bbox 1364 1711 1450 1750; x_wconf 89' lang='lat' dir='ltr'>quod</span> <span class='ocrx_word' id='word_1_478' title='bbox 1467 1709 1638 1740; x_wconf 85' lang='lat' dir='ltr'>notificatio</span> <span class='ocrx_word' id='word_1_479' title='bbox 1657 1709 1721 1746; x_wconf 84' lang='lat' dir='ltr'>illa,</span> <span class='ocrx_word' id='word_1_480' title='bbox 1742 1708 1824 1739; x_wconf 86' lang='lat' dir='ltr'>acci-</span> 
     </span>
     <span class='ocr_line' id='line_1_76' title="bbox 1054 1759 1826 1802; baseline -0.004 -10"><span class='ocrx_word' id='word_1_481' title='bbox 1054 1762 1168 1802; x_wconf 85' lang='lat' dir='ltr'>piendo</span> <span class='ocrx_word' id='word_1_482' title='bbox 1184 1763 1324 1802; x_wconf 57' lang='lat' dir='ltr'>praecise,</span> <span class='ocrx_word' id='word_1_483' title='bbox 1339 1762 1487 1792; x_wconf 85' lang='lat' dir='ltr'>convenit</span> <span class='ocrx_word' id='word_1_484' title='bbox 1502 1761 1559 1791; x_wconf 91' lang='lat' dir='ltr'>uni</span> <span class='ocrx_word' id='word_1_485' title='bbox 1576 1760 1633 1790; x_wconf 86' lang='lat' dir='ltr'>soli</span> <span class='ocrx_word' id='word_1_486' title='bbox 1648 1759 1826 1799; x_wconf 64' lang='lat' dir='ltr'>prudentiae</span> 
     </span>
     <span class='ocr_line' id='line_1_77' title="bbox 1056 1812 1827 1855; baseline -0.005 -9"><span class='ocrx_word' id='word_1_487' title='bbox 1056 1816 1147 1855; x_wconf 79' lang='lat' dir='ltr'>parti⁷</span> <span class='ocrx_word' id='word_1_488' title='bbox 1162 1824 1235 1855; x_wconf 79' lang='lat' dir='ltr'>quae</span> <span class='ocrx_word' id='word_1_489' title='bbox 1250 1817 1297 1845; x_wconf 84' lang='lat' dir='ltr'>est</span> <span class='ocrx_word' id='word_1_490' title='bbox 1311 1814 1510 1854; x_wconf 85' lang='lat' dir='ltr'>providentia</span> <span class='ocrx_word' id='word_1_491' title='bbox 1527 1824 1533 1844; x_wconf 90' lang='lat'>:</span> <span class='ocrx_word' id='word_1_492' title='bbox 1549 1816 1656 1843; x_wconf 89' lang='lat' dir='ltr'>tamen</span> <span class='ocrx_word' id='word_1_493' title='bbox 1670 1812 1760 1851; x_wconf 85' lang='lat' dir='ltr'>large</span> <span class='ocrx_word' id='word_1_494' title='bbox 1774 1821 1827 1842; x_wconf 85' lang='lat' dir='ltr'>ac-</span> 
     </span>
     <span class='ocr_line' id='line_1_78' title="bbox 1056 1865 1827 1908; baseline -0.004 -10"><span class='ocrx_word' id='word_1_495' title='bbox 1056 1869 1210 1908; x_wconf 82' lang='lat' dir='ltr'>cipiendO,</span> <span class='ocrx_word' id='word_1_496' title='bbox 1234 1877 1345 1898; x_wconf 82' lang='lat' dir='ltr'>omnes</span> <span class='ocrx_word' id='word_1_497' title='bbox 1366 1869 1468 1907; x_wconf 84' lang='lat' dir='ltr'>partes</span> <span class='ocrx_word' id='word_1_498' title='bbox 1482 1865 1659 1906; x_wconf 74' lang='lat' dir='ltr'>prudentiae</span> <span class='ocrx_word' id='word_1_499' title='bbox 1674 1865 1827 1896; x_wconf 77' lang='lat' dir='ltr'>ordInan-</span> 
     </span>
     <span class='ocr_line' id='line_1_79' title="bbox 1055 1919 1828 1961; baseline -0.005 -9"><span class='ocrx_word' id='word_1_500' title='bbox 1055 1924 1109 1952; x_wconf 88' lang='lat' dir='ltr'>tur</span> <span class='ocrx_word' id='word_1_501' title='bbox 1137 1922 1175 1951; x_wconf 86' lang='lat' dir='ltr'>ad</span> <span class='ocrx_word' id='word_1_502' title='bbox 1197 1921 1300 1958; x_wconf 83' lang='lat' dir='ltr'>istam,</span> <span class='ocrx_word' id='word_1_503' title='bbox 1316 1921 1392 1961; x_wconf 89' lang='lat' dir='ltr'>quia</span> <span class='ocrx_word' id='word_1_504' title='bbox 1415 1920 1569 1950; x_wconf 86' lang='lat' dir='ltr'>memoria</span> <span class='ocrx_word' id='word_1_505' title='bbox 1592 1919 1828 1959; x_wconf 66' lang='lat' dir='ltr'>praeteritorum</span> 
     </span>
     <span class='ocr_line' id='line_1_80' title="bbox 1057 1973 1829 2011; baseline -0.005 -6"><span class='ocrx_word' id='word_1_506' title='bbox 1057 1975 1181 2005; x_wconf 83' lang='lat' dir='ltr'>ordinat</span> <span class='ocrx_word' id='word_1_507' title='bbox 1213 1975 1251 2004; x_wconf 86' lang='lat' dir='ltr'>ad</span> <span class='ocrx_word' id='word_1_508' title='bbox 1282 1974 1437 2004; x_wconf 86' lang='lat' dir='ltr'>cautelam</span> <span class='ocrx_word' id='word_1_509' title='bbox 1466 1973 1650 2003; x_wconf 83' lang='lat' dir='ltr'>futurorum</span> <span class='ocrx_word' id='word_1_510' title='bbox 1677 1982 1684 2001; x_wconf 80' lang='lat' dir='ltr'><em>z</em></span> <span class='ocrx_word' id='word_1_511' title='bbox 1714 1979 1829 2011; x_wconf 84' lang='lat' dir='ltr'>parum</span> 
     </span>
     <span class='ocr_line' id='line_1_81' title="bbox 1058 2024 1829 2066; baseline -0.006 -8"><span class='ocrx_word' id='word_1_512' title='bbox 1058 2029 1144 2058; x_wconf 89' lang='lat' dir='ltr'>enim</span> <span class='ocrx_word' id='word_1_513' title='bbox 1168 2028 1250 2059; x_wconf 88' lang='lat' dir='ltr'>vaiet</span> <span class='ocrx_word' id='word_1_514' title='bbox 1267 2037 1333 2058; x_wconf 78' lang='lat' dir='ltr'>esse</span> <span class='ocrx_word' id='word_1_515' title='bbox 1348 2027 1613 2066; x_wconf 87' lang='lat' dir='ltr'>circumspectum</span> <span class='ocrx_word' id='word_1_516' title='bbox 1630 2025 1662 2054; x_wconf 92' lang='lat' dir='ltr'>in</span> <span class='ocrx_word' id='word_1_517' title='bbox 1683 2024 1734 2054; x_wconf 90' lang='lat' dir='ltr'>his</span> <span class='ocrx_word' id='word_1_518' title='bbox 1756 2032 1829 2063; x_wconf 77' lang='lat' dir='ltr'>quae</span> 
     </span>
     <span class='ocr_line' id='line_1_82' title="bbox 1058 2077 1830 2119; baseline -0.005 -9"><span class='ocrx_word' id='word_1_519' title='bbox 1058 2082 1137 2110; x_wconf 82' lang='lat' dir='ltr'>faeta</span> <span class='ocrx_word' id='word_1_520' title='bbox 1157 2083 1241 2118; x_wconf 86' lang='lat' dir='ltr'>suut,</span> <span class='ocrx_word' id='word_1_521' title='bbox 1259 2080 1318 2110; x_wconf 80' lang='lat' dir='ltr'>uisi</span> <span class='ocrx_word' id='word_1_522' title='bbox 1342 2089 1398 2119; x_wconf 88' lang='lat' dir='ltr'>per</span> <span class='ocrx_word' id='word_1_523' title='bbox 1417 2080 1485 2109; x_wconf 81' lang='lat' dir='ltr'>haec</span> <span class='ocrx_word' id='word_1_524' title='bbox 1505 2079 1559 2108; x_wconf 83' lang='lat' dir='ltr'>siat</span> <span class='ocrx_word' id='word_1_525' title='bbox 1578 2078 1673 2108; x_wconf 90' lang='lat' dir='ltr'>homo</span> <span class='ocrx_word' id='word_1_526' title='bbox 1689 2077 1830 2107; x_wconf 87' lang='lat' dir='ltr'>circum-</span> 
     </span>
     <span class='ocr_line' id='line_1_83' title="bbox 1059 2129 1830 2172; baseline -0.005 -9"><span class='ocrx_word' id='word_1_527' title='bbox 1059 2133 1194 2172; x_wconf 87' lang='lat' dir='ltr'>spectior</span> <span class='ocrx_word' id='word_1_528' title='bbox 1216 2133 1249 2162; x_wconf 94' lang='lat' dir='ltr'>in</span> <span class='ocrx_word' id='word_1_529' title='bbox 1270 2133 1319 2162; x_wconf 90' lang='lat' dir='ltr'>his</span> <span class='ocrx_word' id='word_1_530' title='bbox 1334 2140 1406 2172; x_wconf 83' lang='lat' dir='ltr'>quae</span> <span class='ocrx_word' id='word_1_531' title='bbox 1419 2132 1494 2161; x_wconf 83' lang='lat' dir='ltr'>sunt</span> <span class='ocrx_word' id='word_1_532' title='bbox 1512 2129 1664 2160; x_wconf 80' lang='lat' dir='ltr'>facienda.</span> <span class='ocrx_word' id='word_1_533' title='bbox 1682 2129 1730 2160; x_wconf 89' lang='lat' dir='ltr'>Ad</span> <span class='ocrx_word' id='word_1_534' title='bbox 1750 2129 1830 2160; x_wconf 85' lang='lat' dir='ltr'>illud</span> 
     </span>
     <span class='ocr_line' id='line_1_84' title="bbox 1059 2184 1832 2226; baseline -0.005 -9"><span class='ocrx_word' id='word_1_535' title='bbox 1059 2196 1139 2225; x_wconf 87' lang='lat' dir='ltr'>ergo</span> <span class='ocrx_word' id='word_1_536' title='bbox 1151 2186 1235 2226; x_wconf 86' lang='lat' dir='ltr'>qnod</span> <span class='ocrx_word' id='word_1_537' title='bbox 1250 2186 1407 2225; x_wconf 77' lang='lat' dir='ltr'>objicitur,</span> <span class='ocrx_word' id='word_1_538' title='bbox 1426 2184 1510 2224; x_wconf 90' lang='lat' dir='ltr'>quod</span> <span class='ocrx_word' id='word_1_539' title='bbox 1521 2192 1616 2214; x_wconf 88' lang='lat' dir='ltr'>nemo</span> <span class='ocrx_word' id='word_1_540' title='bbox 1638 2184 1739 2222; x_wconf 84' lang='lat' dir='ltr'>potest</span> <span class='ocrx_word' id='word_1_541' title='bbox 1753 2191 1832 2222; x_wconf 85' lang='lat' dir='ltr'>prae-</span> 
     </span>
     <span class='ocr_line' id='line_1_85' title="bbox 1060 2236 1830 2277; baseline -0.006 -7"><span class='ocrx_word' id='word_1_542' title='bbox 1060 2240 1138 2270; x_wconf 86' lang='lat' dir='ltr'>seire</span> <span class='ocrx_word' id='word_1_543' title='bbox 1162 2240 1285 2269; x_wconf 81' lang='lat' dir='ltr'>suturas</span> <span class='ocrx_word' id='word_1_544' title='bbox 1304 2239 1444 2276; x_wconf 79' lang='lat' dir='ltr'>insidias,</span> <span class='ocrx_word' id='word_1_545' title='bbox 1460 2237 1522 2268; x_wconf 86' lang='lat' dir='ltr'>nisi</span> <span class='ocrx_word' id='word_1_546' title='bbox 1538 2237 1701 2277; x_wconf 88' lang='lat' dir='ltr'>propheta,</span> <span class='ocrx_word' id='word_1_547' title='bbox 1724 2236 1830 2266; x_wconf 88' lang='lat' dir='ltr'>dicen-</span> 
     </span>
     <span class='ocr_line' id='line_1_86' title="bbox 1061 2289 1833 2332; baseline -0.005 -9"><span class='ocrx_word' id='word_1_548' title='bbox 1061 2293 1138 2323; x_wconf 88' lang='lat' dir='ltr'>dum</span> <span class='ocrx_word' id='word_1_549' title='bbox 1168 2292 1264 2332; x_wconf 89' lang='lat' dir='ltr'>quod,</span> <span class='ocrx_word' id='word_1_550' title='bbox 1294 2291 1441 2331; x_wconf 84' lang='lat' dir='ltr'>quamvis</span> <span class='ocrx_word' id='word_1_551' title='bbox 1469 2299 1534 2321; x_wconf 88' lang='lat' dir='ltr'>non</span> <span class='ocrx_word' id='word_1_552' title='bbox 1562 2289 1658 2329; x_wconf 87' lang='lat' dir='ltr'>possit</span> <span class='ocrx_word' id='word_1_553' title='bbox 1683 2289 1833 2328; x_wconf 76' lang='lat' dir='ltr'>praescire</span> 
     </span>
     <span class='ocr_line' id='line_1_87' title="bbox 1062 2344 1833 2385; baseline -0.008 -8"><span class='ocrx_word' id='word_1_554' title='bbox 1062 2346 1243 2385; x_wconf 80' lang='lat' dir='ltr'>cognitione</span> <span class='ocrx_word' id='word_1_555' title='bbox 1266 2344 1473 2382; x_wconf 82' lang='lat' dir='ltr'>certitudinis,</span> <span class='ocrx_word' id='word_1_556' title='bbox 1499 2344 1601 2382; x_wconf 85' lang='lat' dir='ltr'>potest</span> <span class='ocrx_word' id='word_1_557' title='bbox 1620 2344 1729 2373; x_wconf 81' lang='lat' dir='ltr'>tamen</span> <span class='ocrx_word' id='word_1_558' title='bbox 1753 2350 1833 2382; x_wconf 84' lang='lat' dir='ltr'>prae-</span> 
     </span>
     <span class='ocr_line' id='line_1_88' title="bbox 1062 2395 1833 2437; baseline -0.006 -8"><span class='ocrx_word' id='word_1_559' title='bbox 1062 2401 1141 2429; x_wconf 86' lang='lat' dir='ltr'>scire</span> <span class='ocrx_word' id='word_1_560' title='bbox 1162 2398 1342 2437; x_wconf 83' lang='lat' dir='ltr'>cognitione</span> <span class='ocrx_word' id='word_1_561' title='bbox 1363 2398 1565 2437; x_wconf 72' lang='lat' dir='ltr'>conjecturae,</span> <span class='ocrx_word' id='word_1_562' title='bbox 1582 2396 1663 2426; x_wconf 84' lang='lat' dir='ltr'>sicut</span> <span class='ocrx_word' id='word_1_563' title='bbox 1682 2395 1716 2425; x_wconf 89' lang='lat' dir='ltr'>in</span> <span class='ocrx_word' id='word_1_564' title='bbox 1731 2395 1833 2434; x_wconf 86' lang='lat' dir='ltr'>signis</span> 
     </span>
     <span class='ocr_line' id='line_1_89' title="bbox 1062 2449 1834 2492; baseline -0.005 -10"><span class='ocrx_word' id='word_1_565' title='bbox 1062 2452 1272 2492; x_wconf 69' lang='lat' dir='ltr'>przeseutihus</span> <span class='ocrx_word' id='word_1_566' title='bbox 1295 2451 1434 2482; x_wconf 82' lang='lat' dir='ltr'>notificat</span> <span class='ocrx_word' id='word_1_567' title='bbox 1455 2450 1552 2481; x_wconf 88' lang='lat' dir='ltr'>homo</span> <span class='ocrx_word' id='word_1_568' title='bbox 1573 2449 1718 2480; x_wconf 81' lang='lat' dir='ltr'>futurum</span> <span class='ocrx_word' id='word_1_569' title='bbox 1739 2456 1834 2479; x_wconf 88' lang='lat' dir='ltr'>even-</span> 
     </span>
     <span class='ocr_line' id='line_1_90' title="bbox 1063 2508 1143 2536; baseline 0 -1"><span class='ocrx_word' id='word_1_570' title='bbox 1063 2508 1143 2536; x_wconf 88' lang='lat' dir='ltr'>tum.</span> 
     </span>
    </p>
   </div>
  </div>
 </body>
</html>
