2017 2948
230 136 288 165 554

229 202 345 237 tatem,
371 199 411 229 ibi
435 208 442 230 ε
464 200 648 238 Baptismus
673 204 798 232 camum
819 205 865 232 esc
887 207 998 231 sacra-

229 256 368 285 mentum
377 264 389 292 ‚·
402 252 456 284 sed
468 253 665 292 paenitentia.
684 257 741 284 ete.
761 254 793 283 In
808 254 915 291 tertia,
932 256 999 292 post

229 306 461 337 distinctionem
477 306 733 345 multiplicitatis,
751 307 839 346 ponit
854 307 997 337 notifica-

228 360 328 390 tiones
349 359 541 399 poenitentiae
557 360 683 390 virtutis
695 384 703 397 ,
720 360 760 389 ibi
779 371 785 389 ε
806 360 998 391 Poem'tentia

228 412 350 444 dicitur
374 413 607 452 macerrimum,
624 421 688 452 qua
715 414 788 452 quis
814 414 908 451 punit
931 413 996 444 illi—

227 466 311 504 cita‚
329 468 386 496 etc.
404 465 449 496 Ibi
474 466 561 504 ponit
586 466 739 495 rationem
761 475 779 496 a
800 468 886 505 parte
901 466 1000 495 nomi-

228 519 288 556 nis,
306 521 336 549 et
351 528 371 549 a
385 521 471 558 parte
488 518 543 548 rei.

556 613 623 633 nun.
649 604 672 633 1.'

375 664 493 695 Secunda
508 671 593 695 tabula
608 673 665 701 post
678 670 845 700 naufragium.

268 732 421 772 Objicitur
440 735 548 763 contra
570 733 639 763 11ωο
666 732 851 772 Hieronymi
875 732 973 762 verba
991 743 997 762 z

228 795 300 815 cum
317 786 402 816 enim
417 786 592 817 secundum
604 786 725 816 dicatur
739 787 880 825 respectu
894 784 997 824 primi,

227 841 258 869 et
281 839 385 878 prima
407 839 514 869 tabula
535 839 573 869 sit
597 839 792 878 baptismus,
811 840 840 868 et
864 838 1001 867 secunda

228 893 431 932 poenitentia,
458 895 532 923 tnnc
564 893 690 923 videtur
711 893 797 933 quod
825 893 999 923 secundum

229 948 462 977 sacramentum
478 947 516 977 sit
533 947 716 986 poenitentia
734 957 740 977 ς
759 955 837 985 ergo
857 946 938 976 male
954 955 1002 975 or-

229 1000 316 1030 dinat
330 1000 484 1038 magister
497 1002 610 1039 quarto
626 1000 702 1029 loco.
719 999 798 1029 Item
813 1008 922 1038 qnaero
940 1008 958 1028 a
974 1001 1001 1028 10

228 1059 285 1090 [110
316 1053 434 1089 quanto
461 1051 575 1080 dicitur
602 1050 787 1089 poenitentia
817 1050 944 1086 tabula,
971 1051 1001 1080 ct

229 1102 306 1142 quid
325 1104 370 1132 est
392 1103 610 1141 naufragium.
635 1104 665 1133 Si
690 1106 725 1133 tu
753 1103 838 1133 dicas
856 1103 941 1141 quod
956 1105 1003 1132 est

229 1165 320 1186 casus
353 1156 386 1186 in
414 1156 568 1192 mortale,
596 1159 670 1186 111110
695 1156 821 1186 videtur
849 1156 931 1194 ([11011
963 1156 1003 1185 sit

230 1209 332 1248 prima
347 1208 471 1246 tabula,
489 1209 563 1248 quia
580 1209 606 1238 51
627 1209 699 1248 quis
720 1209 828 1238 cecidit
844 1217 898 1247 per
915 1217 1000 1237 mor-

230 1262 308 1299 tale,
326 1271 452 1293 necesse
467 1265 512 1293 est
528 1272 690 1293 recurrere
715 1263 753 1293 ad
773 1262 1000 1301 poenitentiam.

271 1315 362 1355 Resp.
380 1316 553 1346 Dicendum
573 1316 657 1355 quod
684 1325 770 1345 mare
793 1317 839 1344 est
863 1315 1003 1345 mundus

230 1370 303 1407 iste,
324 1370 500 1400 secundum
524 1370 601 1400 illud
628 1369 741 1399 Psalmi
763 1369 771 1385 ¹
795 1380 801 1399 ε
829 1369 892 1399 Hoc
917 1377 1002 1399 mare

231 1432 379 1463 maynum
390 1447 398 1460 ,
415 1425 472 1453 etc.
488 1422 582 1454 Navis
599 1432 653 1462 [101
668 1431 764 1462 quam
780 1422 877 1452 homo
892 1422 1004 1452 transit

230 1485 325 1515 super
346 1476 448 1506 undas
471 1477 567 1515 linjtis
587 1476 701 1508 11111115,
719 1478 763 1505 est
782 1475 886 1513 gratia
901 1475 1002 1515 Spiri-

231 1532 281 1559 tus
310 1529 408 1559 sancti
425 1541 431 1566 ;
463 1529 512 1559 vel
545 1529 635 1559 navis
668 1531 715 1559 est
741 1528 877 1559 Ecclesia
897 1553 903 1565 ‚
931 1538 1002 1568 qnae

228 1584 339 1622 ⁸iuncta
353 1584 400 1613 est
425 1582 549 1621 glutino
569 1582 751 1619 charitaris,
771 1582 947 1611 secundnm
964 1583 1000 1612 il-

232 1636 285 1666 lud
307 1639 317 1655 ²
346 1647 351 1666 :
383 1636 482 1667 Facta
508 1639 551 1667 est
584 1637 677 1674 quasi
705 1636 800 1666 newis
830 1635 1001 1666 institoris.

232 1688 441 1727 Naufragium
458 1698 533 1719 vcro
549 1689 607 1718 fnit
622 1689 781 1727 corruptio
801 1690 828 1718 et
845 1689 956 1718 fractio
973 1689 1003 1718 in

233 1742 350 1779 Adam,
366 1741 397 1771 in
413 1751 475 1780 qua
496 1741 646 1772 fractione
662 1751 772 1771 omnes
787 1741 842 1771 tilii
857 1743 925 1780 eius
936 1743 1005 1780 J'ac-

235 1795 288 1825 tati
310 1798 383 1825 sunt
399 1804 494 1835 super
508 1795 609 1825 undas
624 1795 721 1833 hujus
743 1795 838 1825 maris
860 1804 915 1834 per
929 1804 1003 1825 con-

233 1849 458 1888 cupiscentiam
473 1852 501 1879 et
519 1859 574 1888 per
587 1858 724 1888 poenam.
742 1849 789 1878 Ab
804 1849 864 1879 1100
880 1849 1006 1879 naufra-

235 1902 289 1940 gio
305 1902 407 1941 primo
428 1902 578 1932 liberatur
599 1902 694 1932 homo
714 1911 766 1941 per
791 1902 1003 1941 baptismum,

234 1955 289 1994 qui
304 1955 440 1985 restituit
462 1955 675 1985 innocentiam
695 1957 725 1984 et
747 1955 883 1993 gratiam
899 1955 1005 1994 perdi-

234 2011 299 2038 tam
317 2019 323 2039 z
341 2011 370 2039 et
389 2009 458 2038 ideo
474 2010 518 2038 est
538 2008 640 2048 prima
657 2008 763 2039 tabula
781 2019 786 2038 ε
806 2011 835 2038 01
854 2008 928 2047 quia
944 2009 1005 2038 fre-

236 2063 367 2100 quenter
390 2061 573 2101 relinquunt
597 2062 703 2101 plures
725 2061 864 2100 gratiam
884 2061 1005 2101 baptis-

236 2114 368 2152 malem,
385 2117 415 2145 et
427 2115 512 2145 illam
527 2115 666 2145 tabulam
683 2125 738 2155 per
756 2124 854 2154 quam
870 2114 1007 2145 liberan-

237 2169 288 2197 tur
303 2167 342 2197 ab
361 2168 399 2207 (a)
416 2168 509 2197 undis
526 2168 623 2197 maris
633 2192 641 2205 ,
656 2171 686 2198 et
700 2177 756 2207 per
771 2168 857 2198 illam
872 2168 1008 2207 amplius

237 2230 301 2251 non
316 2223 448 2261 possunt
464 2230 497 2251 se
511 2221 690 2259 defendere,
708 2222 777 2251 ideo
794 2221 940 2259 indigent
955 2230 1007 2251 se—

238 2274 360 2312 cunda3
384 2276 415 2304 et
432 2273 500 2304 haec
524 2277 569 2304 est
592 2274 788 2313 poenitentia.
806 2274 944 2313 Utraque
962 2276 1007 2304 ta-

239 2336 312 2357 men
337 2327 450 2357 dicitur
472 2327 596 2363 tabula,
616 2327 690 2366 quia
705 2328 853 2365 sustinet,
872 2336 911 2357 ne
937 2327 1009 2366 quis

239 2380 431 2420 periclitetur
449 2390 504 2424 per
518 2381 660 2420 culpan];
679 2390 742 2410 non
759 2382 864 2410 tamen
888 2380 929 2410 ita
952 2389 1007 2420 po-

238 2433 285 2462 nit
299 2433 333 2462 in
348 2435 433 2471 tuto,
456 2433 536 2463 sicut
550 2436 617 2464 erat
631 2433 727 2463 homo
756 2433 787 2463 in
809 2435 893 2463 statu
916 2434 1008 2463 inno-

240 2485 361 2515 centiae.
380 2485 468 2522 Quod
485 2494 563 2525 ergo
581 2486 729 2526 objicitur
741 2510 748 2524 ‚
764 2487 849 2525 qnod
872 2486 1010 2517 secunda

241 2537 360 2575 tabula,
381 2547 459 2577 ergo
481 2539 655 2570 secundum
676 2542 928 2576 saci·amentnn1;
946 2548 1010 2570 non

275 2601 280 2615 ¹
295 2600 362 2626 Psal.
378 2607 433 2632 cni,
446 2603 484 2626 25.
495 2615 525 2620 —
539 2603 546 2615 ²¹
561 2602 643 2632 Prov„
660 2608 732 2632 1111,
751 2604 786 2627 14.

785 132 1092 164 SENTENTIARUM
1114 133 1187 164 12113.
1213 133 1261 164 tv.

1055 200 1156 238 valet,
1174 201 1250 240 quia
1271 210 1333 231 non
1348 209 1442 232 omne
1457 205 1690 234 sacramentum
1713 208 1760 236 est
1774 209 1824 237 ta-

1054 253 1148 291 bula,
1165 254 1240 293 quia
1263 263 1327 284 non
1351 263 1445 284 omne
1465 255 1576 286 liberat
1597 266 1616 286 a
1640 258 1821 298 naufragio.

1055 306 1091 337 Et
1106 310 1151 337 est
1166 307 1266 337 simile
1285 318 1291 337 ;
1320 319 1334 334 11
1352 307 1407 337 llic
1422 311 1468 338 051
1491 310 1648 340 secundus
1669 311 1824 342 archidia-

1053 369 1152 390 0011115
1167 369 1173 390 :
1190 370 1269 399 ergo
1284 363 1330 390 051
1345 361 1482 391 secunda
1504 371 1637 401 persona
1654 364 1687 394 in
1702 364 1760 394 hac
1774 373 1824 395 ec-

1053 413 1157 443 clesia.
1178 424 1191 441 1)
1209 414 1296 450 Quod
1314 414 1485 453 quaeritur,
1505 415 1581 454 quid
1599 419 1730 447 vocatur
1745 426 1823 448 nau-

1054 467 1211 504 fragium,
1227 466 1334 496 dicunt
1353 467 1469 506 aliqui,
1487 468 1571 508 quod
1587 469 1719 508 quilibet
1735 479 1828 501 casus

1054 520 1086 550 in
1109 520 1240 550 mortale
1265 531 1271 550 :
1294 522 1324 550 et
1344 520 1419 559 quia
1442 521 1558 560 duplex
1579 525 1624 552 est
1651 523 1829 554 differentia

1055 572 1209 610 mortalis,
1231 572 1347 602 scilicet
1361 573 1516 611 originale
1527 597 1536 611 ,
1553 577 1583 604 et
1601 575 1742 613 actuale;
1759 575 1828 607 ideo

1055 626 1171 665 duplex
1191 626 1316 663 tabula,
1334 626 1449 656 scilicet
1471 627 1648 666 baptismus
1659 652 1666 666 ,
1680 631 1711 659 et
1726 629 1827 668 poeni-

1055 679 1161 709 tentia.
1186 678 1296 708 Melius
1315 681 1420 709 tamen
1449 682 1549 719 potest
1571 680 1629 711 dici
1643 705 1651 718 ,
1666 681 1750 721 quod
1766 681 1828 712 hu·

1057 741 1150 761 mana
1164 734 1277 762 nutura
1291 732 1329 762 sit
1344 732 1534 772 naufragata
1550 734 1581 763 in
1597 733 1699 764 Adam
1712 745 1720 772 ;
1737 734 1830 765 nobis

1056 787 1160 815 antem
1184 785 1256 815 <lata
1284 787 1330 815 051
1350 786 1456 816 tabula
1478 786 1647 826 baptismi,
1673 796 1745 827 quae
1772 796 1831 818 nos

1056 840 1211 868 sustentat
1234 847 1288 877 per
1304 838 1516 869 innocentiam
1534 850 1540 869 :
1559 842 1589 869 et
1607 840 1681 880 quia
1695 840 1755 871 hoc
1779 850 1828 871 sa-

1056 894 1255 922 cramentum
1282 892 1387 922 iterari
1409 901 1474 923 non
1498 895 1617 932 potest,
1647 893 1717 924 ideo
1738 893 1832 925 datur

1057 944 1142 975 aliud
1164 948 1415 982 sacramentum
1434 948 1464 976 et
1481 946 1541 976 hoc
1566 948 1613 977 est
1631 947 1829 986 poenitentia.

1380 1039 1447 1060 DUB.
1472 1039 1503 1060 11.

1058 1095 1209 1119 l’oenitentia
1220 1095 1320 1125 dicitnr,
1335 1098 1359 1119 et
1374 1099 1578 1125 sacramentum,
1595 1099 1620 1121 et.
1634 1097 1714 1121 virtus
1727 1097 1830 1122 mentis.

1098 1158 1231 1188 Contra:
1249 1158 1303 1188 Est
1318 1159 1402 1188 enim
1427 1158 1609 1197 poenitentia
1634 1159 1778 1197 interior,
1796 1161 1826 1189 et

1058 1211 1194 1240 exterior
1211 1222 1217 1241 z
1235 1219 1315 1249 ergo
1334 1211 1479 1241 similiter
1493 1214 1539 1241 est
1553 1212 1656 1241 virtus
1677 1214 1708 1242 et
1722 1220 1830 1242 sacra-

1061 1266 1204 1293 mentum
1219 1264 1412 1302 baptismus,
1430 1264 1504 1303 quia
1519 1266 1565 1294 est
1588 1264 1766 1304 baptismus
1781 1264 1829 1295 in-

1060 1317 1169 1354 terior,
1186 1320 1215 1347 ct
1231 1317 1378 1347 exterior.

1100 1370 1177 1401 Item
1194 1371 1376 1410 poenitentia
1395 1370 1526 1400 interior
1542 1372 1587 1400 est
1602 1378 1652 1400 res
1667 1369 1766 1409 hujus
1780 1378 1829 1400 sa-

1060 1425 1213 1455 cramenti
1239 1434 1247 1454 :
1269 1424 1323 1453 sed
1347 1424 1435 1454 nulla
1460 1424 1563 1454 virtus
1586 1425 1632 1454 est
1654 1432 1704 1454 res
1729 1431 1831 1454 sacra-

1061 1477 1171 1514 menti,
1188 1477 1263 1516 quia
1278 1477 1487 1515 distinguitur
1501 1476 1607 1515 gratia
1621 1476 1790 1512 virtutum,
1802 1478 1833 1506 et

1061 1530 1165 1569 gratia
1179 1531 1466 1564 sacrsimeiitorun12
1485 1538 1575 1568 ergo,
1593 1530 1651 1558 etc.

1085 1584 1173 1622 Hesp.
1187 1583 1357 1613 {licendum
1368 1582 1451 1621 quod
1461 1582 1519 1612 ista
1530 1592 1594 1612 non
1607 1584 1653 1612 est
1664 1583 1728 1612 tota
1738 1581 1830 1618 ratio,

1060 1636 1144 1675 quod
1163 1636 1349 1675 ptenitentia
1364 1635 1496 1665 interior
1506 1635 1546 1664 sit
1557 1635 1674 1671 virtus3
1691 1634 1744 1664 5011
1759 1634 1834 1673 quia

1060 1692 1106 1719 051
1120 1689 1305 1728 poenitentia
1313 1689 1454 1725 interior,
1466 1697 1538 1727 quae
1548 1696 1613 1718 non
1626 1689 1750 1717 tantum
1759 1686 1834 1717 dicit

1061 1742 1210 1781 gratiam,
1226 1741 1276 1772 vel
1301 1743 1406 1771 actum
1428 1741 1540 1779 gratiae
1550 1764 1559 1778 ,
1588 1740 1643 1770 sed
1672 1739 1832 1770 concernit

1061 1798 1167 1826 actum
1181 1794 1272 1824 liberi
1286 1794 1419 1831 arbitrii,
1436 1796 1466 1823 et
1481 1793 1550 1823 ideo
1566 1795 1612 1823 est
1626 1793 1728 1823 virtus
1742 1801 1750 1823 ε
1768 1801 1832 1823 11011

1063 1849 1106 1878 sic
1122 1848 1309 1887 baptismus.
1328 1846 1435 1877 Differt
1457 1848 1564 1876 autem
1585 1845 1769 1885 poenitentia
1782 1845 1831 1876 in-

1063 1902 1170 1938 terior⁷
1182 1903 1216 1931 nt
1226 1903 1273 1930 est
1284 1900 1395 1933 virtu&
1409 1902 1439 1929 et
1453 1908 1504 1930 res
1514 1899 1701 1929 sacramenti
1714 1907 1722 1929 ι
1732 1898 1834 1938 primo

1064 1955 1149 1984 enim
1168 1954 1260 1984 modo
1275 1955 1321 1983 est
1336 1955 1445 1983 contra
1459 1951 1749 1983 dehabilitationem
1765 1951 1834 1982 cul·

1064 2017 1124 2047 pae,
1140 2006 1278 2037 secundo
1294 2008 1402 2036 contra
1418 2004 1674 2035 vulnerationem
1696 2006 1832 2035 naturae.

1383 2099 1452 2120 DUB.
1475 2098 1519 2119 111.

1157 2158 1174 2180 Α
1188 2156 1337 2187 poenitentia
1352 2155 1458 2186 incaepit
1471 2155 1576 2179 Joannis
1592 2154 1751 2185 praedicatio.

1105 2219 1235 2249 Contra:
1254 2217 1385 2249 Videtur
1409 2220 1495 2248 enim
1521 2218 1605 2258 quod
1627 2217 1736 2248 debuit
1757 2215 1836 2247 inci-

1066 2281 1140 2312 pere
1151 2281 1169 2301 a
1180 2271 1347 2310 baptismo,
1356 2271 1432 2310 quia
1441 2270 1627 2310 poenitentia
1636 2272 1683 2301 est
1698 2268 1837 2300 secunda

1066 2325 1184 2362 tabula,
1201 2324 1254 2354 sed
1270 2324 1446 2363 baptismus
1461 2324 1575 2363 prima.

1105 2378 1195 2418 Resp.
1231 2377 1404 2408 Dicendum
1430 2376 1513 2416 quod
1540 2375 1650 2415 incipit
1680 2374 1832 2414 praedica-

1067 2432 1184 2462 tionem
1196 2440 1214 2461 a
1224 2430 1406 2470 poenitentia
1415 2429 1542 2467 virtute,
1553 2437 1616 2459 non
1626 2428 1836 2464 sacramento,

1067 2488 1097 2516 et
1112 2484 1294 2524 poenitentia
1311 2483 1413 2513 virtus
1428 2483 1461 2512 in
1468 2482 1584 2513 adultis
1599 2479 1745 2521 praecedit
1758 2479 1836 2519 bap-

1069 2539 1198 2568 tismum
1224 2547 1231 2566 t
1257 2539 1288 2566 et
1313 2536 1387 2576 quia
1402 2535 1593 2575 praedicabat
1614 2532 1740 2570 adultis,
1766 2531 1837 2562 ideo

1101 2599 1133 2628 (ιι)
1151 2599 1211 2623 Coet.
1224 2597 1284 2621 edit.
1300 2597 1334 2622 in.
