2017 2948
96 1928 199 1948 Lateralis

117 1964 183 1984 qums·

96 1990 124 2010 tio
136 1992 154 2010 i.

205 95 264 124 360

206 160 276 190 beat
299 159 541 198 discretionem,
564 162 595 190 et
621 168 685 191 non
709 160 749 190 sit
777 160 890 190 stultus
909 170 916 197 ;
946 162 977 190 et

205 213 327 251 oportet
340 211 424 251 quod
439 211 554 242 habeat
577 211 767 242 locutionem
779 235 787 248 ,
804 213 834 241 ct
857 220 921 241 non
937 211 976 241 sit

207 266 325 294 mutus.
342 263 421 301 Quia
436 273 511 295 vero
526 265 558 294 in
573 265 764 295 elementum
787 264 876 294 debet
891 273 976 294 mer—

206 325 301 356 gere,
317 319 440 356 oportet
459 317 542 358 quod
560 327 625 348 non
648 318 687 347 sit
706 326 847 347 mancus⁸
867 316 977 347 Omnis

206 379 287 409 ergo
302 370 389 407 talis,
405 371 459 410 qui
475 373 573 410 potest
599 379 745 401 exercere
760 380 796 400 ea
811 379 884 409 quae
902 372 977 401 sunt

207 422 245 453 de
260 424 440 462 integritate
460 423 668 460 sacramenti,
686 426 787 462 potest
803 424 974 463 baptizare,

207 480 238 509 et
253 478 285 508 in
299 487 373 509 casu
387 479 578 509 necessitatis
595 478 685 508 debet
696 502 703 515 ‚
718 479 842 508 etiamsi
860 488 923 509 non
938 479 978 510 sit

207 532 380 563 ordinatus.
400 532 518 563 Praeter
543 541 651 562 casnm
675 533 866 563 necessitatis
891 534 978 564 solus

207 586 350 616 sacerdos
371 587 461 617 debet
481 587 638 626 baptizare
655 596 662 617 :
686 590 714 617 et
735 587 759 617 si
785 587 865 617 alius
888 588 975 626 facit,

207 639 354 678 quamvis
368 640 504 679 baptizet
516 640 569 679 (a),
580 643 685 671 tamen
701 641 844 679 graviter
859 643 974 680 peceat.

248 695 260 722 1
280 709 293 714 -
310 694 339 722 ⁶2.
358 691 468 722 Patent
484 701 563 731 ergo
584 693 726 732 obJecta,
744 693 818 733 qnia
843 694 978 725 isidorus

208 745 533 784 loquitursecundum
543 746 777 784 congruitatem
787 748 975 786 exequendi,

206 806 270 828 non
286 798 461 829 secundum
474 800 671 838 potestatem.
685 799 723 829 Et
737 800 881 830 similiter
894 803 980 840 patet

207 851 292 882 alind
305 876 312 889 ,
328 851 403 891 quia
418 851 475 882 etsi
488 851 528 881 sit
543 851 800 890 ecclesiasticum,
813 856 919 884 tamen
933 856 980 885 est

208 905 422 935 necessarium
444 907 474 934 et
498 913 655 944 primum,
673 908 703 935 et
726 906 794 937 ideo
816 907 912 937 etiam
935 917 980 939 se-

208 958 348 988 cundum
364 960 481 988 rectam
497 957 728 988 ordinationem
741 959 884 990 Ecclesiae
897 969 980 991 coin-

209 1011 284 1050 petit
308 1012 377 1050 eJ'us
400 1010 634 1041 administratio
657 1013 806 1044 omnibus
829 1014 873 1043 eis
893 1037 899 1051 ,
925 1015 980 1054 qui

209 1066 340 1104 possunt
368 1072 515 1094 exercere
541 1073 612 1103 quae
635 1068 709 1095 sunt
733 1066 771 1095 de
796 1067 981 1106 integritate

209 1117 406 1148 sacramenti.

251 1173 279 1201 3.
296 1170 344 1200 Ad
360 1169 438 1201 illud
452 1170 489 1201 de
504 1171 700 1210 poenitentia,
712 1172 881 1204 dicendum
895 1175 980 1214 quod

210 1224 266 1255 etsi
291 1223 331 1254 sit
354 1224 586 1263 necessarium,
602 1234 666 1255 non
690 1228 796 1256 tamen
818 1227 978 1265 primum,

209 1277 263 1308 sed
278 1286 391 1308 eorum
413 1277 468 1317 qni
481 1278 549 1316 Jam
573 1279 648 1308 sunt
672 1278 709 1308 de
726 1278 874 1309 Ecclesia.
893 1279 981 1310 Prae-

210 1333 295 1361 terea
308 1353 315 1366 ‚
330 1330 389 1360 hoc
404 1332 639 1360 sacramentum
654 1334 699 1361 est
722 1333 846 1362 tantum
862 1333 982 1363 adulto-

210 1392 298 1421 rum,
315 1383 369 1423 qui
385 1385 517 1423 possunt
535 1383 622 1414 adire
637 1385 831 1415 sacerdotem
857 1386 982 1418 interio-

211 1445 278 1467 rem
291 1460 299 1475 ,
313 1445 386 1467 cum
402 1439 509 1467 carent
522 1438 671 1468 exteriori
685 1439 755 1468 :sed
772 1448 835 1469 non
851 1439 894 1470 sie
910 1441 984 1480 bap-

211 1490 325 1520 tismus
335 1513 344 1527 ,
361 1489 438 1528 quia
452 1492 497 1519 est
512 1490 689 1520 remedium
704 1492 923 1530 parvulorum.

251 1543 280 1573 [ι.
304 1542 352 1573 Ad
375 1543 524 1573 ultimum
547 1543 715 1573 dicendum
737 1545 821 1583 quod
848 1548 982 1585 potestas

212 1605 276 1627 non
300 1598 424 1626 tantum
446 1596 519 1626 data
542 1599 586 1627 est
611 1597 643 1627 in
668 1606 741 1627 cas-u
764 1600 956 1630 necessitatis
974 1625 981 1637 ,

213 1650 266 1681 sed
289 1650 384 1680 etiam
406 1650 483 1680 adeo
500 1650 535 1689 (b)
553 1650 719 1690 imposita,
740 1653 773 1681 ut
791 1652 817 1682 si
839 1653 916 1683 alias
938 1655 981 1684 se-

213 1703 302 1741 eerit,
319 1705 435 1742 peccet.
453 1702 541 1733 Tune
556 1704 562 1719 ¹
576 1712 651 1734 vero
666 1712 730 1734 nou
747 1708 862 1743 peccat,
878 1707 903 1736 si
919 1717 982 1737 non

217 1757 249 1795 (c)
266 1756 359 1793 facit;
377 1756 441 1787 imo
456 1759 579 1796 peceat,
596 1756 622 1786 si
642 1756 681 1795 (dy
700 1757 771 1787 facit
788 1769 794 1788 :
817 1759 983 1791 nihilomi-

214 1819 275 1840 nus
289 1812 395 1840 tamen
411 1810 437 1839 si
452 1810 575 1847 feeerit,
592 1810 709 1840 sactum
725 1813 784 1848 est,
799 1813 885 1843 etsie
901 1817 984 1853 patet

213 1863 376 1902 responsio
391 1863 429 1893 ad
444 1862 531 1893 illud.

255 1916 303 1947 Ex
316 1916 473 1956 praedictis
488 1918 594 1955 patent
609 1916 707 1956 aliqui
720 1927 821 1955 casus,
835 1920 889 1959 qui
903 1921 985 1952 circa

215 1972 401 2010 potestatem
417 1970 644 2009 baptizantium
662 1974 792 2009 possunt
803 1974 916 2012 quaeri.
933 1975 986 2005 So-

215 2023 257 2052 let
270 2023 355 2052 enim
371 2023 492 2062 quaeri,
511 2025 620 2053 utrum
644 2023 677 2053 in
702 2025 833 2055 articulo
856 2027 985 2057 necessi—

214 2076 286 2105 tatis
309 2076 407 2115 possit
429 2076 542 2115 aliqnis
557 2085 575 2106 a
598 2079 708 2106 satana
731 2077 901 2117 baptizari,
919 2083 985 2111 esto

215 2128 299 2168 quod
314 2137 346 2159 se
359 2129 567 2167 transfiguret
584 2130 616 2167 ie)
630 2130 663 2159 in
677 2131 831 2168 angelum
847 2132 934 2163 lueis,
949 2133 986 2164 Et

215 2181 300 2220 quod
315 2181 358 2211 sic
369 2205 377 2219 ,
394 2181 519 2212 videtur
536 2193 542 2211 ;
560 2183 636 2221 quia
651 2184 759 2213 onmia
775 2185 870 2215 verba
886 2188 986 2225 potest

215 2234 335 2272 dicere,
352 2237 382 2264 et
398 2243 526 2265 omnem
542 2237 646 2265 aetum
663 2236 780 2274 faeere,
794 2248 890 2277 quem
905 2239 986 2270 alius

214 2290 326 2327 potest.
343 2287 381 2318 Et
396 2287 435 2317 ad
449 2286 509 2317 hoc
523 2290 607 2326 patet
627 2291 806 2328 responsio,
824 2292 898 2330 quIa
921 2302 985 2323 non

215 2342 364 2381 competit
379 2341 407 2372 ei
427 2341 659 2372 administratio
680 2346 867 2375 sacramenti
890 2347 986 2376 sensi-

214 2395 297 2426 bilis.
315 2394 419 2426 Potest
433 2396 540 2424 autem
552 2394 648 2433 hujus
660 2396 773 2435 triplex
790 2398 868 2428 ratio
884 2399 983 2429 reddi.

215 2449 322 2480 Prima
335 2451 402 2487 est,
425 2449 498 2488 qnia
513 2449 644 2488 spiritus
663 2452 708 2480 est
729 2459 737 2480 ε
754 2450 986 2483 administratio

247 2520 251 2534 ¹
265 2519 373 2548 stillost,
389 2521 482 2549 prtvter
497 2520 682 2544 necessitatem.

245 2566 275 2590 ia)
291 2564 349 2586 Coet.
366 2563 426 2590 edil.
443 2564 590 2595 baptimret.
606 2577 635 2583 —-
656 2565 686 2595 (b)
707 2568 767 2590 t'aet.
788 2566 846 2590 edil.
869 2568 937 2590 tnnc.
953 2580 983 2585 -

763 92 1073 124 SENTENTIARUM
1094 93 1168 124 LIB.
1194 93 1242 125 lv.

1032 163 1137 191 autem
1157 161 1225 192 sive
1246 161 1437 201 dispensatio
1458 164 1729 194 sacramentorum
1745 171 1801 203 per

1032 213 1190 244 Christum
1205 214 1369 245 hominem
1394 215 1536 245 instituta
1562 217 1609 245 est
1630 224 1685 254 per
1698 215 1800 246 homi·

1031 276 1086 296 nes
1115 267 1152 297 ad
1183 267 1316 298 salutem
1346 268 1513 298 hominum
1547 268 1799 307 dispensandam.

1032 320 1176 350 Secunda
1195 321 1275 351 ratio
1290 323 1356 359 est,
1372 322 1446 360 quia
1459 321 1588 360 spiritus
1603 323 1650 351 est
1665 321 1707 350 ita
1721 329 1802 361 prae·

1031 373 1115 403 cisus
1130 374 1169 404 ab
1191 374 1347 412 Ecclesia,
1364 374 1447 414 quod
1473 383 1530 404 nee
1552 376 1599 404 est
1621 374 1803 405 membrum

1032 429 1124 464 actu,
1142 435 1198 456 nee
1219 427 1358 466 potentia
1383 438 1388 457 :
1408 430 1438 457 et
1460 427 1528 457 ideo
1550 426 1800 464 administratio,

1032 482 1088 510 aut
1102 482 1253 520 potestas,
1269 489 1341 520 quae
1357 481 1515 511 descendit
1525 491 1542 510 a
1554 480 1655 520 capite
1666 480 1801 518 Christo,

1033 542 1095 563 non
1121 533 1265 572 pervenit
1289 533 1326 563 ad
1356 534 1471 573 ipsum.
1497 533 1602 564 Tertia
1631 533 1711 564 ratio
1739 536 1802 572 est,

1032 586 1106 625 quia
1128 587 1159 616 in
1182 586 1330 617 omnibus
1352 587 1516 617 sinistram
1541 587 1636 617 habet
1656 587 1804 618 intentio-

1033 651 1105 671 nem
1123 652 1129 671 :
1146 641 1226 671 sicut
1243 642 1327 671 enim
1344 642 1486 672 illu-istus
1502 643 1610 673 onmia
1625 642 1801 680 benefacit,

1034 694 1075 724 ita
1096 694 1241 725 diabolus
1265 695 1372 725 omnia
1395 696 1477 725 male
1502 705 1509 726 ε
1533 698 1561 726 et
1589 695 1657 726 ideo
1681 694 1806 726 etiamsi

1033 749 1146 779 faceret
1162 752 1267 779 actum
1281 774 1289 787 ,
1306 752 1336 779 et
1358 750 1475 780 diceret
1497 750 1632 781 verbum
1645 774 1652 787 ,
1668 759 1732 780 non
1758 751 1805 780 ta-

1035 811 1108 832 men
1130 803 1303 833 intenderet
1328 803 1485 843 baptizare
1499 828 1506 841 ,
1528 804 1579 834 sed
1596 804 1700 843 potius
1715 802 1804 833 delu-

1034 855 1107 885 dere
1124 864 1130 885 :
1148 858 1177 885 et
1193 856 1236 885 sio
1250 858 1344 895 patet,
1357 856 1440 895 quod
1449 866 1510 887 non
1524 859 1623 896 potest
1634 856 1804 896 baptizare.

1035 907 1140 938 Prima
1155 911 1259 938 tamen
1275 909 1353 939 ratio
1370 909 1483 939 melius
1498 909 1591 940 valet.

1075 961 1160 992 Solet
1174 962 1268 991 etiam
1285 963 1402 1001 qureri,
1421 964 1529 992 utrum
1550 962 1665 1002 aliquis
1678 962 1710 992 in
1726 961 1803 992 arti-

1035 1014 1106 1045 culo
1120 1015 1313 1045 necessitatis
1329 1015 1447 1055 positus
1468 1016 1564 1055 possit
1580 1015 1739 1055 baptizare
1754 1023 1803 1045 se-

1036 1068 1139 1107 ipsum
1155 1077 1162 1105 3
1182 1068 1306 1098 videtur
1323 1068 1405 1098 enim
1423 1069 1507 1108 quod
1522 1069 1584 1106 sic,
1603 1070 1731 1108 propter
1743 1070 1808 1099 sta-

1036 1123 1104 1150 tum
1120 1121 1327 1158 necessitatis,
1349 1130 1422 1151 euin
1436 1121 1533 1160 possit
1548 1130 1580 1151 se
1594 1130 1758 1160 mergere,
1777 1122 1809 1152 et

1038 1183 1075 1203 ve
1088 1174 1171 1203 ’111101
1186 1174 1300 1204 dicere.
1317 1173 1354 1204 Et
1368 1174 1427 1204 hoe
1443 1174 1548 1214 ipsum
1571 1173 1695 1204 videtur
1717 1173 1809 1205 Inno-

1037 1226 1159 1256 centius
1182 1227 1213 1256 in
1228 1227 1365 1266 quadani
1382 1227 1527 1257 decretali
1543 1227 1663 1264 dicere,
1680 1227 1765 1266 quod
1780 1227 1804 1257 si

1037 1279 1165 1310 Judaffus
1182 1279 1296 1319 aliquis
1315 1283 1464 1320 aspergat
1479 1290 1512 1310 se
1526 1289 1609 1320 aqua
1630 1282 1722 1311 utens
1744 1280 1807 1311 for-

1039 1341 1090 1363 ma
1112 1333 1279 1372 baptismi,
1304 1342 1367 1363 non
1389 1334 1509 1364 babens
1530 1334 1688 1373 aliquem,
1711 1333 1766 1373 qui
1781 1333 1810 1364 ei

1038 1389 1271 1417 sacramentum
1288 1386 1406 1417 tribuat
1418 1411 1427 1424 ,
1446 1387 1568 1425 evolat,
1587 1390 1618 1417 et
1637 1387 1719 1417 inter
1738 1387 1810 1418 fide-

1037 1440 1082 1470 les
1094 1441 1325 1480 computandus
1340 1442 1396 1476 est,
1409 1442 1442 1470 ut
1454 1441 1538 1471 dicit.
1552 1440 1587 1471 Et
1599 1440 1637 1471 ad
1651 1440 1711 1471 hoe
1726 1443 1811 1481 patet

1037 1494 1218 1534 responsio,
1235 1495 1317 1534 quod
1335 1494 1444 1525 nullus
1459 1496 1560 1534 potest
1575 1494 1635 1524 sibi
1657 1494 1810 1525 adminis-

1037 1550 1121 1578 trare
1136 1550 1370 1578 sacramentnm
1392 1548 1552 1587 baptismi.
1571 1548 1606 1578 Et
1621 1548 1726 1587 prima
1738 1548 1808 1588 qui-

1038 1601 1108 1631 dem
1125 1601 1203 1630 ratio
1219 1603 1299 1630 tacta
1313 1603 1377 1637 est,
1395 1601 1470 1640 quia
1486 1609 1550 1631 non
1566 1601 1709 1632 salvatur
1725 1601 1808 1632 veri-

1039 1657 1084 1684 tas
1106 1654 1233 1690 formae,
1257 1663 1329 1683 cum
1356 1654 1389 1683 in
1413 1654 1513 1684 forma
1537 1654 1654 1693 duplex
1678 1663 1811 1694 persona

1038 1708 1251 1747 exprimatur,
1278 1716 1349 1737 eum
1374 1706 1511 1737 dicitnr:
1536 1708 1672 1746 Baptizo
1692 1710 1729 1739 te.
1753 1706 1809 1738 Se-

1039 1761 1141 1791 cunda
1157 1761 1237 1791 ratio
1249 1763 1310 1798 est,
1323 1761 1397 1800 quia
1408 1761 1571 1800 baptizans
1587 1764 1676 1799 pater
1690 1763 1737 1791 est
1751 1761 1812 1801 spi-

1040 1814 1161 1844 ritualis
1188 1814 1358 1853 baptizati;
1384 1814 1410 1843 si
1434 1822 1514 1852 ergo
1539 1822 1634 1843 nemo
1657 1816 1703 1844 est
1726 1814 1812 1844 filius

1041 1877 1137 1905 suus,
1155 1876 1249 1897 nemo
1267 1867 1406 1906 seipsum
1423 1869 1523 1906 potest
1545 1866 1714 1906 baptizare.
1733 1866 1809 1898 Pos-

1040 1924 1141 1951 tremo
1163 1920 1267 1950 deficit
1288 1920 1330 1950 ibi
1354 1920 1432 1950 ratio
1457 1920 1717 1958 significationis;
1735 1921 1811 1960 quia

1040 1974 1124 2004 enim
1140 1974 1339 2012 significatur
1355 1974 1398 2003 ibi
1419 1974 1578 2004 mundans
1593 1976 1624 2003 et
1640 1973 1811 2004 mundatus

1041 2027 1257 2067 spiritualiter,
1273 2030 1301 2057 et
1323 2027 1382 2057 hoc
1403 2036 1466 2057 non
1491 2029 1591 2066 potest
1616 2036 1684 2057 esse
1703 2026 1807 2064 idem,

1041 2081 1093 2111 sed
1113 2081 1212 2116 alins,
1235 2081 1277 2110 ita
1296 2090 1421 2110 necesse
1441 2082 1485 2110 est
1507 2080 1602 2110 etiam
1617 2079 1702 2119 quod
1719 2079 1758 2109 sit
1778 2079 1810 2110 in

1041 2136 1246 2163 sacramento.
1270 2133 1374 2164 Prima
1398 2137 1501 2163 tamen
1526 2133 1606 2163 ratio
1630 2133 1732 2172 potior
1751 2134 1807 2163 est.

1822 980 1927 1002 Latet-ans

1839 1019 1906 1039 quas-

1822 1044 1851 1066 tio
1866 1045 1886 1065 2.

1081 2186 1165 2217 Solet
1180 2186 1274 2215 etiam
1289 2186 1363 2225 poni
1380 2186 1449 2216 talis
1460 2195 1549 2216 casus
1562 2197 1568 2216 z
1584 2185 1727 2216 Habeant
1741 2195 1812 2217 con-
1825 2207 1930 2228 Lamus

1041 2240 1174 2270 sortium
1190 2241 1297 2269 mutus
1312 2243 1341 2269 et
1356 2248 1489 2269 mancus
1507 2250 1512 2269 :
1531 2239 1609 2270 alter
1630 2248 1694 2269 non
1710 2241 1811 2279 potest

1040 2292 1211 2332 baptizare,
1229 2293 1303 2331 quia
1317 2292 1420 2322 deficit
1435 2292 1464 2322 ei
1480 2292 1634 2330 verbnm3
1651 2292 1730 2322 alter
1746 2301 1811 2322 non

1042 2347 1159 2384 potest,
1182 2345 1258 2384 qnia
1280 2345 1381 2375 deficit
1398 2345 1425 2375 ei
1448 2347 1536 2376 aetus
1555 2356 1561 2375 z
1583 2345 1709 2376 videtur
1732 2353 1810 2383 ergo

1041 2399 1124 2439 quod
1143 2399 1237 2429 ambo
1258 2398 1351 2428 simul
1376 2399 1497 2438 possint
1518 2401 1619 2429 totum
1645 2398 1808 2438 supplere,

1040 2454 1069 2482 et
1085 2451 1243 2491 baptizare
1257 2454 1385 2491 propter
1401 2451 1628 2483 necessitatem.
1645 2451 1682 2482 Et
1697 2450 1736 2481 ad
1752 2450 1810 2480 boe

1042 2532 1071 2562 (c)
1088 2532 1148 2556 ΟΜ.
1168 2532 1227 2556 edit.
1243 2533 1325 2556 omitt.
1346 2538 1407 2555 non.
1421 2545 1451 2549 —
1468 2531 1503 2561 (d)
1519 2531 1579 2556 eoet.
1598 2530 1658 2554 edit.
1676 2529 1733 2554 add.
1748 2535 1781 2556 no
1803 2547 1808 2552 .

1039 2568 1109 2599 -(e)
1127 2568 1187 2592 Coee.
1203 2567 1263 2591 edit.
1278 2567 1448 2598 transfigurat.

1849 2244 1915 2265 111185-

1826 2270 1855 2290 tio
1865 2271 1885 2290 3.
