2017 2948
96 624 173 653 opimo
183 629 201 646 t.

95 2055 173 2082 Opinio
182 2056 201 2078 It,

97 2087 199 2107 elicit-lex

96 2119 107 2137 2
118 2124 138 2144 pt
139 2125 171 2137 ιιιι
176 2124 200 2137 12.

97 2205 165 2231 Impr.
182 2208 201 2226 2.

97 2412 167 2439 Impr.
183 2415 201 2433 1.

219 176 259 207 98

496 264 724 298 CONCLUSIO.

221 339 311 365 Timor
345 337 461 369 sortitis,
488 336 576 370 quoad
603 334 754 362 materiale,
782 333 902 359 remanet
931 338 986 355 rum

253 382 355 415 qratia,
372 381 442 411 licet,
460 383 588 414 quantum
609 379 644 404 αν]
660 379 789 404 c'utuilum
809 375 987 410 prituv'pvtlun

250 432 335 459 poenoe
349 428 462 456 oeleruoe,
477 427 501 450 et
520 424 686 450 volantatem
697 421 806 452 malam,
824 419 985 453 expellatur.

257 503 350 544 Resp.
362 503 401 534 ad
412 513 481 541 arg,
500 503 547 533 Ad
562 501 786 542 praedictorum
802 497 899 528 intelli
905 505 985 536 gen·

216 557 293 587 tiam
309 559 355 587 est
370 556 556 592 notandum,
583 553 668 594 quod
694 553 777 582 circa
792 552 850 581 hoc
867 553 913 581 est
928 550 989 579 du-

217 610 289 650 plex
311 609 423 639 modus
446 607 579 638 dicendi.
605 606 692 636 Unus
715 612 851 643 namque
877 602 989 632 modus

217 662 338 693 dicendi
364 664 434 693 est:
461 660 538 691 Cum
563 660 631 690 dico
656 659 803 689 timorem
827 656 986 693 servilem,

216 714 278 745 duo
293 715 372 751 dico,
399 714 479 743 sicut
493 715 611 743 tactum
633 713 678 741 est
695 711 783 750 prius
796 712 818 747 ¹,
844 708 989 739 videlicet

217 768 319 808 ipsum
335 768 464 803 donum,
492 768 521 795 et
536 765 692 795 defectum
708 762 917 792 deformitatis
941 761 986 791 ei-

216 821 287 851 dem
298 821 380 850 dono
391 826 566 854 annexum,
580 826 644 847 non
656 816 778 846 ratione
792 814 890 854 ipsius
901 814 987 850 doni,

217 874 269 904 sed
286 874 406 904 ratione
421 874 491 910 eius
505 872 537 902 in
552 880 615 911 quo
631 872 688 900 est.
714 869 793 899 Cum
809 877 887 907 ergo
912 876 986 906 gra-

218 927 259 956 tia
274 925 468 966 supervenit,
492 923 620 963 expellit
643 923 747 962 ipsum
772 923 926 961 quantum
949 919 988 950 ad

217 979 371 1011 defectum
386 978 593 1009 deformitatis
608 985 784 1013 annexum,
800 983 866 1005 non
881 976 987 1004 autem

218 1032 250 1062 in
265 1033 419 1071 quantum
442 1033 488 1060 est
505 1030 626 1061 donum
643 1028 798 1059 divinitus
815 1027 915 1066 gratis
929 1026 987 1057 ‹la-

217 1088 297 1122 tum,
313 1085 396 1115 sicut
418 1084 451 1113 in
477 1082 726 1122 praecedentibus
748 1083 866 1111 tactum
889 1082 935 1110 est
950 1080 988 1109 de

131 1143 135 1155 ¹
154 1136 200 1156 ³⁴¹2·
217 1138 276 1168 fide
292 1136 430 1167 informi.
447 1135 536 1166 Alius
547 1137 654 1165 autem
665 1133 789 1164 dicendi
802 1133 914 1163 modus
929 1134 986 1169 est,

216 1191 300 1231 quod
315 1191 410 1221 timor
420 1190 542 1220 servilis
557 1189 688 1219 omnino
702 1187 872 1227 expellitur
889 1186 988 1217 adve-

215 1245 320 1276 niente
347 1244 467 1282 gratia,
492 1252 556 1273 non
582 1242 685 1273 solum
710 1243 866 1281 quantum
893 1240 931 1270 ad
958 1239 987 1269 id

215 1298 299 1338 quod
318 1298 414 1327 habet
438 1296 610 1332 servitutis,
636 1295 690 1325 sed
713 1295 809 1324 etiam
830 1296 986 1332 quantum

215 1351 253 1382 ad
268 1351 327 1381 hoc
337 1350 423 1390 quod
435 1350 531 1379 habet
546 1348 730 1378 habilitatis.
748 1347 784 1377 Et
798 1346 877 1376 ratio
891 1346 988 1385 liuJ'us

214 1406 271 1442 est,
288 1404 363 1444 quia
377 1403 452 1433 huic
467 1402 572 1432 timori
589 1401 724 1431 servitus
740 1399 878 1438 quodam
893 1398 987 1428 modo

214 1459 259 1488 est
273 1465 398 1487 annexa
417 1454 624 1486 essentialiter
641 1465 647 1484 ε
667 1453 761 1483 habet
780 1452 864 1482 euim
880 1454 987 1481 ortum

215 1510 318 1548 magis
334 1518 374 1539 ex
389 1518 497 1539 amore
521 1508 581 1545 sui,
605 1516 701 1546 quam
725 1515 765 1535 ex
791 1513 899 1534 amore
920 1503 985 1533 Dei.

216 1561 302 1593 Unde
317 1564 347 1592 et
361 1562 456 1592 timor
472 1561 528 1590 iste
543 1559 666 1590 servilis
678 1559 750 1588 l'aeit
764 1566 890 1597 poenam
904 1556 988 1596 prin-

214 1615 354 1654 cipaliter
378 1614 505 1644 intueri.
534 1613 623 1649 Ideo,
650 1612 731 1641 sicut
754 1611 832 1641 fides
859 1611 987 1649 propter

215 1667 463 1707 repugnantiam
491 1665 670 1704 aenigmatis
699 1664 757 1694 sibi
783 1663 900 1693 annexi
914 1685 921 1698 ,
948 1661 987 1692 ad

215 1720 352 1760 gloriam
368 1721 552 1755 evacuatur,
569 1718 637 1757 ipsa
653 1716 915 1756 supervenientffi
944 1715 988 1745 sic

215 1773 342 1804 habitus
356 1773 480 1803 timoris
495 1770 618 1801 servilis
632 1769 816 1809 expellitur,
833 1777 987 1807 superve-

215 1827 322 1857 niente
336 1825 498 1856 eharitate.
514 1823 551 1854 Et
566 1823 640 1853 huic
658 1822 750 1852 modo
765 1821 887 1851 dicendi
904 1820 989 1850 vide-

214 1882 266 1910 tur
281 1887 452 1909 consonare
468 1877 601 1907 verbum
616 1874 800 1913 Augustini,
817 1883 881 1913 quo
895 1874 988 1904 dicit'2

215 1932 299 1973 quod
312 1933 406 1963 timor
421 1930 544 1961 servilis
556 1932 700 1968 respectu
716 1928 878 1958 charitatis
894 1928 989 1957 intro-

217 1986 368 2016 ducendae
393 1994 426 2014 se
446 1984 540 2013 habet
565 1982 646 2012 sicut
667 1984 732 2011 seta
758 1983 905 2020 respectu
929 1981 985 2011 fili.

218 2038 266 2070 Ex
279 2038 329 2068 his
349 2039 455 2067 autem
471 2035 594 2065 duobus
620 2034 722 2064 modis
745 2033 866 2063 dicendi
888 2036 989 2073 potest

218 2091 288 2121 elici
313 2090 424 2120 tertius
450 2088 563 2118 modus
574 2110 583 2124 ,
614 2087 703 2125 quasi
727 2086 918 2116 commixtus
949 2094 988 2116 ex

218 2146 365 2182 utroque,
382 2144 412 2172 et
427 2144 535 2171 tenens
549 2139 691 2170 medium
707 2138 788 2168 inter
799 2140 984 2177 utrumque.

217 2196 313 2226 Valde
328 2195 412 2225 enim
428 2193 553 2224 difficile
568 2192 693 2222 videtur
708 2191 821 2228 dicere,
838 2190 923 2230 quod
937 2190 988 2220 ille

217 2250 355 2286 habitus,
372 2257 435 2288 quo
450 2248 520 2287 quis
535 2245 649 2276 habilis
661 2247 727 2274 erat
747 2244 786 2274 ad
802 2243 988 2273 cessandum

217 2303 353 2343 aculpa,
379 2299 622 2340 superveniente
645 2298 748 2336 gratia
771 2297 877 2327 statim
900 2305 988 2327 rece-

218 2356 282 2394 dat,
307 2363 379 2386 cum
397 2353 592 2384 contrarium
607 2351 703 2390 hujus
725 2350 819 2380 dictet
841 2350 909 2389 ipsa
929 2359 988 2380 ex-

219 2408 382 2449 perientia.
411 2405 540 2437 Difficile
563 2405 660 2435 etiam
686 2404 811 2433 videtur
835 2403 937 2433 dicere
959 2405 990 2433 et

220 2461 393 2497 sustinere,
427 2459 511 2499 quod
535 2458 630 2488 timor
657 2457 781 2487 servilis
807 2455 989 2496 simpliciter

220 2515 346 2545 maneat
357 2512 545 2545 adveniente
559 2510 674 2550 gratia,
691 2520 765 2540 cum
780 2510 820 2540 sit
831 2509 891 2540 alia
903 2509 990 2540 diffe-

253 2595 260 2609 ¹
275 2593 361 2621 Quaest
371 2591 533 2623 praecedeuti.
543 2603 571 2607 -
581 2590 592 2606 ²
602 2591 676 2620 Aug„
691 2589 715 2612 in
728 2588 808 2618 Epist.
823 2588 903 2618 Jorm„
915 2589 987 2612 tract.

220 2636 259 2661 tx,
274 2637 301 2653 n.
316 2631 339 2653 8.

745 163 1054 198 SENTENTIARUM
1075 162 1150 194 LIB.
1172 162 1224 193 nl.

1044 229 1145 260 rentia
1158 229 1292 267 timoris,
1309 236 1406 268 quam
1419 228 1516 259 timor
1530 226 1670 264 initialis,
1685 233 1744 256 nec
1760 223 1812 256 vi-

1043 283 1135 313 detur
1150 282 1189 312 ab
1203 282 1314 313 eodem
1330 281 1454 312 trahere
1470 279 1638 318 originem,
1664 280 1694 308 et
1716 276 1814 308 verba

1044 335 1216 373 Augustini
1245 335 1320 365 satis
1347 334 1495 364 videntur
1520 331 1746 362 contradicere.
1778 328 1813 359 Et

1043 391 1208 428 propterea
1226 396 1397 427 possumus
1412 387 1526 424 dicere,
1542 385 1627 425 quod
1643 385 1738 415 timor
1753 392 1816 414 ser—

1046 442 1115 471 vilis
1145 444 1207 471 tres
1231 441 1325 471 hahet
1352 439 1544 470 conditifflies
1576 448 1583 468 :
1617 446 1715 468 unam
1736 437 1816 467 sicut

1044 493 1240 524 materialem
1255 495 1285 523 et
1299 492 1503 529 substratam,
1521 493 1550 521 et
1565 490 1634 520 haec
1649 492 1695 520 est
1706 490 1816 520 timere

1044 555 1171 586 poenam
1192 549 1363 583 aeternam;
1392 546 1524 576 alteram
1548 544 1628 575 sicut
1650 542 1816 574 formalem

1044 604 1074 632 et
1088 601 1324 641 completivam,
1347 603 1378 631 et
1392 601 1462 631 haec
1476 602 1523 631 est
1538 597 1752 638 principaliter
1767 597 1815 628 in-

1043 655 1126 685 tueri
1144 654 1229 684 illam
1247 662 1376 693 poenam
1400 645 1573 690 aeternamf
1596 652 1721 682 tertiam
1736 651 1817 681 sicut

1044 717 1214 745 annexam,
1232 710 1263 737 et
1277 707 1347 737 haec
1365 709 1411 736 est
1427 705 1544 736 habere
1557 704 1753 736 voluntatem
1767 703 1817 734 de-

1043 762 1177 791 tormem
1194 761 1408 798 conjunctam.
1427 758 1505 789 Cum
1521 758 1619 797 igitur
1634 757 1745 796 gratiae
1760 757 1817 787 do-

1043 823 1123 844 num
1143 813 1414 853 superinducitur,
1438 813 1533 842 timor
1557 811 1690 848 servilis,
1713 820 1814 851 quan-

1044 870 1113 898 tum
1130 867 1168 897 ad
1184 867 1244 897 hoc
1258 866 1342 905 quod
1361 865 1522 896 materiale
1534 867 1601 896 erat
1616 865 1649 894 in
1663 865 1742 903 ipso,
1759 864 1817 895 hoc

1043 923 1089 951 est
1118 921 1150 950 in
1183 922 1339 958 quantum
1366 918 1551 949 liabilitabat
1581 918 1619 947 ad
1643 916 1817 947 timendam

1043 982 1182 1013 poenam,
1196 975 1301 1002 manet
1316 981 1390 1002 cum
1406 971 1522 1010 gratia,
1540 971 1615 1009 quia
1629 970 1742 1009 gratiae
1753 978 1816 1000 non

1043 1028 1214 1066 repugnat.
1232 1026 1395 1062 Quantum
1412 1033 1487 1055 vero
1501 1023 1540 1054 ad
1554 1023 1631 1053 alias
1651 1022 1730 1053 duas
1745 1031 1817 1052 cou-

1043 1080 1188 1117 ditiones,
1206 1079 1353 1110 videlicet
1365 1080 1522 1117 quantum
1540 1076 1579 1106 ad
1593 1075 1817 1116 completivam

1043 1136 1073 1165 et
1088 1135 1245 1173 quantum
1260 1132 1298 1162 ad
1314 1139 1486 1168 annexam⁷
1502 1130 1631 1169 pellitur
1645 1138 1702 1168 per
1716 1129 1817 1169 ipsam

1043 1187 1182 1225 gratiam
1199 1197 1206 1216 ι
1231 1185 1307 1225 quia
1322 1193 1396 1215 cum
1419 1184 1523 1222 gratia
1538 1182 1731 1222 supervenit,
1759 1190 1818 1213 nee

1043 1240 1257 1279 principaliter
1271 1239 1414 1268 intuetur
1431 1246 1568 1277 poenam⁷
1582 1246 1640 1266 nec
1654 1236 1749 1266 habet
1764 1244 1817 1265 an-

1043 1301 1159 1323 nexam
1175 1292 1369 1323 voluntatem
1386 1290 1520 1328 malam3
1537 1292 1568 1319 et
1582 1289 1626 1319 sic
1640 1288 1750 1318 haberi
1765 1296 1818 1327 po-

1043 1348 1113 1383 test,
1140 1345 1225 1384 quod
1242 1345 1363 1375 donum
1380 1342 1503 1373 timoris
1518 1341 1640 1372 servilis
1659 1343 1817 1380 quantum

1043 1399 1082 1429 ad
1097 1398 1217 1437 aliquid
1231 1397 1297 1434 sui,
1322 1396 1511 1427 adveniente
1536 1394 1651 1433 gratia,
1677 1394 1815 1434 pellitur,

1043 1454 1073 1482 et
1088 1453 1243 1491 quantum
1259 1450 1297 1480 ad
1320 1448 1440 1488 aliquid
1459 1449 1575 1478 manet.
1602 1446 1640 1477 Et
1661 1447 1721 1477 hoe
1735 1447 1814 1484 viso,

1042 1507 1127 1544 patet
1141 1503 1303 1543 responsio
1318 1503 1357 1533 ad
1372 1501 1598 1541 quaestionem
1623 1502 1707 1539 patet
1722 1500 1816 1530 etiam

1043 1567 1100 1597 pro
1114 1566 1232 1595 magna
1248 1557 1335 1595 parte
1346 1554 1509 1594 responsio
1520 1553 1558 1583 ad
1573 1553 1763 1592 objectiones
1777 1552 1816 1583 ad

1042 1612 1212 1649 utramque
1235 1610 1370 1647 partem,
1393 1607 1468 1647 quia
1488 1608 1611 1636 neutrae
1634 1605 1817 1645 simpliciter

1042 1662 1234 1693 concludunt
1254 1660 1444 1691 veritatem:
1469 1661 1500 1689 et
1524 1659 1594 1689 ideo
1619 1660 1743 1698 oportet
1766 1667 1818 1689 re-

1043 1714 1195 1755 spondere
1212 1714 1285 1743 hinc
1301 1715 1331 1743 et
1347 1712 1430 1743 inde.

1084 1771 1112 1799 1.
1135 1767 1183 1798 Ad
1199 1767 1276 1797 illud
1297 1766 1383 1806 quod
1407 1765 1511 1805 primo
1526 1764 1676 1804 objicitur
1689 1765 1728 1796 de
1743 1774 1818 1796 auc-

1042 1821 1166 1852 toritate
1191 1819 1368 1859 Augustini
1383 1843 1391 1856 ‚
1417 1828 1481 1858 qua
1508 1818 1582 1849 dicit
1610 1818 1695 1858 quod
1723 1818 1818 1850 timor

1043 1874 1165 1904 servilis
1180 1873 1349 1912 expellitur
1367 1871 1554 1902 adveniente
1578 1871 1682 1910 gratia
1696 1873 1728 1902 et
1740 1871 1817 1903 cha-

1043 1926 1145 1965 ritate,
1170 1925 1340 1957 dicendum
1363 1924 1449 1964 quod
1471 1924 1531 1955 hoc
1550 1933 1615 1954 non
1638 1924 1713 1956 dicit
1732 1925 1817 1965 quod

1043 1979 1179 2010 totaliter
1192 1979 1338 2019 pellatur,
1355 1978 1408 2008 sed
1423 1977 1507 2017 quod
1521 1977 1700 2008 dominium
1713 1978 1818 2009 servi-

1043 2033 1132 2071 tutis,
1145 2043 1208 2073 qua
1229 2032 1443 2073 principaliter
1458 2040 1584 2071 poenam
1606 2031 1760 2071 intuetur,
1775 2033 1816 2064 ab

1044 2087 1111 2126 ipso
1126 2087 1250 2123 timore,
1265 2084 1454 2116 adveniente
1466 2084 1628 2122 charitate,
1641 2085 1813 2116 auferatur.

1083 2141 1113 2170 2.
1137 2138 1185 2169 Ad
1199 2137 1276 2168 illud
1291 2136 1376 2176 quod
1397 2136 1562 2175 objicitur,
1580 2137 1664 2176 quod
1687 2137 1815 2177 spiritus

1044 2191 1205 2222 servitutis
1215 2190 1376 2229 repugnat
1388 2188 1514 2227 spiritui
1528 2188 1693 2227 libertatis,
1707 2190 1813 2221 dicen-

1044 2245 1121 2275 dum
1131 2243 1215 2283 quod
1228 2251 1343 2273 verum
1355 2243 1401 2272 est
1414 2243 1573 2281 quantum
1588 2242 1627 2273 ad
1641 2242 1719 2274 illud
1730 2244 1816 2283 quod

1044 2301 1090 2330 est
1110 2298 1144 2328 in
1165 2306 1202 2328 eo
1227 2295 1408 2327 servitutis:
1427 2294 1480 2325 sed
1500 2294 1598 2325 timor
1619 2296 1743 2326 servilis
1756 2296 1814 2327 ali-

1044 2351 1119 2392 quid
1133 2351 1227 2382 habet
1236 2373 1245 2388 ,
1260 2350 1293 2379 in
1308 2357 1372 2388 quo
1389 2349 1601 2380 communicat
1615 2358 1688 2380 cum
1702 2349 1816 2382 timore

1044 2404 1174 2435 initiali:
1195 2405 1225 2434 et
1244 2402 1365 2433 ratione
1387 2401 1472 2432 illius
1494 2411 1559 2433 non
1573 2403 1696 2442 oportet
1709 2402 1814 2443 ipsum

1044 2457 1170 2497 expelli.

1085 2512 1114 2541 3.
1137 2508 1184 2540 Ad
1209 2508 1288 2539 illud
1311 2506 1397 2547 quod
1420 2507 1512 2538 tertio
1534 2507 1702 2547 objicitur,
1728 2509 1814 2549 quod

1044 2563 1169 2594 timoris
1187 2561 1310 2593 servilis
1324 2560 1542 2601 principaliter
1554 2562 1600 2591 est
1613 2560 1730 2592 intueri
1745 2570 1812 2602 poe-

1048 2625 1135 2653 nam,
1145 2616 1213 2654 ,iam
1229 2616 1314 2654 patet
1327 2614 1491 2654 responsio
1502 2624 1510 2651 ;
1521 2613 1597 2653 quia
1607 2617 1764 2653 quantum
1775 2614 1814 2646 ad

1831 322 1893 342 Prole.
1913 322 1933 342 3.
