2017 2948
84 749 186 768 Fundani.

104 2399 137 2419 Ad
156 2405 206 2424 υρμ.

699 142 791 173 DIST.
813 141 892 173 XIII.
916 139 1005 171 ART.
1030 139 1053 170 1.
1073 139 1222 177 QUAEST.
1247 140 1284 170 II.

201 216 266 245 tam
282 213 517 249 executionem,
529 212 576 241 est
590 209 752 249 superiori,
769 210 800 239 et
812 210 968 249 quantum

199 267 238 298 ad
252 266 352 303 hanc,
366 266 447 296 bene
459 263 594 295 cohibet.
612 261 700 292 Unde
713 262 739 292 si
753 262 904 301 praecisus
918 261 969 292 vel

199 318 493 350 excommunicatus
507 315 660 351 conficiat,
677 315 747 345 facit
764 315 894 354 quidem
910 314 970 344 hoc

199 373 238 403 ad
262 372 346 412 quod
369 371 463 401 habet
486 369 659 409 potentiam
671 392 679 406 ,
701 368 754 399 sed
778 370 883 398 tamen
907 376 970 397 non

199 425 272 455 facit
280 424 382 454 debite
393 426 423 453 et
438 423 591 459 ordinate,
604 421 669 451 imo
682 421 722 451 ad
734 421 970 451 damnationem

202 486 306 508 suam.

466 559 647 597 QUAESTIO
668 559 705 589 11.

304 655 344 679 An
363 653 413 679 soli
432 653 578 679 sacerdotes
597 652 697 685 possint
716 651 838 683 conticere
853 649 870 675 ¹.

244 742 356 773 Utrum
370 742 427 772 soli
441 742 616 772 sacerdotes
630 742 751 781 possint
762 741 930 777 conficere3
944 742 974 770 et

204 795 289 834 quod
315 795 377 833 sic,
403 795 539 832 videtur,
566 794 642 834 quia
665 793 739 824 dicit
758 793 853 832 Hugo
870 804 877 823 ε
898 804 913 821 (ι
927 792 975 823 Ad

204 847 286 877 istud
303 849 536 878 sacramentum
553 847 713 877 concurrit
725 846 813 884 ordo,
830 845 973 883 intentio,

204 902 235 931 et
252 902 378 931 actus.»
403 900 440 930 Et
462 901 521 931 hoc
543 900 637 931 etiam
664 900 739 929 dicit
754 899 922 938 Magister,
945 900 976 928 et

205 953 299 983 habet
314 953 507 984 consuetudo
522 955 638 983 sanctae
653 952 808 983 Ecclesiae.

246 1006 324 1036 Item
338 1006 460 1036 ratione
475 1006 612 1042 videtur,
629 1005 705 1044 quia
719 1005 752 1035 in
766 1004 864 1035 veteri
882 1006 976 1034 testa-

207 1061 333 1097 mento,
352 1069 392 1090 ex
407 1068 470 1099 quo
490 1059 645 1098 templum
670 1060 717 1088 est
742 1058 876 1095 factum,
904 1057 978 1087 solis

207 1112 420 1142 sacerdotibus
433 1111 546 1142 licebat
558 1111 671 1141 offerre
693 1109 880 1140 sacrificium
897 1119 904 1139 :
923 1119 977 1139 er-

208 1173 251 1204 go
273 1164 299 1194 si
319 1165 427 1204 figura
451 1164 509 1194 fuit
531 1173 625 1201 vera,
649 1166 680 1193 et
703 1163 793 1193 debet
813 1163 841 1192 ei
863 1163 979 1193 veritas

207 1218 396 1257 respondere
408 1241 417 1254 ‚
435 1219 535 1256 patet,
552 1219 611 1258 etc.

250 1271 328 1302 Item
343 1274 578 1301 sacramentum
594 1272 641 1300 est
662 1269 844 1299 habendum
864 1268 896 1298 in
910 1277 979 1299 ma-

211 1334 276 1364 gna
298 1324 476 1354 reverentia
494 1334 501 1353 z
519 1332 594 1361 ergo
617 1323 686 1361 ejus
705 1321 896 1361 dispensatio
917 1330 980 1352 non

209 1377 359 1408 omnibus
374 1376 482 1407 debuit
497 1376 623 1406 concedi
641 1386 646 1405 :
665 1384 743 1414 ergo
758 1374 918 1414 aliquibus
935 1375 982 1404 est

209 1439 355 1461 concessa
372 1439 379 1459 :
395 1438 475 1468 ergo
490 1429 543 1459 alii
559 1438 623 1458 non
638 1428 756 1458 habe-ut
772 1429 956 1466 potestatem
971 1437 978 1455 ι

209 1484 262 1514 sed
276 1483 360 1521 illos,
378 1483 493 1522 quibus
507 1482 576 1512 haec
589 1483 725 1521 potestas
741 1481 814 1511 data
827 1482 890 1517 est,
909 1479 982 1510 dici-

211 1546 282 1568 mus
297 1537 471 1567 sacerdotes
488 1546 496 1566 :
512 1544 591 1574 ergo
603 1559 612 1571 ,
628 1537 686 1564 etc.

252 1589 328 1620 item
353 1588 520 1629 Apostolus
541 1587 585 1619 ad
606 1587 751 1618 Hebroeos
772 1586 846 1616 dicit
868 1587 878 1602 ²
898 1585 983 1625 quod

210 1643 361 1681 Pontifex
377 1642 598 1676 constituitur,
624 1643 660 1671 ut
681 1639 785 1677 dona,
808 1642 837 1669 et
855 1638 982 1677 sacrifi-

203 1697 262 1728 ὀἱα
281 1696 391 1736 offerat
410 1702 469 1734 pro
491 1694 630 1733 peccatis
649 1703 659 1721 :
681 1701 760 1731 ergo
779 1691 833 1731 qui
854 1701 917 1722 non
939 1694 983 1722 est

211 1749 399 1779 constitutus
415 1747 577 1783 sacerdos,
595 1755 661 1776 non
676 1747 787 1785 potest.

252 1801 330 1832 Item
354 1802 385 1831 in
409 1800 498 1831 omni
522 1802 617 1838 gente
632 1799 726 1829 etiam
752 1798 832 1827 inter
855 1796 982 1827 idolola-

213 1856 289 1891 tras,
302 1855 335 1884 in
348 1854 466 1893 quibus
476 1853 604 1892 ponitur
615 1852 729 1889 cultus,
745 1850 905 1890 aliquibus
914 1858 984 1889 per-

214 1907 299 1938 sonis
320 1906 495 1946 specialiter
517 1905 726 1936 committitur
748 1904 885 1943 potestas
907 1902 984 1932 offe-

215 1961 304 1991 rendi
320 1970 391 2000 quae
407 1960 556 1991 dicuntur
575 1958 749 1988 sacerdotes
767 1967 774 1987 t
793 1965 870 1995 ergo
886 1956 910 1985 si
927 1955 985 1985 Ec-

215 2014 307 2045 clesia
320 2016 367 2044 est
386 2013 618 2044 ordinatissima
630 2035 637 2048 ,
659 2020 736 2049 ergo
757 2010 882 2040 videtur
903 2009 986 2048 quod

215 2067 356 2098 Christus
370 2066 529 2106 aliquibus
545 2066 605 2095 hoc
617 2064 756 2094 officium
771 2062 880 2093 debuit
893 2062 986 2099 dare;

216 2119 270 2150 sed
291 2119 469 2150 distributio
490 2118 668 2149 officiorum
691 2117 724 2147 in
744 2115 880 2147 Ecclesia
898 2115 989 2145 debet

217 2182 285 2203 esse
304 2172 447 2204 ordinata
461 2172 501 2202 ad
515 2180 618 2202 unum
635 2181 642 2200 ε
659 2178 738 2209 ergo
760 2169 793 2200 hi
810 2169 915 2199 solum
930 2167 989 2198 hoc

219 2228 363 2266 possunt,
379 2226 435 2265 qui
449 2225 487 2256 ad
502 2225 562 2255 hoc
576 2233 632 2264 per
647 2223 803 2264 principes
817 2225 847 2253 et
860 2222 989 2262 pontisi-

219 2288 269 2310 ces
283 2279 428 2310 Ecclesiae
443 2279 629 2310 ordinantur
649 2288 656 2307 :
675 2277 727 2308 sed
749 2277 782 2307 hi
797 2278 872 2307 sunt
887 2285 988 2307 saeer-

219 2333 306 2363 dotes
323 2342 331 2362 :
348 2341 427 2371 ergo
435 2355 446 2370 ,
462 2334 520 2362 etc.

264 2387 291 2415 1.
307 2384 367 2415 Sed
386 2387 495 2415 contra
511 2395 518 2415 ·.
535 2383 598 2414 Etsi
622 2383 695 2414 solis
716 2381 929 2413 sacerdotibus
951 2390 992 2413 ex

223 2437 325 2468 officio
340 2439 496 2477 competat
520 2436 678 2476 baptizare
690 2459 698 2473 ‚
723 2437 829 2465 tamen
850 2434 876 2464 si
893 2434 992 2465 laicus

255 2499 316 2530 ¹Cs‘.
334 2500 404 2523 Alex.
424 2498 518 2526 Alcas,
540 2505 565 2528 p.
586 2498 629 2527 lv,
649 2504 674 2528 q.
696 2502 721 2527 x,
742 2497 836 2520 memb.
857 2499 879 2526 5,
901 2499 947 2520 art.
972 2499 992 2527 Ι,

223 2535 238 2566 ἓ
252 2537 283 2566 23
299 2537 325 2559 S,
344 2535 447 2564 Thom„
459 2541 484 2564 p.
507 2534 549 2563 III,
564 2540 588 2564 q.
606 2538 705 2561 Lxxxn,
721 2533 767 2555 art.
784 2534 809 2562 13
826 2534 850 2555 et
866 2533 896 2556 IV
914 2533 992 2562 Seni„

224 2571 280 2595 dist.
296 2577 354 2601 xiil,
370 2578 395 2600 q.
414 2577 431 2599 1,
446 2572 492 2594 art.
513 2572 534 2599 1,
550 2576 574 2600 q.
589 2575 615 2598 1;
632 2567 809 2597 etdist.xx1v‚
825 2574 850 2598 q.
862 2573 890 2598 ιι,
905 2570 951 2592 art.
970 2570 992 2599 Ι,

225 2613 250 2636 q.
271 2611 307 2636 11;
328 2605 454 2635 Richard„
477 2605 509 2629 IV
529 2604 608 2634 Sene„
629 2603 686 2626 dist.
708 2608 775 2632 xiii,
797 2610 822 2633 q.
846 2609 881 2633 υς
904 2604 992 2633 Steph.

347 2658 421 2681 Tou.
438 2658 470 2680 V.

1735 144 1792 172 545

1025 206 1179 246 baptizat,
1198 206 1392 246 baptizatum
1407 210 1454 238 est
1476 216 1484 237 ε
1504 217 1581 247 ergo
1603 208 1749 239 similiter
1769 209 1794 238 si

1025 259 1148 289 conficit
1161 282 1168 296 ,
1186 259 1363 290 confectum
1377 262 1436 291 est.

1065 314 1094 342 2.
1118 311 1195 342 Item
1215 312 1320 351 magis
1334 313 1453 351 dignus
1472 315 1519 344 est
1533 314 1713 344 ministrare
1733 314 1795 345 Deo

1026 365 1127 395 bonus
1147 365 1261 403 laicus,
1284 374 1381 405 quam
1402 366 1520 405 impius
1534 367 1699 397 sacerdos:
1717 375 1795 406 ergo

1027 418 1053 447 si
1067 418 1106 448 ad
1122 419 1290 449 sacerdotis
1304 419 1379 449 mali
1394 420 1627 450 invocationem
1643 419 1796 450 Dominus

1028 471 1185 502 convertit
1198 481 1312 511 panem
1327 472 1361 502 in
1376 480 1502 511 corpus,
1519 472 1618 503 multo
1632 473 1744 503 fortius
1758 473 1797 503 ad

1029 524 1164 555 verbum
1178 524 1247 555 laici
1263 525 1347 556 boni.

1069 579 1098 608 3.
1110 577 1200 615 Item,
1212 579 1292 608 sicut
1298 578 1451 609 Dominus
1461 577 1535 608 solis
1541 578 1700 617 discipulis
1708 577 1796 609 dixit:

1030 631 1183 670 Accipite,
1203 636 1233 662 et
1242 632 1493 671 quotiescumque
1503 631 1656 669 feceritis,
1671 632 1744 668 etc„
1759 631 1802 661 ita

1029 683 1108 713 dixit
1135 694 1141 713 ε
1171 684 1281 715 Docete
1304 692 1409 716 omnes
1433 687 1535 724 qentes
1549 707 1557 720 ,
1583 683 1801 723 baptizantes,-

1030 737 1080 767 sed
1104 739 1240 776 potestas
1263 738 1440 777 baptizandi
1465 740 1512 768 est
1533 746 1680 768 concessa
1697 736 1801 768 omni-

1031 790 1090 819 bus
1107 800 1112 818 τ
1131 799 1209 828 ergo
1225 799 1243 819 a
1258 790 1352 820 simili
1368 792 1398 820 et
1411 792 1549 830 potestas
1563 790 1759 821 conficIendi.

1072 844 1101 872 4.
1120 841 1197 872 Item
1219 843 1329 874 beatus
1355 843 1465 873 Petrus
1485 844 1494 859 ³
1520 853 1527 874 ε
1554 843 1615 875 Vos
1636 844 1710 875 estis
1725 850 1801 882 qens

1031 900 1156 934 sancta,
1171 897 1272 936 regale
1286 896 1498 928 sacerdotium
1504 906 1516 935 ;
1529 897 1672 937 loquitur
1687 897 1725 928 ad
1739 905 1804 928 om-

1032 958 1087 979 nes
1102 949 1202 979 bonos
1224 961 1229 979 ι
1247 958 1326 988 ergo
1340 952 1397 980 etc.

1302 1064 1526 1095 CONGLUSIO.

1034 1149 1212 1175 Eucharistiae
1234 1152 1432 1176 sacramentum
1454 1150 1504 1176 soli
1527 1149 1671 1176 sacerdotes
1692 1154 1805 1184 possunt

1070 1194 1209 1226 conficere;
1233 1197 1256 1220 et
1277 1195 1302 1220 si
1324 1194 1394 1220 alius
1412 1196 1493 1220 tentet
1513 1202 1564 1221 non
1583 1194 1717 1225 sacerdos,
1736 1194 1806 1221 nihil

1069 1237 1149 1268 facit.

1077 1320 1166 1360 Resp.
1184 1321 1223 1352 ad
1237 1330 1307 1360 arg.
1324 1321 1516 1360 Dicendum,
1532 1322 1617 1361 quod
1632 1322 1690 1352 soli
1703 1331 1805 1353 sacer-

1037 1374 1124 1404 dotes
1138 1376 1268 1413 possunt
1283 1375 1450 1412 conficere;
1468 1376 1498 1404 et
1513 1375 1539 1404 si
1554 1375 1605 1405 alii
1620 1375 1806 1413 conficiunt,

1038 1427 1263 1457 nihilomnino
1287 1427 1415 1457 faciunt.
1441 1426 1478 1458 Et
1499 1427 1559 1458 hoc
1577 1428 1705 1468 quidem
1720 1429 1810 1459 docet

1038 1481 1115 1511 tides
1129 1483 1252 1517 nostra,
1268 1489 1364 1520 quam
1380 1481 1419 1510 ab
1434 1481 1583 1520 apostolis
1598 1482 1808 1521 percepimuS‚

1038 1536 1068 1564 et
1084 1534 1141 1573 ipsi
1157 1543 1176 1563 a
1190 1533 1334 1564 Domino.
1360 1533 1447 1564 Unde
1461 1534 1690 1564 ordinaverunt
1704 1534 1811 1566 Eccle-

1039 1587 1117 1616 siam
1137 1587 1312 1617 secundum
1330 1586 1383 1616 Dei
1400 1586 1631 1617 institutionem
1645 1589 1666 1617 ⁴.
1684 1586 1722 1617 Et
1736 1588 1811 1627 quia

1038 1640 1171 1679 apostoli
1196 1642 1226 1670 et
1254 1649 1366 1670 eorum
1392 1639 1593 1679 postmodum
1616 1649 1812 1671 successores

1039 1696 1224 1733 potestatem
1245 1693 1430 1723 conficiendi
1458 1694 1599 1733 personis
1625 1693 1812 1733 specialibus

1040 1746 1261 1782 contulerunt,
1277 1754 1356 1786 quas
1379 1748 1409 1776 et
1431 1746 1606 1776 sacerdotes
1629 1746 1812 1786 appellave-

1040 1803 1113 1831 runt
1139 1810 1147 1831 ε
1171 1801 1241 1831 ideo
1268 1801 1371 1831 solum
1393 1800 1455 1830 illis
1477 1802 1561 1831 tenet
1588 1801 1667 1831 fides
1690 1800 1813 1832 licitum

1040 1863 1117 1884 esse.
1131 1854 1210 1883 Huic
1223 1856 1375 1884 consonat
1382 1853 1474 1890 ratio,
1486 1854 1571 1893 quod
1580 1855 1813 1884 sacramentum

1041 1907 1134 1944 illud,
1153 1907 1237 1947 quod
1252 1907 1285 1937 in
1304 1916 1420 1946 magna
1434 1907 1612 1938 reverentia
1630 1906 1813 1937 habendum

1041 1960 1118 1998 suit,
1138 1959 1324 2000 specialibus
1340 1960 1480 1999 personis
1495 1960 1701 1990 commissum
1723 1961 1769 1990 est
1783 1962 1814 1990 et

1042 2013 1195 2043 committi
1211 2013 1319 2043 debuit
1337 2023 1343 2042 2
1362 2015 1417 2043 aut
1431 2022 1509 2052 ergo
1529 2013 1650 2044 ratione
1664 2013 1812 2043 sanctita-

1042 2067 1081 2095 tis
1094 2089 1102 2102 ,
1118 2068 1172 2096 aut
1194 2066 1315 2096 ratione
1338 2066 1532 2096 auctoritatis
1549 2075 1556 2097 :
1574 2066 1600 2096 si
1622 2065 1813 2104 sanctitatis,

1043 2121 1078 2149 ut
1093 2119 1201 2149 dicunt
1216 2119 1355 2149 haeretici
1368 2143 1375 2157 ,
1394 2121 1471 2149 tunc
1485 2127 1565 2158 ergo
1580 2128 1675 2150 nemo
1691 2120 1738 2149 est
1751 2127 1816 2149 cer-

1044 2174 1095 2202 tus
1110 2174 1221 2202 utrum
1236 2172 1396 2209 conficiat,
1423 2174 1452 2202 et
1469 2171 1554 2202 salus
1574 2174 1681 2203 nostra
1704 2171 1816 2212 pendet

1044 2235 1084 2255 ex
1101 2225 1204 2256 aliena
1220 2225 1376 2262 bonitate;
1394 2225 1420 2255 si
1435 2225 1646 2262 auctoritatis,
1663 2228 1694 2256 et
1707 2226 1815 2256 aucto-

1045 2279 1120 2309 ritas
1135 2280 1236 2318 potest
1250 2281 1313 2309 tam
1335 2278 1426 2308 honis
1441 2286 1538 2318 quam
1554 2278 1646 2308 malis
1667 2277 1815 2316 concedi,

1045 2334 1075 2362 et
1089 2332 1170 2362 hanc
1184 2340 1337 2362 vocamus
1346 2331 1489 2362 ordinem
1502 2330 1676 2368 sacerdotii,
1693 2332 1816 2361 constat

1046 2392 1123 2421 ergo
1140 2383 1223 2422 quod
1239 2382 1284 2412 illi
1301 2382 1358 2412 soli
1374 2384 1516 2421 possunt.

1092 2439 1116 2465 Ι.
1138 2435 1185 2465 Ad
1204 2435 1283 2465 illud
1307 2434 1391 2474 quod
1415 2434 1564 2474 objicitur
1578 2434 1616 2465 (le
1639 2434 1813 2474 baptismo,

1049 2497 1152 2528 Brut-m,
1168 2498 1197 2522 lv
1215 2498 1293 2527 Sem„
1309 2497 1367 2520 dist<
1387 2502 1442 2525 xm,
1459 2503 1483 2526 q.
1504 2502 1538 2526 ¹¹3
1555 2496 1643 2520 Petrus
1660 2496 1691 2519 de
1705 2497 1818 2526 Terent„

1050 2534 1079 2556 lv
1103 2534 1181 2561 Seue„
1205 2534 1261 2557 dIst.
1285 2538 1346 2557 xiil,
1371 2539 1394 2561 q.
1422 2537 1458 2561 113
1482 2531 1560 2554 Gabr.
1586 2531 1657 2560 Biel„
1681 2532 1712 2556 lv
1739 2532 1818 2562 Sent.,

1048 2568 1106 2591 dist.
1123 2574 1180 2599 xiii,
1196 2575 1220 2598 q.
1238 2574 1255 2596 1,
1273 2569 1320 2591 art.
1336 2570 1358 2590 2.
1369 2579 1397 2583 -—
1409 2566 1417 2580 ²
1432 2565 1519 2594 Helm,
1533 2571 1557 2596 ν,
1575 2569 1595 2590 Ι.
1609 2579 1634 2585 -
1652 2567 1678 2590 ³!
1696 2567 1772 2595 Petu,
1788 2573 1818 2596 11,

1048 2605 1069 2626 9.
1083 2616 1113 2620 -
1128 2603 1138 2619 ⁸
1157 2603 1225 2627 idem
1239 2603 1314 2627 docet
1328 2603 1353 2626 S.
1374 2601 1493 2630 Thomas.
1509 2602 1556 2631 ΙΙΙ,
1571 2609 1595 2632 q.
1612 2608 1716 2628 Lxxxn.
1731 2605 1778 2626 art.
1796 2606 1817 2626 1.

1662 2649 1700 2677 35
