2017 2948
227 208 284 236 106

266 273 294 301 5.
317 271 363 302 Ad
374 271 451 302 illud
467 271 552 311 quod
570 271 730 311 objicitur,
741 271 824 311 quod
839 270 926 302 nulla
939 270 995 300 dif-

224 324 355 354 ferentia
371 324 493 354 timoris
517 324 657 355 manebit
676 325 705 354 in
726 325 837 364 patria⁷
859 324 995 354 breviter

225 377 409 416 respondeo,
418 377 500 416 quod
512 377 577 407 imo
588 377 683 407 timor
692 377 796 407 filialis·
807 377 992 407 remanebit.

223 429 285 460 Nec
300 430 383 461 valet
400 430 483 470 quod
503 430 663 469 objicitur,
687 431 771 470 quod
793 431 833 461 ibi
856 431 995 461 nouerit

222 483 317 514 timor
342 484 566 523 separationis,
586 484 635 514 vel
659 484 804 522 offe11sae;
834 493 907 514 nam
937 484 994 514 etsi

222 536 325 566 filialis
354 538 447 567 timor
476 537 534 567 lloc
566 538 727 567 intucatur
754 537 860 576 aliquo
888 537 993 575 modo,

222 589 308 619 aliud
324 592 429 620 tamen
446 591 587 621 intuetur
602 591 706 629 magis
721 590 946 630 principaliter.

261 645 290 673 6.
309 644 354 673 Ad
368 644 444 674 illud
461 645 545 683 quod
561 644 721 683 oincitur,
738 644 821 683 quod
846 644 993 683 perfectio

222 696 333 734 gloriae
347 697 417 735 plus
432 697 553 727 excedit
569 697 715 727 timorem
739 697 878 735 filialem,
895 706 991 736 quam

222 749 356 779 charitas
373 750 507 788 perfecta
529 749 700 786 initialem,
719 749 888 779 dicendum
909 751 993 789 quod

222 801 323 838 maj0r
345 808 509 837 excessus,
530 803 559 830 et
583 800 701 837 minor,
724 808 789 830 non
814 800 885 831 facit
900 800 994 831 habi-

756 202 1067 235 SENTENTIARUM
1088 202 1162 234 LlB.
1187 203 1239 234 111.

1048 272 1117 300 tum
1133 273 1291 310 evacuari,
1310 273 1360 303 sed
1379 274 1482 313 potius
1497 272 1603 312 perfici
1623 274 1654 303 et
1667 281 1815 304 consum-

1050 325 1146 363 mari;
1163 326 1216 356 sed
1229 327 1382 367 oppositio
1400 328 1523 367 aliqua,
1540 335 1613 367 quae
1628 329 1674 357 est
1696 329 1819 367 reperta

1050 376 1132 407 inter
1148 378 1227 408 illud
1242 380 1327 419 quod
1343 382 1474 410 evacuat
1486 383 1515 410 et
1526 379 1664 420 expellit,
1681 382 1711 411 et
1726 382 1767 418 (a)
1782 380 1819 410 il-

1049 431 1102 461 lud
1118 433 1201 471 quod
1218 437 1390 465 evacuatur
1405 437 1435 465 et
1446 434 1614 474 expellitur
1631 445 1638 465 ε
1655 434 1726 465 ideo
1738 435 1820 465 ratio

1049 484 1103 515 illa
1117 495 1182 516 non
1197 486 1291 525 valet,
1307 487 1458 527 quoniam
1471 487 1529 517 etsi
1545 487 1692 527 perfectio
1707 487 1820 527 gloriae

1049 537 1120 577 plus
1135 539 1258 569 excedit
1271 540 1419 570 timorem
1434 540 1563 570 filialem
1575 563 1582 577 ‚
1597 549 1693 580 quam
1714 539 1819 571 chari-

1048 592 1096 621 tas
1111 591 1173 622 viae
1188 592 1355 630 initialem;
1373 595 1479 623 tamen
1497 593 1592 623 timor
1611 593 1752 630 initialis,
1768 601 1819 623 ra-

1049 644 1134 674 tione
1156 645 1224 683 ejus
1241 645 1325 684 quod
1345 645 1438 675 habet
1463 645 1593 676 oculum
1617 645 1657 676 ad
1679 653 1818 685 poenam,

1049 696 1120 736 plus
1139 697 1308 736 opponitur
1328 698 1510 737 perfectioni
1531 697 1704 735 charitatis,
1722 706 1820 737 quam

1049 749 1145 779 timor
1159 750 1345 781 reverentiae
1360 753 1539 790 opponatur
1554 750 1735 790 perfectioni
1750 750 1820 781 bea-

1049 802 1205 833 titudinis.

689 919 1098 968 DISTINCTIO
1151 922 1347 969 XXXV

609 1033 647 1055 DE
672 1033 750 1056 DONO
775 1033 956 1063 SAPIENTLE,
985 1033 1186 1056 INTELLECTUS
1210 1035 1248 1056 ET
1271 1034 1425 1056 SCIENTIAE.

115 1121 204 1145 Quomo-

99 1151 125 1171 do
144 1152 203 1172 M..-
262 1120 334 1151 Post
352 1120 515 1162 praeinissa
538 1120 712 1162 diligenter
736 1121 1009 1153 considerandum
1032 1125 1099 1163 est,
1117 1122 1151 1154 in
1166 1134 1232 1166 quo
1247 1122 1376 1155 differat
1391 1122 1551 1167 sapientia
1573 1132 1592 1155 a
1606 1121 1751 1154 scientia.
1769 1120 1815 1154 De

99 1186 145 1202 rant
173 1192 193 1203 ω
219 1176 277 1208 hoc
290 1177 496 1219 Augustinus
511 1177 554 1210 ita
568 1178 629 1210 ait¹
645 1190 650 1209 :
671 1192 687 1209 (1
705 1178 896 1222 Philosophi
912 1178 1113 1223 disputantes
1123 1180 1163 1212 de
1174 1180 1332 1224 sapientia
1345 1179 1546 1212 definierunt
1561 1190 1632 1212 eam
1647 1178 1789 1212 dicentes
1804 1191 1811 1211 :

107 1214 193 1239 pientia,

98 1244 200 1270 sciciani,
218 1232 383 1277 Sapientia
398 1238 444 1266 est
473 1246 581 1267 rerum
604 1235 803 1277 divinarum,
823 1236 1109 1281 humanarumque
1125 1238 1268 1270 scientia.
1288 1237 1355 1279 Ego
1381 1248 1512 1282 quoque
1529 1240 1750 1281 utrarumque
1764 1246 1815 1268 re-

98 1277 201 1326 iieniistl
217 1301 291 1323 rum
315 1292 533 1333 cognitionem
547 1318 554 1332 ‚
571 1292 603 1324 id
620 1296 664 1324 est
676 1319 683 1333 ,
700 1293 889 1326 divinarum
913 1298 944 1326 et
960 1294 1180 1327 humanarum
1194 1321 1202 1337 ‚
1220 1299 1251 1328 et
1272 1295 1464 1338 sapientiam
1479 1321 1487 1335 ,
1505 1298 1537 1327 et
1556 1293 1723 1326 seientiam
1749 1292 1815 1326 dici

218 1360 307 1392 posse
322 1360 386 1381 non
402 1360 497 1392 nego.
517 1350 642 1383 Verum
662 1352 757 1394 juxta
779 1350 1020 1384 distinctionem
1040 1353 1189 1395 Apostoli
1211 1364 1276 1396 qua
1290 1353 1373 1385 dixit
1387 1356 1398 1371 ²
1414 1365 1421 1385 ε
1440 1352 1509 1385 Alii
1524 1351 1625 1384 datur
1639 1361 1746 1385 sermo
1762 1361 1816 1383 sa·

214 1406 362 1450 pientc'oe,
389 1408 451 1440 alii
464 1418 568 1439 sermo
583 1408 745 1449 scientiae,
764 1408 821 1440 illa
835 1408 983 1441 definitio
1007 1409 1184 1442 dividenda
1199 1414 1245 1442 est
1259 1436 1267 1451 ,
1284 1414 1320 1442 ut
1335 1420 1446 1441 rerum
1469 1409 1657 1441 divinarum
1673 1408 1815 1452 cognitio

217 1464 374 1507 sapientia
390 1465 518 1508 proprie
535 1470 762 1509 nu11cupctur3
781 1466 1004 1498 humanarum
1021 1478 1097 1499 vero
1109 1478 1220 1499 rerum
1236 1467 1377 1509 cognitio
1395 1467 1522 1510 proprie
1538 1466 1678 1499 scientiae
1694 1476 1815 1499 nomen

218 1521 374 1554 obtineat.
389 1522 502 1566 Neque
518 1533 595 1555 vero
608 1523 770 1566 quidquid
787 1523 860 1555 sciri
875 1524 915 1555 al)
931 1524 1063 1556 homine
1078 1529 1181 1568 potest
1210 1524 1244 1556 in
1258 1524 1355 1556 rebus
1370 1524 1542 1564 humanis,
1560 1523 1616 1556 ubi
1633 1523 1815 1567 plurimum

218 1590 430 1622 supervacuae
448 1580 602 1612 vanitatis
624 1584 654 1612 et
676 1580 781 1612 noxiae
796 1581 993 1613 curiositatis
1009 1586 1055 1614 est
1073 1608 1080 1622 ‚
1097 1582 1174 1614 huic
1197 1581 1339 1613 scientiae
1356 1581 1487 1624 tribuo;
1507 1581 1562 1613 sed
1578 1580 1662 1614 illud
1686 1584 1814 1613 tantum

217 1647 283 1680 quo
300 1636 380 1669 fides
395 1637 630 1678 saluberrima,
647 1648 721 1681 quae
737 1638 775 1669 ad
794 1649 902 1670 veram
920 1638 1156 1672 beatitudinem
1178 1639 1287 1679 ducit,
1305 1638 1454 1681 gignitur
1470 1664 1476 1677 ,
1494 1638 1654 1678 nutritur,
1669 1637 1816 1670 defendi-

216 1697 282 1735 tur,
301 1694 487 1737 roboratur,
506 1706 571 1738 qua
586 1694 719 1727 scientia
734 1706 800 1727 non
815 1696 939 1739 pollent
955 1696 1067 1728 fideles
1082 1696 1229 1740 plurimi,
1247 1695 1400 1740 quamvis
1416 1695 1564 1739 polleant
1579 1695 1648 1739 ipsa
1663 1695 1726 1728 fide
1740 1695 1815 1739 plu-

216 1751 350 1783 rimum.
373 1752 474 1784 Aliud
490 1756 535 1784 est
560 1752 649 1784 enim
666 1752 746 1784 scire
763 1753 989 1785 tantummodo
1004 1753 1084 1797 quid
1101 1753 1198 1785 homo
1213 1753 1342 1785 credere
1357 1753 1472 1785 debeat
1487 1757 1618 1796 propter
1634 1752 1815 1796 adipiscen-

216 1808 290 1841 dam
308 1809 408 1841 vitam
424 1810 566 1851 beatam,
584 1810 673 1842 aliud
692 1814 738 1842 est
753 1811 834 1843 scire
849 1811 1013 1854 quomodo
1031 1810 1091 1843 hoc
1106 1811 1215 1855 ipsum
1232 1813 1261 1842 et
1276 1810 1337 1854 piis
1353 1809 1545 1854 opituletur,
1562 1809 1614 1842 vel
1629 1813 1740 1842 contra
1753 1809 1816 1842 im-

216 1866 285 1910 pios
300 1866 507 1908 defendatur,
525 1878 599 1911 quae
615 1868 749 1911 proprio
766 1869 924 1901 vocabulo
937 1868 1121 1912 appellatur
1136 1868 1280 1900 scientia.
1298 1879 1314 1897 1)
1335 1867 1379 1900 De
1396 1867 1446 1900 his
1461 1877 1593 1911 quoque
1606 1867 1735 1900 duabus
1750 1867 1817 1899 vir-

218 1923 341 1956 tutibus
357 1924 442 1956 idem
461 1925 669 1967 Augustinus
683 1925 901 1958 differentiam
917 1927 1001 1959 inter
1027 1937 1079 1959 eas
1094 1926 1263 1969 assignans
1286 1937 1381 1970 super
1396 1925 1546 1957 Psalmos
1567 1925 1613 1957 ait
1625 1925 1635 1942 ³
1653 1937 1660 1957 :
1681 1938 1698 1956 «
1710 1924 1815 1957 Distat

216 1981 372 2024 sapientia
387 1982 529 2025 quodam
547 1982 642 2014 modo
665 1994 684 2015 a
699 1983 845 2025 scientia,
864 1988 999 2016 testante
1020 1988 1129 2017 sancto
1144 1983 1205 2017 Job
1219 2009 1226 2024 ‚
1243 1983 1301 2027 qui
1317 1982 1460 2027 quodam
1477 1982 1573 2015 modo
1588 1982 1720 2025 singula
1733 1981 1815 2015 defi-

217 2039 309 2070 niens
324 2039 367 2071 ait
385 2041 394 2057 ⁶
412 2051 417 2070 :
435 2040 609 2083 Sapientia
636 2046 680 2073 est
691 2041 815 2084 pietas,
832 2042 971 2074 scientia
988 2053 1060 2074 vero
1076 2042 1240 2074 abstinere
1255 2053 1275 2073 α
1293 2040 1391 2073 malis
1408 2040 1467 2083 (b).
1488 2039 1645 2072 Pietatem
1660 2051 1737 2072 vero
1752 2039 1813 2073 hoc

216 2095 285 2127 loco
302 2096 409 2139 posuit
420 2097 477 2128 Dei
492 2097 632 2138 cultum,
650 2109 724 2141 quae
739 2109 842 2140 graece
859 2099 978 2131 dicitur
991 2099 1170 2131 Theosebia
1189 2102 1370 2141 (650525222),
1385 2108 1458 2141 quae
1474 2096 1568 2129 estin
1583 2096 1768 2139 cognitione
1782 2101 1814 2129 et

217 2153 388 2186 dilectione
403 2154 429 2197 ej
437 2166 484 2194 uS,
503 2154 591 2198 quod
607 2166 733 2198 semper
748 2160 814 2196 est,
832 2160 863 2188 et
884 2156 1197 2188 incommutabiliter
1213 2159 1344 2195 manet,
1360 2154 1447 2198 quod
1464 2154 1549 2185 Deus
1564 2159 1622 2186 est.
1640 2154 1813 2187 Abstinere

217 2221 294 2243 vero
310 2222 328 2242 a
342 2211 437 2243 malis
450 2216 496 2244 est
511 2212 545 2243 iu
562 2212 668 2245 medio
683 2224 789 2256 pravae
807 2213 946 2246 nationis
958 2213 1134 2257 prudenter
1143 2211 1341 2245 conversari.
1361 2224 1377 2242 »
1395 2211 1483 2243 Idem
1499 2222 1631 2255 quoque
1646 2211 1729 2244 inter
1743 2211 1814 2244 haec

218 2267 283 2299 duo
299 2272 407 2311 aperte
421 2268 625 2311 distinguens
640 2270 684 2301 ait
709 2270 743 2302 111
766 2270 849 2303 libro
865 2282 910 2303 ΧΠ
924 2297 931 2311 ,
952 2271 991 2303 cle
1009 2270 1170 2303 Trinitate
1187 2270 1197 2285 ὅ
1215 2282 1221 2301 :
1241 2282 1257 2300 «
1277 2268 1378 2300 Distat
1399 2268 1440 2300 ab
1454 2271 1653 2301 aeternorum
1668 2273 1812 2302 contem-

219 2324 362 2368 platione
379 2324 462 2357 actio
477 2336 543 2369 qua
558 2326 639 2358 hene
655 2327 781 2359 utimur
798 2329 1030 2372 temporalibus
1054 2329 1172 2368 rebus;
1190 2331 1220 2360 et
1235 2327 1293 2359 illa
1306 2326 1494 2370 sapientiae,
1512 2325 1582 2358 haee
1596 2326 1738 2359 scientiae
1754 2326 1810 2359 de-

219 2384 367 2424 putatur,
385 2383 535 2426 quamvis
551 2387 581 2414 et
597 2383 665 2425 illa,
683 2396 754 2428 quae
770 2385 933 2429 sapientise
953 2387 991 2428 (cl
1009 2391 1075 2427 est,
1093 2385 1192 2430 possit
1208 2384 1392 2428 nuncupari
1411 2383 1546 2416 scientia
1559 2409 1567 2425 ,
1583 2387 1621 2416 ut
1634 2383 1811 2428 Apostolus

219 2439 349 2480 asserit,
372 2439 428 2471 ubi
452 2439 528 2471 dicit
544 2440 554 2455 ‘³
573 2452 578 2471 :
596 2442 692 2474 Nunc
705 2442 770 2473 scio
790 2442 834 2485 (d)
851 2450 998 2486 exparte
1013 2456 1023 2475 .·
1039 2454 1137 2487 quam
1164 2441 1329 2474 scientiam
1345 2441 1487 2484 profecto
1502 2440 1808 2484 contemplationem

253 2518 345 2549 ¹Aug.y
360 2519 389 2542 (le
402 2519 500 2550 T1·z'u1't.,
513 2519 557 2543 lib.
574 2520 639 2549 XlV,
655 2528 677 2543 c.
695 2527 713 2549 i,
729 2528 754 2544 n.
771 2522 792 2544 3,
804 2535 834 2539 -
844 2522 868 2545 ΔἾ
888 2524 954 2552 Cura,
975 2530 1020 2553 x11‚
1038 2523 1117 2548 8.—⁸
1128 2523 1203 2553 Aug„
1214 2521 1355 2550 Eat-mma„
1371 2528 1392 2544 C-
1410 2526 1442 2550 Η»
1454 2527 1480 2544 Π·
1499 2519 1566 2550 ῙΞῘῘΕ
1578 2519 1676 2549 ΤΝἿΗῚἻ
1688 2520 1730 2543 fib·
1742 2521 1809 2550 mv»

218 2559 241 2575 ὓ·
257 2558 305 2582 ¹21³·
320 2556 342 2582 ¹;
356 2554 385 2577 de
396 2554 600 2584 SP1'1'1'l-01Lil!-‚
613 2562 635 2578 c·
646 2561 680 2579 Xl-
700 2562 726 2578 11-
745 2557 778 2578 lS-
794 2569 822 2573 ·-—
833 2556 904 2582 Ἰού,
917 2563 1008 2589 xxviii,
1022 2558 1141 2589 28‚juxta
1154 2563 1204 2581 Lxx
1217 2557 1377 2587 interpretes.
1391 2569 1421 2573 —
1432 2556 1527 2585 ⁵Aug.,
1537 2553 1567 2577 de
1585 2554 1686 2585 Triuia,
1696 2555 1738 2579 lib.
1749 2556 1810 2580 xu.

218 2596 240 2614 c.
252 2595 304 2619 xiv,
320 2598 345 2614 u.
358 2593 430 2615 22.-
442 2592 452 2608 θ
468 2592 475 2615 Ι
493 2592 561 2623 Cora,
578 2598 633 2622 xm,
652 2594 689 2616 12.

251 2634 281 2662 (a)
298 2636 357 2658 (lavi.
370 2636 430 2659 edit.
442 2636 507 2659 deest
520 2638 553 2659 et..
563 2650 592 2653 —
604 2636 636 2667 (b)
649 2637 723 2667 Vulg.
740 2637 800 2660 Ecce
815 2639 889 2661 linior
902 2640 1001 2663 Dounon*
1010 2659 1017 2669 ,
1032 2641 1085 2671 ipsa
1095 2642 1129 2663 est
1147 2640 1266 2669 snpientia
1278 2646 1285 2667 ,·
1299 2640 1322 2661 e!
1338 2636 1448 2660 recedere
1461 2644 1476 2659 (ι
1492 2634 1557 2658 malo
1569 2654 1574 2665 ‚
1587 2635 1764 2666 intelliqentia.
1778 2649 1808 2655 —-

221 2668 251 2699 (c)
267 2668 336 2692 Edit.
347 2670 436 2695 Bened.
449 2671 579 2701 sapientia.
594 2684 618 2688 -
632 2671 667 2701 (d)
683 2671 756 2702 Vulg.
769 2679 892 2703 coqnosco.
