2017 2948
579 203 674 234 DIST.
699 203 722 234 l.
746 204 863 235 PART.
889 204 923 234 11.
949 206 1039 236 ART.
1066 205 1103 236 11.
1129 205 1278 242 QUAEST.
1302 206 1340 236 ΙΙ.

160 280 257 311 penes
270 280 386 310 mares,
404 271 473 301 ideo
488 270 551 301 illis
564 270 636 301 data
650 270 719 307 fuit,
738 279 802 301 non
818 271 931 302 mulie-

161 324 260 355 ribus.

201 379 230 407 2.
255 377 303 407 Ad
327 376 404 407 illud
427 376 511 416 quod
535 375 694 415 oincitur,
717 376 806 415 quod
829 385 933 406 mem-

161 430 255 460 brum
270 429 347 459 illud
360 438 424 459 non
439 428 566 459 deberet
582 437 649 459 esse
662 452 669 465 ,
691 429 766 468 quia
779 431 826 459 est
841 438 932 459 vere-

161 483 299 513 cundum
311 507 319 520 ,
345 482 513 512 dicendum
537 481 620 521 quod
647 482 828 512 membrum
855 482 933 513 illud

161 536 299 567 maxime
309 535 515 566 conveniebat
525 535 751 574 significationi
767 535 931 566 circumci-

161 591 268 628 sionis,
276 592 306 621 et
316 590 472 621 efficaciae.
487 589 688 620 Circumcisio
697 589 782 619 enim
792 589 864 620 data
875 590 934 620 fuit

160 644 355 683 inpactum,
376 643 458 674 sicut
476 643 592 673 dicitur
609 642 641 672 in
666 642 790 673 Genesi¹
807 653 813 672 ;
830 646 859 673 et
874 643 933 673 hoc

160 699 287 736 pactum
301 698 348 727 est
357 696 521 734 certitudo,
537 696 623 735 quod
634 695 775 727 Christus
789 705 829 726 ex
838 698 933 735 gente

160 750 213 780 illa
227 752 308 780 essct
321 750 511 780 nasciturus.
532 749 604 780 Fuit
624 749 720 779 etiarn
742 749 814 779 data
830 749 864 779 in
881 758 933 780 re-

160 804 301 834 medium
311 805 418 833 contra
429 803 583 842 originale
594 804 755 843 peccatum
770 814 777 840 ;
794 802 879 833 unde
890 803 933 833 di-

160 856 240 887 citur
254 856 287 886 in
300 857 410 887 Genesi
422 859 433 874 2
449 867 455 886 :
473 856 646 893 Masculus,
661 855 754 894 cujus
768 864 841 888 caro
853 863 933 894 prce-

160 910 247 948 putu*
255 910 445 941 circmizci'sa
454 917 517 941 -ηοη
525 910 640 948 fuerit,
653 909 779 947 peribit,
792 910 850 939 etc.
864 908 934 939 Fuit

163 962 305 993 similiter
325 962 397 993 data
418 964 450 993 in
471 963 620 993 meritum
635 963 842 993 obedientiae:
863 971 932 993 me—

163 1016 228 1047 ruit
241 1016 327 1047 enim
341 1016 501 1047 Abraham
514 1040 522 1053 ,
538 1018 569 1046 et
583 1016 697 1056 posteri
712 1017 780 1056 ejus
788 1039 798 1054 ,
814 1016 858 1045 sic
873 1015 933 1046 Do-

164 1069 253 1100 mino
266 1069 452 1100 obediendo.
469 1068 541 1099 Fuit
556 1069 651 1100 etiam
666 1068 737 1100 data
751 1069 785 1099 in
801 1068 933 1108 signum

163 1123 368 1163 repressionis
394 1123 656 1162 concupiscentiae
670 1133 677 1153 :
714 1122 799 1153 unde
827 1122 934 1162 signat

161 1176 238 1217 quid
253 1176 292 1207 sit
306 1176 479 1215 agendum,
496 1176 562 1207 sive
574 1186 592 1207 a
604 1186 667 1216 quo
681 1176 721 1206 sit
733 1176 931 1207 cessandum.

161 1228 200 1260 Et
223 1229 298 1269 quia
323 1239 377 1269 per
400 1229 592 1269 praeputium
616 1231 661 1260 est
685 1229 847 1268 generatio
858 1252 865 1265 ,
890 1229 935 1259 sic

161 1282 310 1313 convenit
331 1284 421 1322 pacto
446 1281 671 1321 generationis.
695 1281 749 1312 Est
768 1282 934 1320 originalis

162 1335 262 1375 culpae
286 1335 478 1365 transfusio:
505 1337 535 1365 et
559 1335 603 1365 sic
626 1335 773 1365 convenit
795 1335 934 1365 remedio

162 1388 422 1428 circumcisionis,
438 1387 477 1418 Et
490 1388 523 1418 in
537 1387 692 1428 praeputio
704 1389 817 1427 regnat
830 1388 935 1418 inobe-

161 1441 278 1472 dientia
292 1443 323 1472 et
341 1441 612 1480 concupiscentia;
633 1441 672 1471 ab
694 1441 863 1481 oppositis,
881 1450 935 1480 per

161 1494 259 1534 ipsius
271 1494 546 1534 significationem,
558 1496 587 1525 et
597 1495 637 1524 ab
648 1494 715 1533 ipso
724 1494 838 1524 factam
851 1494 936 1524 abla-

159 1548 278 1579 tionem
290 1571 298 1584 ,
316 1550 347 1578 et
362 1549 501 1578 meretur
516 1547 709 1585 obedientla,
729 1549 759 1577 et
773 1546 935 1586 signitica—

159 1604 212 1632 tur
235 1601 426 1632 continentia
445 1612 452 1630 2
480 1600 549 1631 ideo
574 1601 747 1631 rectissime
772 1601 932 1631 convenit.

161 1654 249 1692 Quod
261 1663 338 1693 ergo
352 1654 477 1691 dicitur,
491 1653 575 1692 quod
589 1655 635 1683 est
647 1653 829 1684 membrum
843 1654 935 1693 igno-

159 1707 240 1746 bile;
257 1707 446 1745 dicendum,
463 1706 548 1746 quod
564 1707 605 1737 de
616 1706 665 1737 sui
683 1709 799 1737 natura
814 1709 859 1737 est
876 1716 935 1738 no-

159 1761 232 1799 bile,
245 1762 297 1792 sed
310 1762 427 1792 sactum
440 1763 487 1791 est
496 1760 637 1799 ignobile
649 1763 776 1801 propter
787 1761 912 1800 culpam
925 1773 932 1799 ;

161 1814 245 1846 unde
260 1824 316 1855 per
331 1814 508 1845 remedium
527 1813 711 1844 nobilitatur
727 1825 733 1844 :
756 1814 842 1844 unde
856 1814 932 1844 dici-

164 1869 235 1900 tur³
249 1869 332 1908 quod
349 1869 496 1900 membris
512 1868 753 1906 ignobilioribus
769 1868 934 1899 abundan-

161 1922 270 1953 tiorem
286 1921 434 1953 honorem
449 1921 684 1952 cii-cmnclamus
698 1930 708 1951 .·
724 1923 754 1951 et
769 1921 828 1951 hoc
842 1921 935 1952 intel-

160 1973 282 2012 ligitur,
309 1974 387 2004 dum
410 1973 610 2013 passionibus
635 1976 665 2004 et
689 1973 851 2004 desideriis
877 1974 934 2005 ob-

160 2026 275 2057 viatur.

200 2082 228 2110 3.
254 2079 301 2109 Ad
324 2079 401 2109 illud
423 2079 507 2119 quod
530 2079 686 2118 quaeritur
707 2079 745 2110 de
769 2081 932 2120 tempore,

160 2132 326 2163 dicendum
339 2156 346 2170 ,
368 2132 448 2163 sicut
462 2132 581 2162 dictum
595 2135 639 2163 est
653 2156 660 2170 ,
678 2133 761 2173 quod
776 2135 933 2173 quamtum

161 2185 199 2215 ad
221 2185 391 2215 efficaciam
415 2184 493 2215 nihil
514 2185 608 2216 facit:
633 2185 716 2216 unde
738 2195 830 2226 aequc
853 2186 932 2217 bene

162 2238 291 2268 curabat
301 2238 495 2268 circumcisio
508 2237 694 2278 proselytos
709 2240 746 2269 ut
755 2239 849 2269 etiam
862 2248 932 2278 par·
947 2265 951 2267 c

163 2290 254 2320 vulos
278 2301 284 2320 :
307 2293 353 2320 est
366 2292 473 2321 tamen
490 2292 699 2330 congruentia
717 2294 875 2331 quantum
891 2293 930 2323 ad

161 2343 436 2383 significationem.

200 2399 229 2427 4.
247 2396 335 2433 Quod
350 2396 498 2435 oincitur
512 2396 549 2427 de
564 2397 736 2436 baptismo,
761 2398 929 2430 dicendum

160 2450 243 2491 quod
258 2459 307 2479 res
323 2449 571 2479 circumcisionis
586 2452 652 2480 erat
667 2451 882 2490 circumcisio,
900 2455 931 2484 et

160 2512 178 2533 a
192 2503 284 2542 culpa
299 2504 328 2533 ct
341 2512 359 2532 a
374 2502 512 2532 miseria.
533 2501 736 2534 Circumcisio
751 2513 770 2535 a
786 2505 878 2545 culpa
893 2506 930 2536 si-

160 2556 370 2595 gnificabatur
393 2555 425 2585 in
451 2557 523 2585 actu
545 2556 576 2585 et
605 2557 757 2595 materia3
788 2559 842 2589 sed
866 2560 927 2589 cir—

159 2608 308 2639 cumcisio
323 2618 342 2639 a
359 2608 486 2638 miseria
510 2616 565 2646 per
581 2609 688 2639 actum
711 2613 742 2640 et
764 2613 927 2643 materiam

193 2671 307 2701 ¹Genes.‚
323 2677 384 2701 xvii,
403 2672 428 2694 13
451 2682 480 2688 —·
496 2669 589 2699 ⁷1bid„
607 2670 680 2696 14,-
698 2671 708 2688 Β
724 2672 730 2695 l
745 2672 812 2703 Cor„
827 2680 873 2705 xli,
887 2677 926 2701 23,

1700 207 1757 236 277

989 280 1054 302 non
1074 272 1313 311 significabatur
1328 285 1334 302 :
1352 274 1382 303 et
1403 273 1472 303 ideo
1491 282 1672 312 congruum
1702 273 1760 304 fuit

989 326 1115 364 tempus
1137 325 1272 364 addere,
1302 334 1359 365 per
1380 325 1465 365 quod
1487 326 1722 365 significaretur
1749 337 1756 357 ε

989 377 1163 417 baptismus
1192 380 1298 409 autem
1312 402 1319 415 ,
1344 378 1465 409 ratione
1489 378 1701 409 immersionis
1729 381 1760 410 et

989 430 1189 467 elevationis,
1213 440 1359 471 expresso
1380 431 1537 470 siguificat
1563 433 1697 462 mortem
1729 434 1760 462 et

990 484 1251 514 resurrectionem
1277 496 1283 515 ε
1310 484 1378 515 ideo
1405 494 1468 515 non
1496 484 1554 514 fuit
1578 493 1759 523 congruum

989 536 1102 567 addere
1120 548 1125 567 :
1144 538 1175 567 ct
1193 537 1237 567 sic
1253 537 1318 568 dies
1332 539 1463 569 octavus
1478 539 1526 567 est
1546 537 1585 567 de
1598 537 1678 567 hene
1693 545 1760 567 esse

989 589 1235 620 circumcisionis
1250 591 1405 630 quantum
1420 590 1459 621 ad
1472 590 1757 629 significationem;

989 644 1035 673 cst
1049 644 1156 673 tamen
1173 643 1210 674 de
1225 644 1407 674 necessitate
1425 645 1582 683 quantum
1598 643 1637 674 ad
1652 643 1758 673 obser-

988 695 1149 734 vantiam,
1170 696 1245 736 quia
1268 697 1350 727 cadit
1374 697 1407 727 in
1430 698 1596 736 praecepto.
1620 695 1658 727 Et
1680 695 1759 726 ratio

988 748 1086 788 hujus
1098 749 1157 780 fuit
1168 773 1176 787 ,
1193 749 1267 789 quia
1280 751 1515 780 sacramentum
1531 749 1608 779 illud
1624 748 1683 779 fuit
1697 757 1760 788 poe-

988 802 1078 833 nale:
1095 802 1165 833 ideo
1181 803 1320 842 oportuit
1334 803 1504 833 ohservare
1519 804 1643 842 tempus
1661 813 1667 832 :
1685 802 1758 841 quia

988 855 1014 885 si
1025 856 1098 886 ante
1106 857 1255 886 octavum
1264 856 1348 886 diem
1360 855 1649 893 circumcideretur,
1666 864 1759 895 prop-

988 910 1036 939 ter
1048 908 1292 938 teneritudinem
1307 910 1411 947 posset
1422 908 1544 948 perire3
1564 908 1590 937 si
1604 908 1688 938 ultra
1702 907 1760 937 dif-

988 961 1135 999 ferretur,
1152 963 1234 991 esset
1257 961 1434 1001 periculum
1457 963 1585 1001 propter
1606 962 1756 998 mortem,

988 1016 1020 1045 ct
1032 1014 1168 1045 libenter
1188 1014 1352 1045 differrent
1366 1016 1496 1054 propter
1512 1014 1671 1051 dolorem;
1690 1013 1760 1044 ideo

988 1067 1090 1098 voluit
1103 1068 1148 1098 eis
1162 1067 1316 1098 Dominus
1330 1068 1501 1107 praefigere
1514 1067 1700 1097 terminum.

1029 1123 1046 1151 5
1060 1122 1090 1152 et
1104 1123 1134 1152 6.
1151 1121 1198 1151 Ad
1220 1121 1298 1151 illud
1320 1121 1406 1160 quod
1421 1120 1580 1160 objicitur,
1606 1120 1690 1160 quod
1713 1122 1760 1150 est

989 1175 1027 1205 de
1051 1175 1234 1205 necessitate
1263 1173 1433 1214 przecepti,
1459 1173 1529 1204 ideo
1551 1182 1615 1204 non
1638 1174 1760 1213 poterat

990 1228 1108 1259 differri
1122 1251 1129 1265 ,
1146 1237 1204 1258 nec
1217 1227 1389 1267 praeveniri
1404 1227 1470 1257 sine
1487 1228 1633 1266 peccato3
1655 1226 1760 1256 dicen-

990 1281 1067 1312 dum
1080 1281 1163 1321 quod
1179 1280 1261 1311 circa
1275 1280 1334 1310 hoc
1347 1280 1464 1320 duplex
1478 1280 1539 1310 fuit
1553 1279 1661 1319 opinio
1675 1289 1680 1308 :
1696 1288 1761 1309 una

991 1335 1138 1374 quidem,
1158 1335 1241 1374 quod
1264 1333 1434 1373 praeveniri
1457 1342 1521 1363 non
1537 1334 1679 1372 poterat,
1702 1341 1760 1363 nec
1777 1341 1868 1368 omnim

991 1387 1109 1418 differri
1131 1388 1199 1418 sine
1225 1388 1371 1427 peccato,
1394 1387 1455 1417 nisi
1480 1385 1686 1417 interveniret
1706 1384 1761 1416 Dei

991 1441 1178 1479 auctoritaS,
1194 1440 1245 1472 vel
1261 1441 1356 1471 etiam
1371 1440 1540 1470 necessitas
1558 1450 1564 1470 :
1582 1441 1612 1470 et
1629 1441 1762 1479 utraque

991 1494 1049 1525 fuit
1064 1494 1097 1524 in
1113 1494 1209 1531 viris,
1236 1493 1292 1533 qui
1318 1494 1446 1523 fuerunt
1464 1493 1497 1523 in
1519 1492 1641 1523 deserto
1663 1492 1762 1522 incir—

991 1547 1138 1586 cumcisi,
1158 1548 1193 1578 ut
1209 1547 1316 1578 dicunt
1332 1557 1338 1576 ι
1355 1546 1539 1583 necessitas,
1558 1546 1688 1585 propter
1702 1554 1757 1585 pe—

991 1601 1130 1632 riculum
1142 1625 1149 1639 ,
1166 1600 1241 1640 quia
1264 1599 1303 1630 ad
1318 1601 1442 1630 motum
1466 1599 1562 1630 nubis
1585 1598 1760 1630 moveban-

991 1656 1054 1692 tur,
1069 1655 1099 1684 et
1113 1653 1182 1684 ideo
1197 1653 1472 1683 circumcisionem
1487 1661 1615 1683 servare
1631 1661 1696 1682 non
1710 1661 1763 1692 po-

991 1708 1114 1746 terant3
1131 1706 1239 1738 divina
1253 1707 1347 1737 etiam
1362 1706 1532 1737 auctoritas
1555 1705 1614 1736 fuit
1634 1705 1763 1745 dispen-

992 1770 1083 1799 sans,
1102 1760 1176 1800 quia
1191 1760 1223 1790 in
1240 1760 1361 1790 deserto
1376 1761 1480 1798 erant,
1496 1760 1530 1789 in
1547 1768 1609 1799 quo
1625 1768 1691 1790 non
1706 1768 1762 1799 po-

993 1815 1094 1844 terant
1110 1813 1260 1852 gentihus
1275 1813 1486 1851 commisceri,
1505 1822 1563 1843 nec
1577 1812 1763 1851 indigebant

992 1867 1157 1905 distingui.
1176 1866 1316 1904 Rursus,
1334 1866 1487 1896 Dominus
1502 1866 1604 1896 voluit
1618 1865 1658 1895 ob
1673 1865 1760 1904 figu-

993 1929 1062 1950 ram
1077 1919 1352 1949 circumcisionem
1373 1918 1490 1949 differri
1506 1943 1513 1957 ,
1533 1921 1568 1949 ut
1583 1927 1648 1948 una
1663 1927 1760 1957 geue-

992 1972 1066 2003 ralis
1081 1972 1278 2003 circumcisio
1289 1973 1375 2002 tieret
1388 1972 1420 2002 in
1434 1974 1518 2002 terra
1530 1971 1759 2012 promissionis,

992 2026 1026 2056 in
1041 2027 1171 2065 signum
1184 2025 1268 2056 illius
1280 2050 1287 2064 ,
1304 2035 1377 2065 quae
1392 2025 1499 2055 futura
1513 2027 1581 2055 erat
1594 2022 1629 2055 in
1646 2025 1758 2064 patria.

992 2080 1029 2111 Et
1039 2080 1089 2110 isti
1102 2079 1226 2117 dicunt,
1244 2078 1327 2118 quod
1341 2078 1415 2109 side
1428 2078 1571 2118 parvulis
1583 2078 1759 2115 timeretur,

991 2133 1076 2173 quod
1090 2134 1216 2172 tempus
1238 2131 1485 2162 circumcisionis
1508 2133 1629 2172 poterat
1652 2134 1682 2162 et
1707 2132 1760 2163 de-

990 2187 1084 2217 bebat
1102 2185 1272 2226 praeveniri
1291 2195 1298 2215 :
1316 2185 1459 2225 alioquin
1481 2194 1560 2225 puer
1583 2185 1760 2216 damnaba-

990 2241 1055 2278 tur,
1071 2239 1152 2269 sicut
1168 2239 1261 2269 modo
1277 2239 1446 2269 damnatur
1466 2248 1547 2278 puer
1566 2247 1631 2269 non
1655 2238 1759 2278 bapti-

990 2296 1088 2323 zatuS.
1114 2292 1175 2323 Sed
1198 2292 1267 2322 haec
1283 2291 1395 2331 positio
1406 2316 1414 2330 ,
1432 2291 1504 2322 licet
1519 2291 1691 2331 probabilis
1709 2291 1758 2321 vi·
1774 2301 1872 2328 nupt-ob,

989 2346 1110 2384 deatur,
1134 2348 1241 2376 tamen
1260 2345 1341 2375 mori
1366 2347 1525 2384 repugnat
1547 2344 1733 2375 Judaeorum
1748 2369 1756 2383 ,

988 2409 1084 2440 quem
1097 2408 1183 2429 nunc
1198 2398 1384 2436 observant,
1403 2399 1433 2428 et
1446 2397 1593 2428 credibile
1609 2399 1655 2427 est
1671 2397 1756 2437 quod

987 2462 1006 2483 a
1026 2452 1168 2492 patribus
1187 2453 1376 2492 acceperunt
1393 2461 1400 2482 :
1418 2451 1544 2482 nullum
1570 2450 1657 2481 enim
1683 2451 1757 2481 ante

987 2508 1136 2537 octavum
1150 2505 1234 2536 diem
1243 2504 1482 2535 circumcidunt.
1496 2503 1756 2534 Contrarietatem

987 2559 1083 2590 etiam
1096 2559 1191 2590 hahet
1208 2559 1240 2588 in
1255 2558 1358 2598 seipsa
1375 2568 1383 2589 :
1402 2557 1479 2597 quia
1493 2556 1518 2586 si
1533 2556 1573 2587 ob
1588 2556 1756 2587 necessita-

986 2614 1051 2643 tem
1068 2614 1189 2652 poterat
1203 2611 1342 2648 differri,
1359 2620 1432 2641 cum
1454 2609 1608 2650 parvulus
1633 2611 1701 2640 erat
1722 2609 1755 2640 in

988 2666 1081 2705 gravi
1106 2665 1308 2702 infirmitate,
1336 2673 1400 2695 non
1426 2663 1557 2694 debebat
1580 2662 1754 2696 secundum
