2017 2948
129 582 194 607 ness..

105 614 130 634 ari
143 614 181 633 ult.

92 644 195 672 plosuml.

207 157 264 185 120
763 151 1070 184 SENTENTlARUM
1093 152 1166 184 LlB.
1190 153 1242 184 ΠΙ.

206 222 318 251 neuter
346 222 452 251 tamen
488 222 534 250 est
570 221 658 250 actus
686 221 756 259 eJus
784 219 976 259 principalis.

209 273 296 305 Unde
320 274 403 304 inter
436 273 511 304 istos
540 272 620 303 duos
641 272 764 303 medius
788 272 869 302 cadit
891 274 979 302 actus

209 326 392 357 consiliandi
407 349 414 364 ‚
427 326 549 356 ratione
564 326 655 364 cujus
670 328 700 355 et
714 325 765 355 alii
781 325 898 355 habent
913 333 979 354 esse

208 379 281 410 doni
297 378 428 410 consilii.
447 378 578 418 Propter
595 378 679 417 quod
695 387 758 407 non
774 377 908 407 absurde
922 386 979 417 po-

209 434 268 463 test
283 432 342 462 dici
356 455 365 469 ,
381 431 464 471 quod
488 433 576 461 actus
590 430 663 460 doni
680 430 801 460 consilii
825 432 870 459 cst
894 430 979 469 seip-

209 495 281 517 sum
294 495 418 525 regere,
436 488 466 516 et
482 485 626 521 ulterius,
643 494 717 514 cum
733 484 882 521 abundat,
901 484 980 514 scire

210 540 243 570 in
257 539 410 570 consimili
427 539 562 569 alterum
575 538 728 577 adiuvare
743 540 773 567 et
789 537 937 576 dirigere.

250 596 278 623 1.
296 593 344 623 Ad
362 592 436 622 illud
453 591 538 631 quod
559 591 662 630 primo
678 590 826 629 objicitur
848 590 879 619 in
905 599 979 620 con-

211 646 344 677 trarium
358 669 366 682 ‚
382 645 466 685 quod
482 644 650 674 consilium
674 646 720 673 est
739 643 981 682 justificationes

212 700 381 730 observare
392 721 401 735 ‚
419 697 588 727 dicendum
604 696 687 735 quod
701 696 743 726 ibi
759 705 823 725 non
837 696 981 734 tangitur

211 755 300 783 aetus
323 751 445 782 consilii
469 749 671 790 p1·incipaliS‚
699 749 751 779 sed
773 758 979 788 consequens

212 805 290 836 Nam
305 804 378 835 doni
400 802 520 833 consilii
544 804 591 832 est
613 802 768 841 dirigere3
787 802 838 832 sed
854 802 982 832 alterius

212 855 286 886 doni
302 857 348 885 est
364 853 478 893 exequi
494 855 523 883 et
538 853 656 883 facere:
676 855 705 883 et
717 853 982 892 Justiflcationum

212 908 391 938 observatio
407 916 471 937 non
492 906 676 936 attribuitur
700 906 760 945 ipsi
782 906 912 936 consilio
928 915 983 946 per

213 972 245 993 se
260 964 291 993 et
302 961 423 1000 primo;
440 961 492 990 sed
507 960 545 989 ad
556 959 798 998 justificationes
811 960 983 990 observan-

213 1016 268 1046 das
279 1039 286 1052 ‚
307 1014 436 1044 directio
458 1014 490 1042 in
505 1014 577 1043 actu
592 1013 792 1043 attribuenda
803 1015 848 1042 est
863 1013 983 1043 consilii

214 1069 306 1099 dono.
335 1067 563 1098 Verumtamen
592 1065 676 1104 quod
711 1065 785 1095 dicit
823 1066 983 1109 nemi-nem

215 1119 373 1151 consiliari
401 1119 439 1149 de
462 1128 499 1149 eo
523 1118 607 1157 quod
628 1118 794 1156 observat,
812 1127 877 1148 non
892 1118 986 1149 hahet

214 1173 400 1210 veritaten1;
422 1172 497 1211 quia
523 1180 618 1201 nemo
644 1173 727 1201 recte
741 1171 904 1207 observat,
923 1172 985 1201 nisi

215 1235 306 1256 suam
326 1224 580 1255 observationem
596 1223 750 1253 rectitudo
765 1223 799 1253 in
814 1224 986 1254 consilian-

216 1333 373 1368 sitionem,
402 1331 452 1362 vel
479 1330 585 1361 saltem
616 1333 771 1370 quantum
801 1331 839 1360 ad
865 1330 987 1361 consilii

216 1385 464 1425 dispositionem.

255 1439 284 1468 2.
300 1438 348 1468 Ad
364 1437 439 1467 illud
454 1437 538 1477 quod
554 1437 714 1475 objicitur,
731 1436 815 1475 quod
831 1437 988 1467 consiliari

217 1493 264 1521 est
290 1490 476 1530 ignorantis,
498 1489 578 1519 sieut
598 1489 673 1519 dicit
695 1489 925 1527 Damascenus,
942 1490 989 1520 di-

219 1544 355 1574 cendum
379 1543 463 1582 quod
480 1542 556 1572 illud
572 1544 619 1572 est
631 1551 745 1572 verum
757 1566 765 1579 ,
782 1545 876 1581 prout
890 1543 990 1573 consi-

218 1597 290 1627 liari
320 1596 403 1626 illem
418 1598 486 1633 est,
511 1594 595 1634 quod
616 1594 782 1625 consilium
807 1595 988 1634 inquirei·e;

220 1659 284 1679 non
303 1652 411 1679 autem
426 1650 519 1688 prout
538 1647 695 1678 consiliari
718 1647 801 1678 idem
823 1650 890 1686 est,
907 1649 990 1688 quod

221 1705 253 1735 in
275 1704 382 1735 arduis
406 1703 558 1742 eligendis
581 1702 731 1742 dirigere.
753 1703 790 1733 Et
816 1703 875 1733 hoe
899 1705 992 1734 modo

222 1757 381 1789 consiliari
392 1758 438 1787 est
455 1759 544 1787 actus
557 1756 658 1796 ipsius
671 1756 812 1795 consilii,
830 1759 860 1788 et
878 1758 937 1788 fuit
960 1758 993 1788 in

223 1811 344 1841 Christo
359 1821 366 1841 z
385 1812 417 1840 et
439 1809 614 1840 secundum
630 1809 725 1839 istum
741 1810 872 1840 modum
886 1810 994 1841 divina

224 1863 385 1903 dispositio
404 1863 437 1892 in
461 1862 528 1898 his,
551 1870 623 1902 qnae
648 1864 767 1892 secreta
790 1866 881 1901 sunt,
896 1864 996 1894 consi-

224 1918 303 1947 lium
316 1916 505 1956 appellatur.

267 1972 295 2000 3.
314 1969 361 2000 Ad
377 1969 452 1999 illud
469 1969 554 2008 quod
568 1969 727 2008 objicitur,
744 1969 829 2008 quod
845 1969 926 1999 sicut
940 1969 996 1999 ad-

227 2023 346 2053 discere
365 2032 398 2053 se
416 2022 511 2052 habet
533 2022 572 2051 ad
596 2022 686 2058 scire,
712 2022 754 2051 ita
783 2023 939 2052 consiliari
958 2024 996 2053 ad

228 2076 357 2114 eligere,
373 2074 541 2105 dicendum
561 2074 643 2113 quod
662 2083 778 2114 (verum
803 2077 859 2112 est,
882 2084 994 2105 seeun-

230 2128 307 2158 dum
328 2128 412 2167 quod
431 2127 603 2157 consiliatio
623 2126 706 2156 idern
733 2129 797 2164 est,
818 2127 900 2166 quod
922 2136 995 2157 con-

231 2180 292 2210 silii
307 2180 477 2220 inquisitio.
503 2179 683 2209 Secundum
709 2183 815 2209 autem
830 2180 913 2219 quod
928 2189 999 2209 con—

229 2233 344 2264 siliatio
375 2233 458 2263 idem
491 2235 552 2270 est,
587 2232 670 2271 quod
698 2232 829 2262 discreta
852 2235 882 2262 et
915 2235 998 2263 recta

230 2286 394 2326 dispositio
420 2288 451 2316 et
481 2285 652 2322 ordinatio,
679 2285 723 2314 sic
747 2294 811 2315 non
843 2294 876 2315 se
905 2285 999 2315 habet

231 2339 286 2369 illo
308 2338 414 2375 modo,
439 2338 515 2378 quia
539 2338 610 2367 talis
632 2338 794 2377 dispositio
816 2338 930 2377 regula
954 2340 1000 2368 est

232 2395 262 2423 et
285 2391 480 2432 principium
502 2393 584 2421 recte
606 2390 763 2428 eligendi,
790 2393 820 2421 et
849 2391 919 2421 ideo
947 2400 998 2421 ac-

232 2448 284 2475 tus
294 2447 341 2475 est
348 2444 422 2475 doni
435 2443 563 2484 perfecti
577 2452 583 2472 :
596 2445 626 2474 et
640 2443 700 2473 hoe
711 2443 804 2473 modo
819 2443 1000 2483 accipiendo

264 2543 271 2558 ¹
284 2542 322 2572 Cf.
336 2544 361 2566 5.
376 2542 494 2572 Thomas,
512 2542 578 2569 ll-ll,
595 2548 620 2572 q.
634 2546 725 2568 cxxm,
741 2542 788 2564 art.
801 2543 824 2570 3;
841 2542 865 2564 et
876 2541 906 2564 ΙΙΙ
920 2542 1000 2572 sent„

233 2577 290 2601 (list.
307 2583 402 2606 xxxxii,
416 2585 440 2608 q.
463 2584 486 2607 1,
502 2579 549 2601 art.
566 2579 594 2607 2,-
611 2579 635 2600 et
651 2576 680 2600 de
701 2576 803 2603 virtut„
821 2583 846 2606 q.
867 2582 888 2605 1,
909 2579 955 2602 art.
970 2578 999 2607 ³¹3

232 2612 386 2641 Richardus,
402 2612 431 2636 ΙΙΙ
450 2613 528 2643 Sent.‚
544 2613 601 2637 dist.
617 2617 696 2642 xxxv,
715 2612 762 2636 art.
781 2613 811 2641 3,
826 2618 850 2642 q.
866 2617 888 2641 1;
911 2612 998 2642 Steph.

1035 228 1099 249 non
1114 221 1161 250 est
1182 219 1284 250 simile
1305 219 1388 251 inter
1402 219 1564 250 'consiliari
1583 222 1613 250 et
1634 219 1803 251 addiscere·

1074 275 1103 302 4.
1121 272 1168 302 Ad
1179 272 1257 303 illud
1269 272 1353 312 quod
1367 272 1526 312 objicitur,
1538 273 1623 312 quod
1638 273 1805 304 consilium

1035 324 1160 355 ordinat
1181 325 1219 355 ad
1244 334 1281 356 ea
1304 334 1376 365 quae
1401 328 1474 355 sunt
1500 325 1804 366 supererogationis,

1034 377 1203 408 dicendum
1218 378 1302 417 quod
1326 378 1395 408 licet
1410 379 1478 415 ista,
1497 387 1569 418 quae
1583 381 1657 409 sunt
1677 387 1805 418 supere-

1035 431 1222 469 rogationis,
1241 431 1317 461 inse
1332 431 1395 461 sint
1404 432 1499 468 bona,
1509 433 1542 461 et
1552 431 1657 470 magis
1669 431 1764 469 hona;
1773 431 1807 461 in

1036 484 1080 513 eis
1104 486 1209 514 tamen
1232 484 1353 514 facilius
1375 484 1479 514 deficit
1499 484 1669 514 infirmitas
1686 486 1806 520 nostra,

1035 536 1096 566 nisi
1116 537 1250 576 juvetur
1270 546 1326 576 per
1347 536 1488 567 divinam
1514 537 1662 575 gratiam,
1690 539 1756 567 tam
1775 537 1808 567 in

1036 589 1241 628 expediendo,
1258 598 1355 629 quam
1371 590 1403 619 in
1419 589 1580 628 eligendo,
1597 599 1695 630 quam
1710 590 1806 620 etiam

1036 642 1070 672 in
1085 642 1286 682 exequendo:
1305 642 1390 672 unde
1410 642 1502 672 multi
1521 642 1686 681 refugiunt
1705 645 1736 673 et
1750 643 1806 673 ab·

1036 695 1168 725 horrent
1182 695 1249 734 ipsa
1260 694 1392 725 consilia
1403 694 1418 724 J
1422 704 1478 725 {ssu
1490 694 1616 732 Christi,
1631 696 1688 735 qui
1702 698 1810 726 tamen

1037 757 1103 778 esse
1125 749 1256 787 possunt
1275 747 1308 777 in
1333 749 1415 777 statu
1427 747 1574 786 justitiae;
1593 750 1624 778 et
1646 750 1811 788 propterea

1037 803 1181 841 respectu
1195 800 1305 830 talium
1319 802 1534 839 opportunum
1545 803 1592 831 est
1604 800 1725 831 donum
1740 809 1811 832 eon-

1037 854 1109 892 silii,
1127 854 1211 884 ultra
1225 853 1346 884 donum
1361 853 1512 890 scientiae,
1530 855 1560 884 et
1570 853 1720 884 virtutem
1732 862 1810 893 pru-

1037 907 1163 944 dentiae,
1179 909 1210 936 et
1225 906 1370 945 regulam
1386 905 1472 936 fidei.

1079 962 1107 990 5.
1133 960 1180 990 Ad
1205 959 1282 989 illud
1306 968 1383 989 vero
1410 958 1494 998 quod
1516 958 1630 989 ultimo
1651 959 1810 999 objicitur,

1039 1013 1123 1052 quod
1145 1012 1303 1043 consiliari
1325 1014 1372 1041 est
1392 1014 1480 1041 actus
1500 1011 1600 1051 ipsius
1619 1012 1810 1051 prudentiae,

1035 1067 1104 1105 jam
1120 1068 1203 1105 patet
1216 1065 1347 1095 solutio:
1361 1064 1452 1095 aliter
1466 1064 1551 1094 enti:
1565 1066 1611 1094 est
1626 1065 1725 1104 ipsius
1741 1074 1814 1104 pru-

1040 1119 1164 1155 dentiae,
1181 1116 1249 1148 tum
1269 1118 1390 1148 ratione
1407 1117 1538 1157 objecti,
1557 1120 1627 1148 tum
1648 1117 1743 1148 etiam
1760 1126 1812 1148 ra-

1040 1172 1124 1202 tione
1139 1171 1234 1208 modi,
1251 1180 1347 1210 quam
1359 1170 1398 1199 sit
1413 1170 1511 1210 ipsius
1524 1170 1599 1201 doni
1609 1169 1741 1200 consilii.
1759 1170 1814 1201 Est

1041 1225 1127 1255 enini
1142 1224 1243 1254 multo
1264 1223 1480 1254 excellentiori
1504 1223 1598 1253 modo
1615 1233 1622 1253 ε
1649 1226 1718 1253 tum
1739 1223 1815 1263 quia

1042 1287 1089 1313 ea,
1107 1279 1187 1308 circa
1201 1286 1273 1316 quae
1288 1279 1445 1313 versatur,
1457 1278 1531 1306 sunt
1546 1276 1652 1314 magis
1667 1276 1769 1306 ardua
1784 1278 1816 1307 et

1042 1330 1241 1366 excellentia,
1268 1331 1336 1359 tum
1361 1329 1454 1359 etiam
1483 1329 1559 1368 quia
1579 1337 1693 1367 regere
1719 1328 1816 1360 habet

1042 1383 1216 1413 secundum
1232 1382 1386 1421 principia
1399 1381 1510 1412 altiora
1533 1391 1540 1411 :
1562 1384 1592 1412 et
1607 1381 1676 1412 ideo
1692 1381 1814 1412 donum

1044 1436 1121 1466 illud
1137 1435 1266 1466 nomine
1281 1434 1403 1465 consilii
1414 1434 1505 1464 valde
1517 1434 1645 1474 proprie
1656 1436 1812 1465 censetur.

1044 1489 1091 1519 Ex
1107 1489 1155 1518 liis
1169 1497 1249 1526 ergo
1271 1487 1472 1517 manifestum
1488 1489 1552 1522 est,
1568 1487 1640 1526 quis
1660 1487 1700 1516 sit
1717 1486 1815 1525 hujus

1045 1542 1117 1572 doni
1133 1543 1231 1578 aetus,
1249 1543 1279 1570 et
1300 1540 1377 1579 quid
1391 1540 1562 1579 objectum,
1580 1541 1610 1570 et
1631 1548 1704 1579 quae
1727 1539 1817 1570 diffe-

1045 1595 1145 1625 rentia
1162 1594 1260 1633 ipsius
1280 1594 1425 1632 respectu
1441 1592 1578 1622 aliorum
1592 1591 1772 1630 habituum,
1789 1593 1820 1623 et

1046 1657 1144 1688 quare
1159 1647 1254 1677 etiam
1268 1646 1312 1676 sic
1326 1645 1521 1676 nominetur.

1315 1731 1466 1769 QUAESTl
1473 1731 1495 1764 Ο
1517 1731 1554 1763 V.

1048 1800 1092 1825 An
1108 1800 1179 1825 actus
1203 1798 1267 1824 dom·
1287 1797 1460 1830 fortitudinis
1483 1797 1607 1823 consistat
1626 1795 1817 1830 principaliter

1226 1843 1296 1868 circa
1308 1843 1445 1876 passiones
1456 1840 1608 1868 tolerandas
1623 1841 1642 1866 ¹.

1090 1910 1166 1947 Quis
1181 1910 1219 1940 sit
1239 1911 1327 1939 actus
1344 1908 1493 1948 proprius
1516 1908 1590 1939 doni
1615 1907 1819 1947 fortitudinis,
1836 1925 1942 1947 Fundam.

1051 1966 1081 1994 et
1096 1963 1172 2003 quid
1184 1964 1253 2002 eJus
1263 1963 1421 2001 ohJectum
1433 1972 1441 1999 3
1452 1964 1483 1992 et
1494 1963 1540 1991 est
1550 1961 1695 2001 quaestio,
1712 1962 1823 1991 utrum

1051 2019 1139 2047 actus
1154 2016 1226 2046 doni
1237 2015 1430 2045 fortitudinis
1444 2014 1658 2054 principaliter
1674 2013 1824 2045 consistat

1052 2069 1134 2099 circa
1149 2068 1311 2107 passiones
1328 2067 1518 2103 tolerandas,
1534 2075 1574 2096 an
1592 2066 1676 2096 circa
1698 2065 1824 2105 cupidi-

1052 2124 1130 2152 tates
1143 2120 1369 2160 reprimendas.
1387 2119 1424 2149 Et
1445 2119 1529 2158 quod
1546 2118 1762 2158 principaliter
1785 2118 1825 2148 sit

1053 2179 1135 2209 circa
1156 2178 1314 2218 passiones
1338 2176 1535 2213 tolerandas,
1565 2176 1693 2206 videtur
1720 2176 1824 2216 primo

1053 2242 1108 2272 per
1123 2231 1323 2270 Gregorium‚
1348 2230 1402 2270 qui
1418 2230 1503 2266 dicit,
1520 2238 1616 2270 super
1631 2229 1825 2269 principium

1053 2285 1107 2317 Job
1125 2290 1144 2323 ²,
1163 2284 1246 2324 quod
1271 2283 1464 2313 fortitudinis
1478 2283 1552 2313 doni
1573 2284 1619 2313 est
1637 2282 1712 2312 dare
1727 2281 1823 2322 trepi-

1054 2338 1140 2369 danti
1155 2336 1377 2367 confidentiam
1395 2346 1401 2365 z
1420 2335 1473 2366 sed
1495 2335 1661 2375 trepidatio
1686 2334 1825 2365 maxime

1055 2393 1112 2428 est,
1129 2390 1255 2430 quando
1279 2389 1425 2418 imminet
1450 2388 1628 2428 periculum
1644 2387 1798 2427 passionis
1815 2397 1822 2416 :

1055 2452 1132 2483 ergo
1148 2443 1272 2473 videtur
1287 2442 1372 2481 quod
1386 2441 1467 2472 circa
1481 2440 1667 2480 hujusmodi
1686 2439 1824 2471 maxime

1055 2496 1203 2528 consistat
1217 2497 1304 2526 actus
1321 2494 1513 2525 fortitudinis
1523 2493 1607 2525 doni.

1057 2576 1160 2606 mules,
1175 2576 1204 2599 ΙΙΙ
1216 2576 1293 2604 sent„
1305 2575 1362 2598 dist.
1376 2580 1454 2604 xxxv,
1470 2581 1495 2605 q.
1511 2579 1550 2598 111.
1560 2584 1589 2590 -
1599 2573 1610 2590 ⁹
1624 2573 1709 2603 Greg.‚
1722 2571 1824 2601 Moral„

1056 2612 1098 2635 lib.
1115 2612 1133 2641 l,
1150 2618 1171 2634 c.
1188 2616 1230 2635 xvi
1245 2612 1269 2634 et
1282 2616 1364 2634 xxxn.
