2017 2948
110 452 160 476 Qum
188 452 214 472 sit

124 482 201 502 intelli-

124 513 194 539 gentis

110 544 202 570 praetnis-

121 581 200 596 sorum.

236 141 293 170 586
781 135 1089 168 sexrizx'mnuu
1111 138 1186 170 Lm.
1211 139 1259 170 tv.

233 205 416 250 ligendum.
432 204 489 237 Ait
503 203 590 236 enim
603 203 678 236 sic¹:
695 215 711 233 «
722 204 814 242 Quod
831 214 934 246 genus
952 204 1135 238 humanum
1151 205 1306 247 diluvio’,
1323 206 1507 240 Sodomitas
1519 207 1594 250 igue
1610 207 1633 248 ⁸,
1648 207 1822 253 AEgyptios

234 263 316 298 mari
335 262 358 303 ⁴,
374 266 405 295 et
419 261 580 294 Israelitas
599 261 633 293 in
652 272 760 293 eremo
775 263 784 278 ⁵
800 261 955 304 perdidit,
978 262 1088 295 scitote
1110 263 1181 296 ideo
1203 264 1424 308 temporaliter
1442 275 1500 308 pro
1521 264 1657 308 peccatis
1676 265 1820 308 punisse,

234 333 275 355 ne
291 321 324 353 in
340 324 497 354 aeternum
514 319 645 363 puniret
662 331 668 351 τ
686 319 763 363 quia
778 330 844 351 non
861 318 1041 352 vindicabit
1055 322 1141 353 Deus
1157 321 1204 354 bis
1219 322 1253 354 in
1272 322 1427 366 idipsum.
1446 322 1509 362 Qui
1525 333 1601 365 ergo
1612 322 1719 366 puniti
1733 327 1821 363 sunt,

234 383 343 424 postea
358 390 424 411 non
440 377 620 422 punientur
637 391 643 409 :
661 376 805 420 alioquin
822 377 979 409 mentitur
994 377 1162 422 Scriptura
1179 391 1186 410 :
1204 379 1291 422 quod
1308 380 1397 411 nefas
1411 384 1458 412 est
1470 379 1586 412 dicere.
1604 392 1620 409 »

277 436 416 470 Attende
431 463 438 478 ,
455 436 580 475 Lector,
599 434 647 466 his
664 435 770 466 vorbis
781 460 788 474 ‚
807 439 837 466 et
851 446 928 467 cave
944 446 984 467 ne
1000 435 1039 468 de
1060 436 1214 468 omnibus
1236 436 1432 477 generaliter
1448 437 1631 479 intelligas3
1648 437 1701 469 sed
1717 437 1756 470 de
1771 437 1823 470 his

234 499 381 536 tantum,
398 494 452 539 qui
477 494 560 525 inter
584 493 653 536 ipsa
674 492 803 535 flagella
819 492 1043 536 poenitentiam
1062 497 1219 535 egerunt,
1235 494 1401 526 credentes
1415 494 1449 526 in
1463 494 1567 526 Deum
1581 493 1795 529 Hebraeorum
1812 507 1819 527 :

234 565 334 598 quam
355 552 413 584 etsi
436 552 568 583 brevem
592 553 623 581 et
649 554 928 591 momentaneam,
954 554 1061 583 tamen
1085 562 1149 583 non
1175 551 1297 595 respuit
1324 551 1421 583 Deus.
1447 551 1541 590 Quod
1557 556 1665 584 autem
1686 552 1743 596 qui
1767 563 1824 596 per

235 610 410 655 temporale
436 608 603 649 flagellum
630 619 694 641 non
719 607 951 650 corriguntur,
980 612 1051 652 post
1073 608 1269 640 {eternaliter
1292 608 1488 652 puniantur,
1511 608 1634 641 ibidem
1662 608 1823 650 ostendit,

233 680 332 711 agens
345 667 384 700 de
400 666 488 699 fideli
503 665 703 709 deprehenso
719 665 753 697 in
769 665 930 697 adulterio
944 691 951 706 ‚
972 665 1030 709 qui
1045 665 1234 698 decollatur.
1252 665 1316 698 Ubi
1331 665 1471 698 ostendit
1485 666 1572 698 levia
1588 670 1716 710 peccata
1731 666 1824 700 brevi

234 730 265 759 et
281 724 452 769 temporali
467 723 628 768 supplicio
643 723 778 767 purgari
790 749 797 763 ,
815 734 934 765 magna
953 734 1029 756 vero
1051 723 1216 756 diuturnis
1240 723 1433 767 aeternisque
1455 724 1623 768 suppliciis
1642 723 1823 765 reservari,

234 784 278 816 ita
299 782 450 827 inquiens
465 782 499 813 ⁸:
521 781 681 820 «Quaerat
705 781 756 812 hic
782 781 922 824 aliquis,
947 781 973 813 si
1000 780 1106 813 fidelis
1129 780 1350 825 deprehensus
1373 781 1407 813 in
1435 781 1597 814 adulterio
1621 781 1823 822 decolletur,

234 840 313 886 quid
331 840 370 873 de
385 851 422 872 eo
438 843 546 883 postea
561 838 640 870 fiet?
657 838 725 870 Aut
739 838 827 870 enim
846 839 1024 882 punietur,
1042 843 1073 870 et
1089 838 1207 870 salsum
1230 842 1276 870 est
1297 838 1386 882 quod
1407 838 1527 871 dicitur
1545 851 1551 870 :
1569 840 1644 873 Non
1655 838 1825 882 judicabit

231 899 318 931 Deus
342 897 389 930 bis
412 896 447 929 in
467 895 610 940 idipsum
622 907 636 935 ,·
650 899 706 928 aut
730 907 795 927 uon
819 895 994 940 punietur,
1012 900 1042 928 et
1057 895 1236 939 optandum
1260 899 1306 927 est
1323 895 1479 928 adulteris
1494 900 1530 928 ut
1546 896 1597 928 hic
1612 896 1705 929 brevi
1720 900 1751 929 et
1765 896 1828 929 cita

233 966 331 1001 poena
353 954 552 999 puniantur,
572 957 607 985 ut
628 953 828 985 frustrentur
853 953 1016 985 cruciatus
1039 957 1186 986 aeternos.
1205 952 1256 984 Ad
1272 953 1359 996 quod
1381 953 1614 997 respondemus
1632 953 1762 986 :Deum
1790 957 1828 986 ut

234 1013 383 1047 omnium
398 1023 509 1044 rerum
524 1037 531 1051 ,
549 1011 593 1043 ita
608 1010 844 1055 suppliciorum
866 1022 998 1055 quoque
1014 1011 1093 1043 scire
1110 1021 1280 1043 mensuras
1295 1022 1301 1049 ;
1317 1014 1348 1042 et
1363 1021 1429 1042 non
1444 1011 1618 1054 praeveniri
1632 1011 1827 1044 sententiam

231 1070 367 1115 judicis,
384 1080 443 1101 nec.
458 1069 508 1101 illi
523 1069 557 1100 in
572 1072 769 1112 peccatorem
793 1068 979 1101 exercendae
995 1068 1111 1101 dehinc
1136 1078 1237 1111 poenae
1254 1068 1375 1100 auferri
1392 1072 1603 1112 potestatem;
1621 1072 1652 1101 et
1667 1079 1827 1110 magnum

235 1131 401 1173 peccatum
417 1126 543 1169 magnis
558 1126 790 1170 diuturnisque
814 1126 862 1159 lui
877 1126 1085 1158 cruciatibus.
1112 1125 1146 1157 Si
1172 1125 1246 1169 quis
1264 1136 1340 1157 vero
1365 1125 1500 1168 punitus
1524 1125 1564 1157 sit
1591 1125 1825 1170 temporaliter,

235 1190 272 1219 ut
285 1185 340 1218 ille
361 1185 419 1229 qui
442 1184 597 1217 Israelitae
620 1183 831 1216 maledixerat
846 1187 869 1224 ⁷,
887 1188 917 1215 et
932 1184 989 1227 qui
1005 1183 1039 1215 in
1055 1183 1188 1215 sabbato
1205 1183 1296 1225 ligna
1311 1182 1485 1225 collegerat
1501 1188 1524 1223 ⁸,
1543 1183 1621 1215 tales
1635 1187 1745 1227 postea
1759 1195 1826 1216 non

234 1243 345 1288 puniri
358 1269 366 1284 ‚
383 1242 461 1287 quia
475 1241 571 1285 culpa
586 1241 667 1274 levis
682 1241 833 1285 praesenti
850 1241 1010 1285 supplicio
1035 1244 1242 1284 compensata
1260 1240 1312 1272 sit.
1332 1239 1425 1271 Levis
1440 1240 1527 1271 enim
1543 1240 1639 1284 culpa
1662 1240 1728 1272 levi
1751 1251 1828 1285 sup-

234 1300 330 1345 plicio
345 1303 583 1344 compensatur.
602 1312 618 1329 »
638 1299 696 1331 His
711 1299 787 1331 satis
802 1298 913 1331 innuit
929 1298 1152 1342 Hieronymus
1174 1297 1286 1341 gravia
1309 1300 1437 1341 peccata
1462 1300 1493 1328 et
1519 1296 1572 1329 hie
1595 1297 1708 1341 puniri
1731 1297 1827 1340 gravi

234 1358 394 1403 supplicio
405 1384 413 1398 ,
432 1361 463 1391 et
477 1357 511 1390 in
526 1357 639 1390 futuro
664 1356 830 1401 punienda
844 1356 1051 1397 aeternaliter,
1068 1355 1107 1388 de
1123 1355 1244 1400 quibus
1258 1354 1449 1399 poenitentia
1465 1365 1531 1387 non
1548 1354 1657 1397 agitur
1670 1354 1757 1387 inter
1770 1353 1829 1388 fla-

234 1416 344 1459 gella:
370 1415 455 1449 levia
474 1426 552 1448 vero
575 1425 646 1459 quae
670 1414 722 1447 hic
745 1415 946 1459 puniuntur,
969 1413 1034 1447 levi
1066 1425 1162 1458 poena
1184 1413 1479 1458 compensationem
1504 1412 1670 1456 recipere:
1689 1411 1778 1456 quod
1793 1411 1827 1445 in

234 1473 329 1507 bonis
342 1473 414 1506 fieri
430 1484 495 1505 non
511 1472 726 1515 ambigimus,
743 1476 774 1505 et
788 1472 823 1504 iu
845 1472 938 1504 malis
954 1472 1036 1504 forte
1051 1472 1147 1505 etiam
1165 1471 1201 1503 fit
1223 1471 1278 1504 ita.
1297 1470 1459 1514 Satisjam
1475 1473 1609 1514 apparet
1622 1469 1710 1514 quod
1722 1469 1773 1502 illi
1788 1470 1828 1503 de

235 1531 405 1576 prophetia
420 1530 645 1571 induxerunt,
661 1541 727 1562 non
752 1530 855 1562 facere
876 1541 933 1574 pro
959 1530 1004 1562 eis
1027 1530 1085 1574 qui
1111 1529 1224 1562 dicunt
1247 1529 1298 1569 ei,
1317 1529 1375 1573 qui
1391 1528 1516 1561 crimen
1530 1528 1592 1561 sibi
1608 1532 1773 1570 reservat,
1788 1527 1829 1562 de

236 1589 300 1622 alio
313 1588 443 1622 veniam
459 1587 603 1632 praestari
618 1598 675 1631 per
689 1587 929 1631 poenitentiam.

422 1713 626 1745 EXPOSlTlO
650 1712 815 1743 TEXTUS.

274 1802 302 1825 Et
320 1801 382 1824 sicut
404 1799 530 1831 praedictis
551 1798 742 1822 auctoritatibus
765 1797 866 1822 illorum
889 1804 961 1821 error

497 1834 666 1862 convincitur,
681 1835 729 1857 etc.

270 1917 373 1957 Supra
394 1915 577 1956 reprobavit
602 1915 754 1954 Magister
780 1923 923 1945 errorem
948 1914 1003 1953 qui

230 1969 448 2000 attendebatur
463 1970 618 2008 quantum
635 1968 674 1998 ad
695 1967 890 2007 poenitentiae
905 1967 1000 1997 itera-

229 2024 362 2060 tionem;
381 2022 433 2052 hic
453 2021 601 2061 reprobat
623 2029 764 2051 errorem
786 2020 841 2059 qui
861 2020 1003 2050 consistit

230 2077 385 2115 quantum
420 2074 459 2105 ad
486 2074 682 2113 poeuitentiae
713 2073 902 2103 divisionem
933 2083 940 2102 :
972 2075 1003 2103 et

230 2129 290 2159 hoc
309 2128 448 2158 maxime
466 2127 588 2157 ratione
607 2125 835 2156 satisfactionis.
854 2125 1005 2156 Dicebant

232 2179 317 2210 enim
331 2178 446 2218 aliqui,
465 2178 550 2217 quod
570 2179 691 2216 poterat
711 2176 782 2216 quis
805 2176 959 2216 poenitere
975 2178 1006 2206 et

233 2231 408 2262 satisfacere
428 2230 466 2261 de
488 2229 594 2269 aliquo
617 2229 768 2267 erimine,
790 2229 833 2259 ita
856 2228 940 2268 quod
967 2228 1006 2259 de

235 2285 295 2316 alio
309 2287 390 2315 esset
401 2283 601 2324 impoenitens
613 2293 620 2319 ;
633 2284 663 2312 et
675 2282 827 2322 quoniam
845 2282 900 2312 iste
913 2290 1003 2312 error

236 2347 327 2368 suam
350 2337 486 2368 habebat
507 2335 736 2373 defensionem,
758 2335 828 2365 ideo
845 2335 914 2365 haec
933 2343 1006 2375 pars

147 2405 165 2424 vi
180 2405 207 2425 5,
236 2390 388 2421 dividitur
411 2389 446 2420 in
466 2389 567 2420 duas:
591 2388 625 2419 in
648 2388 752 2427 prima
775 2388 959 2427 respondet,
975 2389 1006 2418 et

237 2443 375 2475 excludit
387 2442 600 2474 defensionem
615 2449 712 2481 quam
726 2440 862 2471 habebat
873 2450 913 2471 ex
927 2449 1004 2471 auc-

271 2542 276 2554 ¹
290 2540 404 2570 Hieron„
420 2539 554 2563 Comma-ne.
571 2539 596 2562 in
610 2537 719 2568 ΝαΙιιιηι,
733 2545 756 2561 c.
772 2543 789 2561 1.
802 2550 832 2555 -·
846 2538 854 2551 ²
870 2538 941 2568 Gen„
960 2544 1005 2568 vu,

240 2577 319 2600 14.—
331 2575 341 2592 ⁸
357 2575 427 2603 Gen„
442 2580 497 2604 xix,
512 2576 550 2598 25.
561 2587 591 2592 -
605 2574 613 2589 t
629 2573 720 2603 Emod„
736 2579 790 2603 mv,
805 2574 844 2596 Ξῖ.
855 2585 884 2590 -
898 2573 908 2589 ⁶
920 2573 1005 2603 Num„

239 2616 275 2642 xl,
290 2612 327 2636 33.
338 2623 368 2630 -
383 2611 392 2624 ⁶
406 2610 520 2639 Hieron„
539 2609 611 2640 ibid„
627 2608 701 2640 paulo
721 2607 834 2632 inferius.
846 2621 876 2627 ·—
892 2609 902 2625 ⁷
917 2609 1006 2638 Levit„

1060 1701 1185 1731 toritate
1199 1700 1389 1740 Scripturae;
1406 1701 1439 1730 in
1453 1699 1602 1737 secunda,
1618 1699 1832 1731 defensionem

1059 1763 1155 1794 quam
1171 1753 1266 1784 habet
1286 1762 1326 1783 ex
1347 1753 1586 1783 auctoritatibus
1607 1752 1750 1789 patrum,
1768 1753 1829 1783 ibi:

1059 1807 1149 1838 Alias
1166 1815 1286 1846 quoque
1305 1807 1515 1838 auctoritates
1536 1806 1710 1838 inducunt.
1726 1806 1833 1838 Prima

1059 1860 1211 1891 dividitur
1221 1860 1254 1890 in
1267 1860 1362 1890 duas:
1380 1860 1413 1890 in
1427 1859 1532 1899 prima
1546 1859 1715 1899 respondet
1729 1861 1835 1891 aucto-

1059 1913 1163 1950 ritati;
1190 1913 1223 1942 in
1248 1912 1405 1948 secunda,
1433 1912 1636 1951 expositioni,
1660 1912 1728 1942 ibi:
1752 1912 1834 1943 Nam

1060 1967 1121 1998 etsi
1135 1973 1229 2004 super
1249 1964 1390 1996 eumdem
1404 1964 1507 1995 locum
1526 1965 1758 2005 Hieronymus,
1771 1967 1831 1998 etc.

1060 2018 1214 2056 Quaelibet
1238 2018 1354 2048 harum
1383 2018 1522 2057 partium
1545 2018 1624 2049 duas
1646 2018 1764 2048 habet:
1797 2018 1832 2049 in

1060 2072 1163 2112 prima
1176 2071 1319 2110 opponit;
1332 2071 1365 2100 in
1381 2071 1518 2101 secunda
1530 2071 1643 2102 solvit:
1661 2073 1692 2102 et
1704 2070 1766 2102 hoc
1779 2079 1830 2102 sa·-

1062 2125 1103 2155 tis
1119 2124 1322 2154 manifestum
1335 2126 1381 2154 est
1396 2123 1429 2153 in
1444 2123 1558 2154 littera.

1390 2216 1458 2237 DUB.
1482 2217 1503 2237 1.

1214 2273 1271 2296 Non
1283 2274 1421 2303 consurget
1436 2273 1527 2303 duplex
1540 2273 1679 2299 tribulatio.

1099 2332 1231 2364 Videtur
1254 2334 1472 2365 contrarium⁹
1492 2344 1499 2366 :
1523 2337 1625 2367 Error
1647 2339 1678 2368 et
1697 2335 1830 2368 tenebroe

1057 2387 1272 2427 peccatoribus
1294 2391 1457 2420 concreata
1479 2392 1566 2420 sunt.
1592 2389 1670 2420 Item
1689 2389 1722 2419 in
1741 2387 1829 2419 Psal-

1059 2450 1114 2471 mo
1129 2441 1150 2457 ¹⁰
1167 2450 1173 2469 :
1202 2440 1362 2473 Ιηιίιιαῐιιν
1379 2442 1463 2474 sicut
1481 2441 1624 2482 diploide
1645 2441 1828 2480 confusione

1060 2501 1132 2525 sua.

1061 2579 1133 2602 xxiv,
1146 2575 1217 2632 23.—
1226 2574 1236 2591 ⁸
1247 2574 1331 2603 Nion„
1344 2580 1385 2605 xv,
1395 2576 1464 2599 36.—
1477 2576 1486 2590 ⁹
1498 2575 1587 2606 Eccli.‚
1599 2581 1636 2606 xl,
1650 2576 1718 2599 16.-
1730 2575 1747 2589 ¹·
1757 2574 1826 2599 Psed.

1059 2614 1132 2637 evin,
1149 2610 1161 2632 3
1181 2626 1189 2633 .
1716 2623 1719 2625 >
