2017 2948
110 1398 214 1419 Fundam.

243 138 301 168 484

281 206 310 234 3.
329 203 422 241 item,
440 203 524 243 quod
539 204 572 233 in
587 203 726 234 animam
740 227 747 240 ‚
763 203 890 233 videtur
908 214 914 233 :
936 202 1012 240 quia

241 257 348 287 anima
363 256 476 287 Christi
491 256 523 287 in
541 265 603 287 uno
623 257 689 287 loco
709 258 755 286 est
771 265 826 295 per
843 257 1008 293 naturam,

241 310 322 340 sicut
338 318 451 350 corpus
469 321 475 340 :
493 318 574 349 ergo
589 310 613 340 si
630 318 745 349 corpus
765 308 877 339 Christi
896 318 957 339 non
972 308 1011 338 sit

241 363 272 393 in
295 363 403 393 multis
419 363 507 401 locis,
525 363 585 393 nisi
614 362 731 402 aliquid
756 364 961 392 convertatur
979 362 1009 392 in

241 416 360 456 ipsum,
378 417 442 455 pari
463 417 582 446 ratione
607 426 663 445 nec
679 415 784 445 anima
799 415 914 445 Christi
932 424 939 445 :
955 415 1009 445 sed

239 470 346 500 anima
367 473 412 500 cst
434 471 492 501 51111
513 472 709 500 sacramento
716 493 725 508 ,
741 469 879 509 alioquin
895 477 1010 508 corpus

238 526 319 554 esset
350 523 497 554 exanime
518 547 525 561 ,
554 523 638 562 quod
673 524 719 553 est
755 523 982 553 inconveniens
1000 533 1006 551 :

236 585 314 615 ergo
327 600 335 614 ‚
360 579 416 606 etc.

275 632 305 659 4.
337 629 414 659 Item
440 629 522 669 quod
548 629 680 668 sanguis
704 629 744 659 sit
770 629 830 667 ibi,
857 629 1004 660 videtur:

234 684 310 723 quia
328 685 383 714 aut
408 683 571 714 conversio
593 683 683 722 panis
707 685 850 722 expectat
874 692 1007 714 convcr-

234 737 356 767 sionem
367 736 432 767 vini
445 760 452 773 ,
467 738 522 766 aut
538 746 601 766 non
617 747 623 766 ι
642 736 667 765 si
680 745 744 766 non
755 738 914 775 expectat,
929 745 1006 775 ergo

233 791 305 820 ante
316 790 552 820 conversionem
568 789 633 819 vini
651 789 767 820 virtute
782 789 882 829 hujus
895 790 982 820 verbi
996 801 1002 820 ι

233 844 298 874 Hoc
315 846 360 875 est
380 851 493 883 corpus
508 851 628 877 meum.
647 845 693 873 est
715 843 755 872 ibi
779 843 922 881 sanguis.
945 842 1004 873 Sed

231 897 269 927 ad
286 897 315 928 id
326 897 465 927 extendit
476 906 508 926 se
519 896 709 927 elementum
723 896 856 936 passive,
870 897 908 926 ad
921 896 1004 936 qnod

232 950 367 980 verbum
389 950 548 989 operative
567 961 572 978 z
596 959 674 988 ergo
695 949 889 980 elementum
916 949 1004 988 panis

230 1004 425 1034 convertitur
440 1004 473 1033 in
489 1003 689 1042 sanguinein.
708 1003 738 1033 Si
753 1005 908 1042 expectat,
924 1012 1003 1042 ergo

230 1060 276 1087 est
291 1057 351 1087 cibi
370 1057 521 1087 successio
544 1067 550 1086 z
571 1065 647 1095 ergo
667 1066 727 1086 non
745 1056 872 1087 deberet
886 1056 1002 1087 elevari

229 1119 344 1150 corpus
357 1110 390 1140 in
405 1112 573 1150 conspectu
588 1109 695 1149 popuii
712 1112 784 1140 ante
799 1110 1004 1140 consecratio-

229 1173 303 1194 nem
324 1163 409 1201 vini;
426 1163 510 1203 quod
535 1165 582 1193 est
606 1165 714 1193 contra
738 1171 943 1193 communem
959 1162 1003 1192 ri—

228 1219 298 1248 tum
311 1217 404 1247 totius
419 1216 566 1247 Ecclesiae
581 1227 587 1246 2
601 1218 678 1246 tunc
693 1216 779 1246 enim
792 1217 856 1245 tota
867 1215 1003 1246 Ecclesia

228 1270 321 1308 facit,
337 1270 540 1310 quantumin
556 1279 588 1300 se
607 1271 671 1307 est,
689 1268 848 1309 simplices
873 1268 1001 1300 idolola-

229 1326 313 1354 trare
324 1347 331 1361 ,
349 1333 421 1354 cum
437 1324 578 1354 nondum
593 1323 632 1353 sit
653 1323 695 1353 ibi
713 1322 865 1353 Christus.

269 1377 383 1408 Contra
400 1388 406 1408 :
424 1377 513 1414 Quod
528 1377 562 1407 in
582 1377 683 1407 solum
704 1386 816 1416 corpus
838 1378 1001 1407 converta-

229 1433 292 1468 tur,
309 1433 339 1461 et
352 1439 416 1461 non
433 1430 466 1460 in
484 1430 682 1461 divinitatem
695 1454 704 1468 ,
722 1430 849 1460 videtur
862 1439 869 1467 ;
884 1429 960 1469 quia
976 1428 1002 1459 si

229 1485 261 1514 in
285 1484 483 1515 divinitatem
500 1507 509 1522 ,
533 1486 608 1514 tunc
633 1485 778 1514 creatura
802 1484 907 1522 posset
932 1482 1001 1513 fieri

229 1540 365 1575 creator,
383 1537 467 1577 quod
480 1538 525 1567 est
540 1536 778 1567 inconveniens,

271 1590 348 1621 Item
359 1614 367 1627 ,
384 1590 533 1621 divinitas
546 1592 592 1620 est
607 1589 724 1628 ubique
747 1600 754 1619 :
776 1597 851 1627 ergo
871 1597 911 1619 ex
926 1597 999 1618 con-

229 1644 372 1675 versione
387 1652 453 1673 non
471 1644 574 1682 potest
595 1643 633 1673 de
654 1651 734 1673 novo
754 1642 786 1672 in
810 1641 917 1681 aliquo
936 1641 1001 1672 1000

229 1706 297 1728 esse
317 1706 325 1727 :
349 1697 375 1727 si
397 1705 476 1735 ergo
498 1696 662 1727 conversio
683 1695 755 1725 facit
773 1695 812 1726 de
834 1703 916 1725 novo
936 1703 1002 1725 esse

229 1750 285 1780 ubi
313 1759 363 1781 res
384 1749 594 1787 convertitur,
619 1757 700 1787 ergo
721 1757 786 1778 non
807 1747 1002 1779 convertitur

230 1803 288 1834 nisi
303 1803 336 1833 in
352 1811 463 1843 corpus
478 1802 616 1833 unicum.

270 1855 370 1894 Item,
399 1855 482 1895 quod
508 1864 572 1886 non
599 1855 633 1885 in
660 1854 800 1885 animam
818 1879 826 1893 ‚
853 1854 998 1886 videtur:

230 1910 305 1950 quia
320 1911 555 1940 sacramentum
579 1908 675 1939 habet
697 1908 851 1938 rationein
874 1907 1000 1947 signifi-

230 1963 321 1994 candi
336 1964 366 1994 et
382 1962 551 2000 efficiendi;
568 1963 600 1992 et
613 1961 693 1992 ratio
716 1961 862 2000 signandi
877 1962 1002 1991 tantum

230 2017 279 2048 vei
294 2017 427 2056 amplius
442 2025 474 2046 se
491 2015 652 2052 extendit,
669 2016 825 2054 quantuni
845 2014 922 2044 ratio
938 2014 1003 2045 effi-

229 2071 332 2102 ciendi
351 2082 357 2101 z
380 2071 434 2101 sed
457 2072 578 2101 constat
601 2070 684 2109 quod
709 2069 798 2109 panis
821 2078 884 2099 non
907 2069 1003 2099 hahet

230 2124 469 2154 similitudinem
483 2123 521 2154 ad
538 2123 652 2154 Christi
667 2123 808 2153 animam
826 2133 833 2152 ε
851 2131 929 2161 ergo
943 2131 1002 2153 nec

230 2177 326 2208 habet
352 2177 492 2207 converti
521 2177 554 2206 in
582 2177 695 2216 ipsam.
726 2175 902 2213 Praeterea,
920 2175 945 2205 si
968 2176 1002 2206 in

230 2231 370 2261 animam
401 2232 639 2261 converteretur
660 2254 667 2268 ,
694 2239 767 2261 011111
789 2229 842 2259 iila
864 2237 936 2269 pars
961 2229 1002 2259 sit

231 2285 358 2324 dignior
370 2308 378 2322 ,
396 2284 435 2314 ab
448 2284 501 2314 iila
516 2284 642 2314 deberet
657 2283 811 2314 dominari
829 2294 834 2312 :
853 2291 933 2321 ergo
947 2282 1002 2313 de-

230 2338 318 2369 beret
332 2337 393 2368 dici
409 2348 416 2368 :
433 2337 506 2369 Hoec
521 2340 567 2368 est
582 2337 693 2368 cmitna
709 2344 790 2368 mea.

269 2391 361 2428 Item,
379 2391 464 2430 quod
486 2399 551 2420 non
570 2390 603 2419 in
623 2390 832 2428 sanguinem,
856 2390 998 2421 videtur:

229 2445 305 2484 quia
328 2445 353 2474 si
378 2443 468 2483 panis
490 2444 728 2474 converteretur
752 2443 785 2472 in
808 2443 1001 2482 sanguinem

228 2498 310 2528 sicut
334 2498 366 2528 in
390 2506 533 2534 carnem,
559 2497 677 2527 frustra
697 2504 775 2534 ergo
801 2496 860 2526 sub
878 2496 1002 2527 duabus

228 2551 390 2591 speciebus
403 2552 493 2582 fieret
506 2551 566 2582 hoc
581 2551 827 2581 sacramentum.
845 2549 1001 2581 Praeterea

228 2605 296 2636 istae
319 2605 390 2636 duae
405 2605 583 2636 orationes:
607 2604 672 2636 Hoc
693 2606 737 2635 est
755 2611 866 2642 corpus
880 2612 998 2641 mezzm3

800 135 1109 167 SENTENTiAnUM
1134 136 1205 167 LiB.
1231 136 1280 167 lv.

1069 202 1128 234 Hic
1143 205 1188 234 est
1200 203 1290 235 calix
1302 203 1474 242 sanyuz'nis
1490 204 1564 240 mei,
1580 203 1697 234 habent
1711 204 1837 234 distinc-

1068 257 1114 286 tas
1128 256 1324 294 signationes
1339 267 1346 286 :
1361 264 1439 294 ergo
1455 257 1485 286 et
1501 256 1664 286 efficacias.

1340 371 1564 403 CONCLUSIO.

1066 456 1148 483 Panis
1163 458 1327 483 ronvertieur
1342 459 1368 483 ίη
1383 466 1477 492 corpus
1490 458 1606 489 christi,
1624 465 1674 484 non
1692 460 1719 484 in
1734 458 1836 485 (livini-

1102 503 1199 534 tatem,
1216 509 1260 528 nuc
1277 502 1305 527 in
1323 504 1457 536 (mimam,
1476 510 1520 529 nec
1540 504 1567 528 in
1589 503 1759 536 sanquinem,
1777 503 1838 530 licet

1100 545 1152 572 hoec
1168 547 1258 572 omnia
1273 547 1329 573 sint
1345 546 1391 573 ibi.

1105 625 1196 665 Resp.
1225 626 1264 657 ad
1295 636 1363 665 arg.
1396 627 1566 658 Dicendum
1595 628 1678 667 quod
1708 628 1837 668 praeeiso

1064 679 1154 718 panis
1175 679 1209 709 in
1231 680 1261 709 id
1282 681 1487 719 convertitur,
1505 690 1577 711 cnm
1599 682 1720 720 (1110((1)
1743 681 1837 712 habet

1064 732 1307 764 similitudinem
1321 744 1328 764 ι
1345 743 1441 774 super
1457 734 1538 764 hanc
1550 735 1634 764 enini
1651 734 1836 765 similitudi-

1062 794 1135 815 nem
1162 786 1311 816 fundatur
1336 787 1509 825 institutio,
1541 789 1570 817 et
1595 787 1723 818 advenit
1747 787 1835 818 verbi

1061 840 1276 870 sanctificatio.
1299 840 1379 877 Quia
1401 849 1480 879 ergo
1501 840 1590 880 panis
1617 841 1709 871 habet
1725 841 1836 871 51111111-

1061 892 1203 923 tudinem
1220 896 1344 924 tantum
1358 894 1396 924 ad
1412 903 1541 934 corpuS,
1558 894 1626 924 ideo
1642 896 1688 924 cst
1704 894 1834 925 institu-

1061 948 1129 976 tum
1146 949 1269 977 tantuin
1290 948 1432 978 converti
1449 948 1480 977 in
1504 956 1627 986 00111115.
1646 946 1683 977 Et
1699 947 1835 978 verbum

1061 1000 1271 1039 sanctificans,
1288 1002 1405 1032 scilicet
1420 1013 1425 1032 :
1444 1001 1509 1033 Hoc
1527 1004 1570 1032 est
1589 1009 1702 1039 corpus
1716 1009 1834 1039 meum,

1060 1054 1165 1092 signat
1178 1056 1320 1085 converti
1337 1056 1369 1085 in
1384 1064 1517 1095 corpus:
1535 1055 1604 1085 ideo
1620 1063 1683 1085 11011
1704 1054 1736 1084 111
1751 1054 1835 1085 divi-

1060 1108 1209 1146 nitatem,
1227 1118 1283 1138 nec
1298 1109 1330 1138 in
1347 1108 1504 1145 animani,
1522 1117 1579 1138 nec
1595 1108 1627 1137 in
1645 1108 1834 1146 sanguinem

1058 1160 1176 1200 aliquid
1192 1162 1281 1200 panis
1295 1162 1501 1191 convertitur.
1518 1160 1580 1192 Nec
1593 1163 1639 1191 est
1655 1161 1718 1203 subv
1730 1170 1833 1192 sacra-

1060 1216 1167 1243 mento
1190 1223 1305 1253 corpus
1324 1215 1391 1244 sine
1413 1214 1497 1248 15115,
1521 1214 1596 1253 quia
1611 1223 1674 1244 non
1698 1216 1773 1245 sunt
1789 1215 1833 1245 ibi

1059 1269 1188 1307 propter
1209 1268 1463 1303 conversionem3
1482 1268 1535 1297 sed
1557 1270 1684 1306 propter
1707 1267 1831 1307 insepa-

1059 1322 1189 1352 rabilem
1213 1321 1484 1360 conjunctionem,
1508 1320 1574 1350 sive
1597 1320 1831 1351 indivisionem.

1059 1375 1198 1414 Sanguis
1216 1375 1301 1405 enini
1322 1377 1367 1405 051
1382 1375 1425 1404 ibi
1442 1375 1562 1405 ratione
1577 1374 1813 1405 commixtionis
1820 1383 1833 1413 ;

1058 1428 1165 1459 anima
1184 1429 1306 1459 ratione
1320 1429 1569 1468 conjunctionis3
1592 1429 1645 1459 sed
1660 1428 1758 1459 deitas
1778 1437 1831 1459 ra-

1058 1482 1143 1512 tione
1158 1482 1298 1513 unionis.

1098 1537 1128 1565 1.
1153 1534 1199 1565 Ex
1214 1535 1264 1565 his
1286 1537 1393 1574 patent
1405 1534 1544 1574 obiecta:
1566 1534 1643 1574 quia
1668 1534 1726 1565 etsi
1748 1536 1832 1566 totus

1057 1587 1198 1618 Christus
1222 1588 1431 1625 contineatur,
1457 1596 1521 1618 non
1541 1590 1650 1618 tamen
1670 1587 1704 1618 in
1726 1589 1830 1619 totum

1057 1644 1103 1671 est
1117 1641 1302 1672 conversio:
1324 1641 1409 1672 unde
1430 1640 1544 1671 fulsum
1570 1643 1616 1671 est
1636 1641 1720 1681 quod
1735 1642 1830 1681 quid-

1056 1695 1133 1735 quid
1157 1694 1336 1725 continetur
1360 1694 1392 1724 in
1418 1697 1615 1725 sacramento
1640 1697 1686 1725 est
1707 1695 1829 1726 ratione

1057 1747 1289 1785 conversionis3
1312 1747 1377 1778 imo
1399 1748 1521 1778 ratione
1546 1748 1762 1780 conversionis
1779 1747 1829 1780 vel

1056 1801 1267 1832 indivisionis.

1096 1857 1115 1885 2>
1129 1857 1159 1885 et
1176 1857 1205 1886 3.
1220 1854 1268 1885 Ad
1283 1854 1368 1885 aliud
1384 1856 1469 1894 patet
1480 1855 1653 1895 responsio,
1667 1855 1743 1895 quia
1757 1864 1825 1887 cor-

1057 1918 1118 1948 pus
1130 1910 1177 1939 est
1192 1908 1281 1938 cibus
1295 1908 1417 1938 ratione
1429 1908 1556 1939 unionis
1567 1917 1640 1939 cum
1651 1908 1825 1940 divinitate.

1057 1962 1208 1992 Similiter
1222 1962 1308 1992 aliud
1323 1961 1361 1992 de
1384 1961 1491 1992 anima
1505 1963 1607 2001 patet,
1622 1962 1697 2001 quia
1712 1971 1827 2003 corpus

1056 2018 1103 2046 est
1123 2016 1155 2046 in
1178 2015 1322 2055 pluribus
1346 2015 1422 2045 locis
1445 2014 1566 2045 ratione
1589 2015 1823 2053 conversionis;

1056 2069 1110 2099 sed
1136 2069 1243 2099 anima
1271 2072 1499 2108 consequenter
1528 2068 1648 2099 ratione
1679 2068 1824 2106 unionis,

1056 2123 1122 2153 sive
1136 2122 1346 2162 perfectionis.

1095 2179 1124 2207 A.
1145 2176 1193 2207 Ad
1214 2176 1291 2206 illud
1314 2175 1397 2214 quod
1419 2175 1568 2214 objicitur
1591 2175 1628 2206 de
1650 2175 1823 2215 sanguine,

1055 2230 1198 2261 similiter
1219 2229 1385 2260 dicendum
1411 2228 1495 2268 quod
1519 2228 1580 2258 illae
1604 2229 1827 2260 conversiones

1056 2292 1120 2314 non
1135 2293 1166 2313 se
1180 2284 1361 2323 expectant,
1379 2282 1433 2312 sed
1453 2281 1623 2321 utrobique
1645 2284 1691 2313 est
1711 2284 1823 2313 totum.

1056 2336 1122 2367 sive
1143 2338 1227 2366 totus
1251 2336 1402 2366 Christus,
1436 2335 1527 2365 Panis
1547 2337 1652 2365 tamen
1678 2337 1709 2366 et
1724 2334 1826 2366 virtus

1056 2398 1123 2420 suae
1145 2390 1255 2420 sormze
1277 2389 1442 2420 ordinatur
1461 2389 1499 2419 ad
1519 2398 1633 2428 corpus
1653 2388 1769 2428 primo,
1786 2386 1826 2418 ad

1056 2446 1169 2474 caetera
1197 2444 1278 2474 sicut
1304 2452 1343 2474 ex
1370 2442 1584 2482 consequenti.
1610 2440 1758 2472 Similiter
1783 2439 1827 2471 di-

1056 2498 1191 2529 cendum
1215 2499 1259 2527 est
1286 2497 1324 2528 de
1349 2496 1554 2527 conversione
1581 2495 1662 2531 vini,
1689 2494 1769 2524 sicut
1796 2495 1827 2524 et

1056 2551 1157 2590 panis.

1086 2613 1122 2642 (a)
1136 2612 1206 2636 Edu.
1227 2612 1283 2636 Ven.
1299 2612 1376 2642 quod.
