2017 2948
272 156 330 185 462
832 155 1144 187 SENTENTIARUM
1166 155 1238 187 LIB.
1265 156 1312 188 iv.

302 224 340 260 A.
371 221 449 253 Item
477 222 515 253 ad
543 222 603 254 hoe
627 226 860 254 sacramentum
883 223 1043 253 concurrit

271 275 420 314 verbum,
437 277 468 306 et
481 275 690 315 elementum,
707 278 737 307 et
751 276 905 307 intentio:
923 275 977 307 sed
992 276 1039 306 111-

270 329 367 359 1111110
379 329 512 360 1111111ε111
525 330 664 369 estquod
675 331 733 360 snb
749 330 833 360 totali
846 330 947 369 specie
958 332 1042 361 totus

269 382 309 412 sit
326 382 479 420 (Iliristus,
507 392 563 413 nec
586 384 685 413 sertui·
708 383 840 414 intentio
860 384 928 421 ejus
947 392 1042 423 super

269 438 383 475 partes,
397 437 470 475 quia
482 439 585 476 pai-ios
600 439 673 467 sunt
684 437 948 467 Innumerabiles:
963 446 1041 477 ergo

268 487 301 518 in
317 488 377 519 illis
395 498 458 519 non
475 492 520 519 est
536 491 631 519 totuS.
928 499 930 501 ·

534 605 759 637 CONCLUSIO.

268 692 368 726 Corpus
385 690 487 718 Christi
501 699 560 718 vere
575 693 688 718 earisteus
701 693 731 717 in
746 691 846 722 hostia,
863 693 900 718 est
914 692 996 718 cotum
1011 693 1039 718 z'n

303 738 365 769 toto,
382 737 405 762 et
420 737 503 762 totum
519 737 548 762 in
563 736 678 770 qualibet
691 738 784 770 parte,
804 737 833 763 in
849 744 902 770 qua
915 736 1040 763 salvatur

300 780 397 814 species
415 779 450 814 (a)
466 781 553 806 totius.

307 864 398 904 Resp.
415 864 455 895 ad
476 874 545 904 arg.
564 864 738 895 Dicendum
756 865 839 904 quod
861 865 978 905 duplex
993 869 1039 897 est

266 918 316 948 hic
326 918 449 958 positio.
463 918 653 957 Aliquorum
668 918 753 948 enim
768 928 792 952 in
801 918 879 949 »sitio
895 920 1037 959 estquod

267 971 326 1001 sub
341 971 427 1001 totali
450 971 551 1010 specie
567 971 607 1001 sit
627 973 728 1001 totum
745 981 874 1011 corpus,
895 972 938 1002 ita
953 973 1037 1012 quod

266 1024 326 1055 sub
344 1023 431 1054 nulla
451 1026 539 1064 parte
561 1026 663 1054 totum
679 1026 750 1054 ante
770 1025 965 1063 fractionem,
983 1026 1037 1056 sed

266 1081 336 1118 post
351 1079 534 1109 fractionem
549 1080 595 1108 est
610 1078 642 1107 in
658 1078 797 1117 qualibet
814 1081 901 1118 parte
917 1081 1033 1109 totuin:

265 1134 296 1162 et
316 1132 376 1162 hoc
396 1132 504 1162 dicunt
519 1131 627 1161 venire
646 1140 708 1161 non
728 1142 746 1161 a
766 1132 883 1162 virtute
902 1142 1033 1163 conver-

265 1185 367 1223 tendi,
385 1185 459 1224 quia
476 1185 535 1215 hoc
553 1194 616 1214 11011
638 1187 683 1214 est
706 1194 762 1223 per
783 1186 1033 1223 conversionem,

265 1239 318 1269 sed
335 1248 388 1278 per
403 1237 645 1277 inseparabilem
659 1237 819 1267 unionem.
835 1238 920 1268 Sicut
936 1239 1033 1276 enim,

264 1292 319 1322 ubi
339 1300 467 1331 corpus,
492 1291 533 1321 ibi
555 1291 663 1320 anima
682 1290 795 1321 Christi
816 1294 944 1330 propter
959 1302 1032 1322 con-

261 1345 474 1385 1111110110110111;
492 1345 535 1374 sic
550 1354 623 1374 cum
639 1344 708 1374 haze
722 1354 794 1384 pars
810 1345 968 1375 contineat
982 1346 1035 1375 ali-

264 1409 360 1439 quam
385 1401 506 1438 partem
532 1398 687 1437 corporis,
713 1401 743 1428 et
766 1398 1031 1437 inseparaliilitem

265 1459 375 1480 rursus
399 1449 449 1479 illu
469 1458 542 1488 pars
562 1458 625 1479 non
648 1449 746 1488 possit
765 1449 863 1479 dividi
883 1450 922 1479 ab
947 1450 1031 1488 aliis,

267 1502 342 1541 quia
371 1511 484 1540 corpus
523 1503 570 1531 cst
604 1501 842 1541 incorruptibile
868 1512 874 1532 :
908 1505 1034 1542 propter

267 1555 523 1595 conjunctionem
541 1580 548 1593 ,
583 1555 639 1594 qui
672 1555 722 1593 lb)
757 1558 881 1595 separat
912 1559 1032 1596 partein

262 1611 372 1642 hostiae
385 1612 425 1641 ab
440 1610 553 1648 hostia,
567 1612 669 1640 totum
685 1610 780 1640 trahit
793 1620 912 1641 secum.
928 1611 964 1641 Et
980 1621 1033 1651 po-

261 1667 343 1695 nunt
358 1664 540 1703 exemplum
556 1664 588 1693 in
608 1663 744 1703 speculo,
761 1664 835 1703 quia
849 1664 958 1703 imago
972 1665 1029 1696 ha-

261 1718 313 1748 bet
328 1727 394 1749 esse
411 1716 589 1757 spirituale,
610 1717 694 1756 quod
714 1726 778 1747 non
798 1720 898 1756 potest
912 1718 1029 1757 dividi,

259 1774 291 1802 et
306 1772 338 1802 in
354 1771 451 1802 altera
467 1772 554 1809 parte
570 1770 687 1809 speculi
708 1773 849 1801 remanet
863 1780 935 1810 pars
950 1771 1029 1803 ima-

259 1825 355 1864 ginis,
373 1823 518 1854 similiter
533 1825 564 1853 et
585 1825 659 1853 tota.
682 1822 790 1854 Simile
810 1824 904 1855 etiam
923 1825 1031 1856 dicunt

259 1878 293 1908 in
307 1878 414 1909 anima
428 1876 577 1915 sensibili,
595 1885 667 1915 quae
682 1879 756 1907 nata
771 1879 817 1907 est
832 1887 900 1909 esse
915 1879 948 1909 in
964 1888 1030 1910 cor-

259 1941 335 1972 pore
349 1930 503 1961 annuloso
520 1932 647 1970 propter
661 1930 858 1962 consimilem
873 1933 1029 1963 rationem

258 1985 290 2015 in
308 1984 451 2024 partibus
471 1985 501 2013 et
519 1985 603 2014 toto:
626 1983 709 2014 unde
729 1985 856 2023 quando
875 1985 1030 2016 dividitur

256 2047 328 2077 pars
350 2047 369 2067 a
389 2039 468 2074 toto,
489 2038 632 2066 remanet
653 2036 685 2066 in
705 2045 742 2066 ea
760 2039 825 2067 tota
845 2038 962 2068 anima.
978 2037 1029 2069 Sic

256 2099 314 2121 suo
334 2089 428 2120 modo
446 2089 479 2118 in
505 2089 675 2128 proposito.
691 2088 778 2119 Unde
800 2090 874 2129 quia
896 2099 960 2121 non
983 2093 1029 2122 est

255 2142 438 2183 ponendum
454 2141 487 2171 in
503 2141 562 2171 hoc
577 2143 785 2179 sacramento,
801 2142 863 2172 nisi
877 2143 962 2182 quod
976 2153 1029 2175 ne-

255 2205 340 2227 cesse
355 2198 415 2233 est,
432 2198 462 2224 et
477 2194 556 2224 ratio
572 2194 657 2232 cogit
674 2197 743 2233 post
762 2194 945 2226 fractionem
960 2205 1027 2226 esse

256 2249 289 2279 in
308 2248 451 2288 partibus
469 2246 577 2277 divisis
601 2246 729 2284 hostiae,
751 2249 825 2278 ante
842 2248 1026 2279 fractionem

257 2305 361 2333 autem
376 2309 495 2340 ponere
511 2308 577 2329 esse
592 2299 625 2329 in
641 2300 789 2331 omnibus
804 2302 933 2341 paribus
946 2303 1026 2334 ratio

180 2368 191 2380 1¹
235 2375 240 2380 -
256 2366 321 2388 non
335 2355 437 2394 cogit,
453 2354 567 2384 nolunt
581 2354 717 2393 amplius
736 2364 864 2394 ponere.
880 2356 1025 2387 Aliorum

255 2410 363 2451 opinio
376 2412 433 2446 est,
446 2407 530 2448 quod
542 2416 655 2446 corpus
669 2407 781 2438 Christi
792 2409 834 2439 ita
844 2410 934 2440 estin
947 2412 1023 2449 toto,

255 2465 339 2505 quod
353 2464 387 2494 in
401 2461 541 2502 qualibet
558 2463 647 2500 parte
664 2460 697 2491 in
712 2470 775 2500 qua
792 2462 934 2494 salvatur
953 2473 1022 2503 spe-

255 2520 317 2550 cies
331 2518 444 2554 totius3
459 2517 490 2546 et
505 2515 564 2546 hoc
578 2514 706 2554 quidem
719 2518 843 2555 ponunt
856 2525 921 2548 non
932 2526 1024 2557 prop-

256 2574 302 2602 ter
324 2569 556 2606 necessitatem,
583 2567 637 2598 sed
652 2570 779 2608 propter
800 2570 956 2602 rationem
972 2571 1022 2601 in-

287 2631 320 2662 (α)
336 2630 404 2656 Edit.
424 2629 480 2653 Ven.
496 2628 590 2659 specie.
603 2641 629 2645 -
648 2627 682 2659 (b)
695 2628 756 2654 Cat.
771 2629 831 2654 edit.
846 2631 913 2661 quin.

1102 223 1281 262 (lucentem,
1294 226 1325 254 et
1340 224 1373 254 in
1386 224 1604 262 conversione,
1617 226 1647 255 et
1657 224 1866 256 infractione:

1100 275 1131 305 in
1153 277 1373 315 conversione,
1395 277 1470 317 quia
1489 287 1563 308 cum
1581 280 1683 308 totum
1701 278 1740 308 sit
1756 279 1868 310 homo-

1100 337 1256 367 geneum,
1278 339 1340 360 nou
1363 333 1409 361 est
1430 331 1532 369 major
1551 332 1629 361 ratio
1647 340 1746 371 quare
1767 333 1870 372 magis

1099 391 1163 413 uua
1182 393 1254 422 pars
1270 383 1301 413 iu
1327 392 1424 414 unam
1443 387 1580 423 partem,
1597 394 1693 424 quam
1715 385 1748 415 111
1768 387 1869 416 totum

1098 438 1316 473 eonvertatur,
1333 447 1372 467 ex
1401 446 1464 476 (1110
1484 447 1548 468 non
1569 437 1744 477 requiritur
1764 438 1870 469 deter-

1099 489 1218 519 minata
1236 499 1318 529 pars.
1337 490 1425 521 Unde
1446 490 1662 522 Innocentius:
1683 502 1699 520 α
1712 491 1780 530 Ego
1794 501 1870 523 sane

1097 544 1320 581 concesserim,
1342 544 1426 584 quod
1441 544 1511 574 talis
1527 545 1618 584 panis
1637 543 1669 575 in
1687 544 1781 576 totale
1797 553 1870 575 cor-

1097 606 1156 636 pus
1178 597 1383 636 convertitur,
1406 598 1448 628 ita
1470 600 1576 628 tamen
1594 598 1676 637 quod
1695 598 1783 629 nulla
1798 607 1870 638 pars

1097 650 1186 688 panis
1205 650 1238 680 in
1255 651 1394 690 aliquam
1414 653 1536 690 partem
1552 651 1692 691 corporis
1710 651 1833 682 transit.
1851 662 1866 680 1>

1097 703 1131 733 ln
1146 704 1296 735 fractione
1311 704 1456 735 similiter
1470 705 1617 736 videmus
1635 705 1721 745 quod
1738 714 1803 745 qua
1817 714 1867 736 ra-

1098 757 1182 788 tione
1196 760 1266 797 post
1282 758 1313 788 in
1329 758 1469 797 qualibet
1484 761 1572 798 parte
1587 760 1671 789 totus
1684 761 1742 796 est,
1759 758 1869 790 eadem

1095 811 1217 841 ratione
1231 811 1375 842 similiter
1389 814 1419 841 et
1435 814 1518 842 ante.
1535 810 1623 842 Unde
1641 811 1841 843 Innocentius
1859 823 1866 842 z

1100 875 1113 893 α
1130 863 1210 894 Reor
1231 864 1318 895 salva
1338 864 1400 895 fide
1423 864 1609 904 majestatis,
1635 865 1720 905 quod
1743 865 1797 896 ubi
1823 868 1870 896 est

1095 917 1185 957 panis
1207 920 1423 956 consecratus,
1447 920 1549 948 totum
1569 918 1601 948 in
1620 919 1756 958 singulis
1772 919 1868 959 parti-

1094 970 1153 1000 bus
1179 971 1378 1001 contineatur
1400 981 1407 1002 :
1439 972 1524 1011 quoii
1554 972 1627 1002 inde
1655 973 1866 1012 cognoscitur,

1094 1025 1243 1063 quoniam
1260 1025 1291 1054 in
1308 1027 1523 1065 quotcumque
1536 1028 1641 1066 partes
1656 1026 1774 1066 species
1788 1027 1868 1058 divi-

1092 1077 1217 1115 dantur,
1238 1078 1270 1108 in
1294 1078 1428 1117 singulis
1448 1082 1493 1109 est
1514 1082 1598 1110 totus
1615 1079 1768 1110 Christus.
1790 1091 1804 1109 u
1830 1080 1868 1111 Et

1094 1130 1160 1161 liaec
1182 1131 1294 1170 positio
1315 1133 1361 1161 est
1384 1132 1585 1170 probabilior,
1613 1135 1643 1163 et
1662 1133 1738 1163 huic
1761 1134 1865 1172 magi-‚-

1092 1184 1268 1219 eonsentio,
1295 1184 1371 1223 quia
1399 1185 1469 1214 facit
1498 1186 1537 1215 ari
1567 1186 1731 1216 veritatem
1760 1196 1866 1217 sacra-

1094 1238 1202 1275 menti,
1215 1240 1241 1267 e!
1261 1238 1427 1268 utilitatem
1445 1239 1532 1268 tiilei:
1547 1239 1584 1269 ail
1600 1240 1777 1276 veritatem,
1790 1241 1865 1280 quia

1092 1290 1234 1320 (Iliristus
1243 1291 1285 1320 ilii
1297 1291 1477 1321 continetur
1489 1294 1524 1321 ut
1533 1292 1695 1330 signatum
1708 1293 1738 1323 in
1752 1293 1861 1332 signo:

1091 1341 1457 1380 0111111011111051911011111
1475 1343 1674 1374 uniformiter
1687 1345 1776 1375 estin
1793 1354 1861 1384 par-

1093 1395 1174 1425 tibus
1200 1398 1230 1426 et
1255 1396 1285 1426 in
1312 1399 1392 1433 toto,
1420 1397 1458 1427 ad
1486 1397 1649 1428 veritatem
1676 1399 1863 1430 sacramenti

1090 1451 1208 1488 spectat
1228 1449 1311 1488 quod
1336 1449 1535 1480 uniformiter
1556 1450 1595 1479 sit
1616 1450 1647 1480 in
1671 1451 1813 1490 partibus
1833 1455 1863 1482 et

1089 1502 1121 1532 in
1138 1504 1212 1532 tote.
1234 1502 1282 1532 Ad
1298 1503 1465 1533 utilitatem
1480 1503 1551 1533 tidei
1568 1503 1649 1539 facit,
1666 1504 1742 1544 quia
1758 1504 1861 1544 phan-

1089 1555 1197 1585 tastica
1216 1555 1402 1594 imaginatio
1428 1556 1565 1586 multum
1587 1556 1718 1596 impedit
1742 1565 1800 1587 nos
1822 1557 1875 1588 ab·

1088 1609 1261 1639 elevatione
1272 1609 1310 1638 ad
1324 1609 1600 1649 contemplandum
1617 1610 1782 1641 credenda.
1799 1610 1860 1641 Sed

1087 1663 1113 1692 si
1127 1671 1242 1702 corpus
1263 1662 1375 1693 Christi
1400 1665 1536 1702 ponatur
1560 1663 1603 1692 ibi
1626 1663 1668 1693 ita
1687 1663 1770 1702 quoii
1790 1672 1862 1703 pars

1088 1716 1120 1746 in
1138 1718 1241 1755 parte,
1265 1717 1295 1745 et
1316 1718 1418 1745 totum
1442 1715 1474 1745 in
1493 1718 1575 1753 toto,
1600 1725 1665 1746 non
1687 1718 1734 1746 est
1755 1717 1860 1747 omni-

1088 1769 1181 1799 moda
1194 1768 1363 1798 abstractio
1378 1768 1418 1798 ab
1434 1769 1668 1807 imaginatione.
1687 1768 1747 1800 Sed
1762 1779 1860 1809 quan—

1086 1822 1126 1852 do
1138 1822 1180 1852 ita
1192 1822 1331 1861 ponitur,
1344 1821 1430 1861 quod
1440 1824 1524 1852 totus
1538 1822 1596 1852 sub
1607 1822 1746 1861 qualibet
1757 1825 1856 1862 parte,

1086 1875 1145 1906 hoc
1158 1875 1340 1906 nullatenus
1349 1875 1431 1905 cadit
1445 1875 1505 1905 sub
1517 1875 1756 1914 imaginatione.
1772 1874 1858 1906 Unde

1085 1930 1222 1960 multum
1242 1929 1430 1960 sublevatur
1448 1929 1545 1959 homo
1564 1929 1601 1960 ad
1622 1929 1792 1969 puritatem
1808 1929 1859 1960 in—

1085 1982 1280 2022 telligentire.

1126 2040 1153 2067 i.
1170 2035 1217 2066 Ad
1232 2035 1309 2066 illud
1327 2044 1405 2074 ergo
1421 2035 1505 2075 quod
1521 2034 1668 2074 objicitur
1681 2035 1715 2065 in
1729 2036 1856 2066 contra-

1083 2090 1186 2127 rium,
1204 2088 1286 2128 quod
1303 2088 1346 2118 ibi
1359 2090 1403 2118 est
1419 2088 1570 2125 confusio,
1587 2087 1756 2118 dicendum
1770 2088 1856 2128 quod

1086 2152 1150 2173 non
1165 2144 1227 2178 est,
1246 2142 1321 2181 quia
1335 2141 1392 2171 etsi
1413 2143 1515 2180 partes
1531 2149 1596 2170 non
1614 2140 1856 2179 distinguantur

1082 2195 1258 2225 secundum
1272 2193 1459 2233 positionem
1472 2193 1504 2222 in
1518 2193 1598 2229 loco,
1612 2192 1856 2232 distinguuntur

1082 2251 1189 2279 tamen
1204 2247 1378 2278 secundum
1392 2246 1579 2285 positionem
1593 2246 1624 2276 in
1639 2248 1721 2276 toto:
1739 2247 1771 2276 et
1784 2245 1853 2276 ideo

1080 2310 1145 2332 non
1161 2303 1206 2331 est
1216 2300 1258 2330 ibi
1271 2299 1421 2336 confusio,
1435 2298 1511 2338 quia
1523 2301 1570 2329 est
1584 2298 1628 2329 ibi
1638 2298 1764 2338 positio,
1780 2307 1851 2338 quae

1080 2358 1125 2385 est
1141 2353 1295 2384 ordinatio
1311 2353 1450 2392 partium
1465 2352 1498 2382 111
1515 2354 1591 2382 1010.

1120 2411 1149 2439 2.
1166 2408 1214 2438 Ad
1236 2406 1314 2437 illud
1327 2406 1411 2445 quod
1427 2405 1584 2445 objicitur,
1602 2405 1687 2445 quod
1700 2404 1850 2435 infinities

1079 2465 1173 2499 esset,
1190 2459 1359 2492 dicendum
1373 2459 1459 2498 quod
1478 2458 1626 2499 quamvis
1641 2458 1747 2489 anima
1763 2458 1803 2488 sit
1817 2458 1850 2488 in

1079 2514 1219 2555 qualibet
1240 2514 1329 2553 parte
1353 2512 1513 2552 corporis,
1537 2513 1642 2542 tamen
1667 2510 1763 2541 semel
1786 2513 1847 2547 est,

1079 2568 1153 2608 quia
1166 2575 1270 2598 unum
1285 2567 1331 2596 est
1345 2573 1478 2605 corpus:
1495 2564 1638 2595 similiter
1649 2564 1683 2595 in
1699 2573 1764 2595 una
1777 2564 1850 2596 hos-

1078 2622 1136 2659 tia,
1160 2619 1308 2660 quamvis
1322 2619 1355 2650 in
1379 2618 1529 2649 omnibus
1553 2617 1713 2657 partibus,
1735 2619 1782 2649 est
1806 2617 1847 2648 ibi
