<?xml version="1.0" encoding="UTF-8"?>
<!DOCTYPE html PUBLIC "-//W3C//DTD XHTML 1.0 Transitional//EN"
    "http://www.w3.org/TR/xhtml1/DTD/xhtml1-transitional.dtd">
<html xmlns="http://www.w3.org/1999/xhtml" xml:lang="en" lang="en">
 <head>
  <title>
</title>
<meta http-equiv="Content-Type" content="text/html;charset=utf-8" />
  <meta name='ocr-system' content='tesseract 3.04.00' />
  <meta name='ocr-capabilities' content='ocr_page ocr_carea ocr_par ocr_line ocrx_word'/>
</head>
<body>
  <div class='ocr_page' id='page_1' title='image "./operaomniasixtiv05bonauoft/operaomniasixtiv05bonauoft_0046.png"; bbox 0 0 2017 2948; ppageno 0'>
   <div class='ocr_carea' id='block_1_1' title="bbox 256 203 1278 239">
    <p class='ocr_par' dir='ltr' id='par_1_1' title="bbox 256 203 1278 239">
     <span class='ocr_line' id='line_1_1' title="bbox 256 203 1278 239; baseline -0.004 0"><span class='ocrx_word' id='word_1_1' title='bbox 256 209 294 239; x_wconf 66' lang='grc'>34</span> <span class='ocrx_word' id='word_1_2' title='bbox 796 205 1018 239; x_wconf 79' lang='lat' dir='ltr'><strong>SENTENTIA</strong></span> <span class='ocrx_word' id='word_1_3' title='bbox 1024 204 1107 237; x_wconf 75' lang='lat' dir='ltr'>RUM</span> <span class='ocrx_word' id='word_1_4' title='bbox 1128 203 1203 236; x_wconf 89' lang='lat' dir='ltr'>LIB.</span> <span class='ocrx_word' id='word_1_5' title='bbox 1226 204 1278 236; x_wconf 88' lang='lat'><em>111.</em></span> 
     </span>
    </p>
   </div>
   <div class='ocr_carea' id='block_1_2' title="bbox 246 273 1018 678">
    <p class='ocr_par' dir='ltr' id='par_1_2' title="bbox 246 273 1018 678">
     <span class='ocr_line' id='line_1_2' title="bbox 290 273 1018 313; baseline -0.001 -9"><span class='ocrx_word' id='word_1_6' title='bbox 290 276 320 305; x_wconf 84' lang='lat'>5.</span> <span class='ocrx_word' id='word_1_7' title='bbox 339 273 431 312; x_wconf 86' lang='lat' dir='ltr'>Item,</span> <span class='ocrx_word' id='word_1_8' title='bbox 454 274 585 313; x_wconf 87' lang='lat' dir='ltr'>diligere</span> <span class='ocrx_word' id='word_1_9' title='bbox 606 276 652 306; x_wconf 88' lang='lat' dir='ltr'>est</span> <span class='ocrx_word' id='word_1_10' title='bbox 673 275 752 305; x_wconf 90' lang='lat' dir='ltr'>velle</span> <span class='ocrx_word' id='word_1_11' title='bbox 775 275 896 305; x_wconf 88' lang='lat' dir='ltr'>honum</span> <span class='ocrx_word' id='word_1_12' title='bbox 915 285 921 304; x_wconf 92' lang='lat'>:</span> <span class='ocrx_word' id='word_1_13' title='bbox 939 281 1018 312; x_wconf 84' lang='lat' dir='ltr'>ergo</span> 
     </span>
     <span class='ocr_line' id='line_1_3' title="bbox 250 325 1016 368; baseline 0 -12"><span class='ocrx_word' id='word_1_14' title='bbox 250 325 320 357; x_wconf 85' lang='lat' dir='ltr'>illos</span> <span class='ocrx_word' id='word_1_15' title='bbox 342 328 464 357; x_wconf 87' lang='lat' dir='ltr'>tantum</span> <span class='ocrx_word' id='word_1_16' title='bbox 488 327 610 367; x_wconf 84' lang='lat' dir='ltr'>diligit,</span> <span class='ocrx_word' id='word_1_17' title='bbox 631 328 746 368; x_wconf 88' lang='lat' dir='ltr'>quibus</span> <span class='ocrx_word' id='word_1_18' title='bbox 774 328 843 358; x_wconf 87' lang='lat' dir='ltr'>vult</span> <span class='ocrx_word' id='word_1_19' title='bbox 869 328 989 357; x_wconf 81' lang='lat' dir='ltr'>bonum</span> <span class='ocrx_word' id='word_1_20' title='bbox 1009 335 1016 356; x_wconf 91' lang='lat'><strong>:</strong></span> 
     </span>
     <span class='ocr_line' id='line_1_4' title="bbox 249 379 1015 420; baseline 0.001 -12"><span class='ocrx_word' id='word_1_21' title='bbox 249 379 302 409; x_wconf 87' lang='lat' dir='ltr'>sed</span> <span class='ocrx_word' id='word_1_22' title='bbox 323 379 516 420; x_wconf 74' lang='lat' dir='ltr'>quicumque</span> <span class='ocrx_word' id='word_1_23' title='bbox 530 381 598 411; x_wconf 90' lang='lat' dir='ltr'>vult</span> <span class='ocrx_word' id='word_1_24' title='bbox 619 381 757 417; x_wconf 83' lang='lat' dir='ltr'>bonum,</span> <span class='ocrx_word' id='word_1_25' title='bbox 775 381 847 411; x_wconf 67' lang='lat' dir='ltr'>sat—it</span> <span class='ocrx_word' id='word_1_26' title='bbox 869 381 988 410; x_wconf 80' lang='lat' dir='ltr'>honum</span> <span class='ocrx_word' id='word_1_27' title='bbox 1009 390 1015 409; x_wconf 75' lang='grc' dir='ltr'>ι</span> 
     </span>
     <span class='ocr_line' id='line_1_5' title="bbox 249 433 1018 473; baseline 0 -11"><span class='ocrx_word' id='word_1_28' title='bbox 249 440 328 471; x_wconf 87' lang='lat' dir='ltr'>ergo</span> <span class='ocrx_word' id='word_1_29' title='bbox 344 433 412 463; x_wconf 86' lang='lat' dir='ltr'>illos</span> <span class='ocrx_word' id='word_1_30' title='bbox 427 436 550 464; x_wconf 79' lang='lat' dir='ltr'>tantun]</span> <span class='ocrx_word' id='word_1_31' title='bbox 565 434 671 471; x_wconf 79' lang='lat' dir='ltr'>diligit</span> <span class='ocrx_word' id='word_1_32' title='bbox 686 434 765 465; x_wconf 86' lang='lat' dir='ltr'>Deus</span> <span class='ocrx_word' id='word_1_33' title='bbox 778 458 787 472; x_wconf 82' lang='lat'><em>,</em></span> <span class='ocrx_word' id='word_1_34' title='bbox 804 434 920 473; x_wconf 85' lang='lat' dir='ltr'>quibus</span> <span class='ocrx_word' id='word_1_35' title='bbox 935 434 1018 463; x_wconf 87' lang='lat' dir='ltr'>bona</span> 
     </span>
     <span class='ocr_line' id='line_1_6' title="bbox 248 485 1017 525; baseline -0.001 -9"><span class='ocrx_word' id='word_1_36' title='bbox 248 485 321 516; x_wconf 79' lang='lat' dir='ltr'>facit</span> <span class='ocrx_word' id='word_1_37' title='bbox 337 495 344 516; x_wconf 94' lang='lat'>:</span> <span class='ocrx_word' id='word_1_38' title='bbox 361 486 413 517; x_wconf 86' lang='lat' dir='ltr'>sed</span> <span class='ocrx_word' id='word_1_39' title='bbox 429 487 585 517; x_wconf 85' lang='lat' dir='ltr'>damnatis</span> <span class='ocrx_word' id='word_1_40' title='bbox 606 487 677 517; x_wconf 80' lang='lat' dir='ltr'>tacit</span> <span class='ocrx_word' id='word_1_41' title='bbox 702 487 801 517; x_wconf 84' lang='lat' dir='ltr'>multa</span> <span class='ocrx_word' id='word_1_42' title='bbox 817 487 896 517; x_wconf 67' lang='lat' dir='ltr'>lllaizl</span> <span class='ocrx_word' id='word_1_43' title='bbox 914 498 920 516; x_wconf 88' lang='lat'>:</span> <span class='ocrx_word' id='word_1_44' title='bbox 937 494 1017 525; x_wconf 82' lang='lat' dir='ltr'>ergo</span> 
     </span>
     <span class='ocr_line' id='line_1_7' title="bbox 249 539 1016 580; baseline -0.001 -10"><span class='ocrx_word' id='word_1_45' title='bbox 249 539 373 571; x_wconf 85' lang='lat' dir='ltr'>videtur</span> <span class='ocrx_word' id='word_1_46' title='bbox 394 541 477 579; x_wconf 88' lang='lat' dir='ltr'>quod</span> <span class='ocrx_word' id='word_1_47' title='bbox 499 541 603 580; x_wconf 84' lang='lat' dir='ltr'>potius</span> <span class='ocrx_word' id='word_1_48' title='bbox 625 550 678 571; x_wconf 81' lang='lat' dir='ltr'>eos</span> <span class='ocrx_word' id='word_1_49' title='bbox 703 541 806 578; x_wconf 84' lang='lat' dir='ltr'>odiat,</span> <span class='ocrx_word' id='word_1_50' title='bbox 828 549 924 580; x_wconf 85' lang='lat' dir='ltr'>quam</span> <span class='ocrx_word' id='word_1_51' title='bbox 946 539 1016 570; x_wconf 89' lang='lat' dir='ltr'>dili-</span> 
     </span>
     <span class='ocr_line' id='line_1_8' title="bbox 247 594 1015 633; baseline -0.001 -10"><span class='ocrx_word' id='word_1_52' title='bbox 247 594 300 632; x_wconf 87' lang='lat' dir='ltr'>gat</span> <span class='ocrx_word' id='word_1_53' title='bbox 323 603 329 623; x_wconf 90' lang='lat'>:</span> <span class='ocrx_word' id='word_1_54' title='bbox 353 602 418 624; x_wconf 90' lang='lat' dir='ltr'>non</span> <span class='ocrx_word' id='word_1_55' title='bbox 447 603 522 633; x_wconf 79' lang='lat' dir='ltr'>crgo</span> <span class='ocrx_word' id='word_1_56' title='bbox 545 594 647 632; x_wconf 77' lang='lat' dir='ltr'>diligit</span> <span class='ocrx_word' id='word_1_57' title='bbox 670 594 860 633; x_wconf 78' lang='lat' dir='ltr'>generaliter</span> <span class='ocrx_word' id='word_1_58' title='bbox 888 601 1015 624; x_wconf 87' lang='lat' dir='ltr'>omnem</span> 
     </span>
     <span class='ocr_line' id='line_1_9' title="bbox 246 648 434 678; baseline 0.011 -2"><span class='ocrx_word' id='word_1_59' title='bbox 246 648 434 678; x_wconf 85' lang='lat' dir='ltr'>creaturam.</span> 
     </span>
    </p>
   </div>
   <div class='ocr_carea' id='block_1_3' title="bbox 522 722 746 754">
    <p class='ocr_par' dir='ltr' id='par_1_3' title="bbox 522 722 746 754">
     <span class='ocr_line' id='line_1_10' title="bbox 522 722 746 754; baseline -0.009 0"><span class='ocrx_word' id='word_1_60' title='bbox 522 722 746 754; x_wconf 86' lang='lat' dir='ltr'>CONCLUSIO.</span> 
     </span>
    </p>
   </div>
   <div class='ocr_carea' id='block_1_4' title="bbox 246 797 1016 920">
    <p class='ocr_par' dir='ltr' id='par_1_4' title="bbox 246 797 1016 920">
     <span class='ocr_line' id='line_1_11' title="bbox 246 797 1016 831; baseline 0.001 -8"><span class='ocrx_word' id='word_1_61' title='bbox 246 797 313 824; x_wconf 86' lang='lat' dir='ltr'>Deus</span> <span class='ocrx_word' id='word_1_62' title='bbox 327 805 414 824; x_wconf 83' lang='lat' dir='ltr'>omnes</span> <span class='ocrx_word' id='word_1_63' title='bbox 429 800 564 825; x_wconf 80' lang='lat' dir='ltr'>creaturas</span> <span class='ocrx_word' id='word_1_64' title='bbox 587 799 708 831; x_wconf 50' lang='grc' dir='ltr'>φησι-αὴ·</span> <span class='ocrx_word' id='word_1_65' title='bbox 731 797 847 831; x_wconf 78' lang='lat' dir='ltr'>quadam</span> <span class='ocrx_word' id='word_1_66' title='bbox 874 797 1016 824; x_wconf 73' lang='lat' dir='ltr'>dilectione</span> 
     </span>
     <span class='ocr_line' id='line_1_12' title="bbox 280 841 1016 876; baseline -0.001 -8"><span class='ocrx_word' id='word_1_67' title='bbox 280 841 386 875; x_wconf 67' lang='lat' dir='ltr'>dz&#39;liyz&#39;c,</span> <span class='ocrx_word' id='word_1_68' title='bbox 400 850 457 868; x_wconf 80' lang='lat' dir='ltr'>cum</span> <span class='ocrx_word' id='word_1_69' title='bbox 471 843 613 869; x_wconf 76' lang='lat' dir='ltr'>naturalia</span> <span class='ocrx_word' id='word_1_70' title='bbox 629 842 699 868; x_wconf 77' lang='lat' dir='ltr'>dona</span> <span class='ocrx_word' id='word_1_71' title='bbox 714 843 858 876; x_wconf 63' lang='lat' dir='ltr'>unicuique</span> <span class='ocrx_word' id='word_1_72' title='bbox 872 842 1016 868; x_wconf 69' lang='lat' dir='ltr'>communi*-</span> 
     </span>
     <span class='ocr_line' id='line_1_13' title="bbox 280 885 902 920; baseline 0 -8"><span class='ocrx_word' id='word_1_73' title='bbox 280 888 333 917; x_wconf 67' lang='grc' dir='ltr'>εει,</span> <span class='ocrx_word' id='word_1_74' title='bbox 351 885 411 913; x_wconf 74' lang='lat' dir='ltr'>licet</span> <span class='ocrx_word' id='word_1_75' title='bbox 426 894 477 913; x_wconf 77' lang='lat' dir='ltr'>non</span> <span class='ocrx_word' id='word_1_76' title='bbox 492 887 613 913; x_wconf 74' lang='lat' dir='ltr'>omnibus</span> <span class='ocrx_word' id='word_1_77' title='bbox 628 887 670 913; x_wconf 73' lang='lat' dir='ltr'>dee</span> <span class='ocrx_word' id='word_1_78' title='bbox 686 887 755 913; x_wconf 77' lang='lat' dir='ltr'>dona</span> <span class='ocrx_word' id='word_1_79' title='bbox 770 887 902 920; x_wconf 56' lang='lat' dir='ltr'>Gratuita.</span> 
     </span>
    </p>
   </div>
   <div class='ocr_carea' id='block_1_5' title="bbox 235 964 1015 2434">
    <p class='ocr_par' dir='ltr' id='par_1_5' title="bbox 235 964 1015 2273">
     <span class='ocr_line' id='line_1_14' title="bbox 286 964 1014 1005; baseline -0.001 -9"><span class='ocrx_word' id='word_1_80' title='bbox 286 964 377 1005; x_wconf 82' lang='lat' dir='ltr'>Resp.</span> <span class='ocrx_word' id='word_1_81' title='bbox 411 966 450 996; x_wconf 84' lang='lat' dir='ltr'>ad</span> <span class='ocrx_word' id='word_1_82' title='bbox 474 975 547 1005; x_wconf 83' lang='lat' dir='ltr'>arg.</span> <span class='ocrx_word' id='word_1_83' title='bbox 575 966 623 997; x_wconf 84' lang='lat' dir='ltr'>Ad</span> <span class='ocrx_word' id='word_1_84' title='bbox 648 966 745 1005; x_wconf 77' lang='lat' dir='ltr'>huJus</span> <span class='ocrx_word' id='word_1_85' title='bbox 769 965 1014 1004; x_wconf 80' lang='lat' dir='ltr'>intelligentiam</span> 
     </span>
     <span class='ocr_line' id='line_1_15' title="bbox 244 1019 1015 1059; baseline 0 -10"><span class='ocrx_word' id='word_1_86' title='bbox 244 1019 429 1058; x_wconf 78' lang='lat' dir='ltr'>quaestionis</span> <span class='ocrx_word' id='word_1_87' title='bbox 451 1021 496 1049; x_wconf 85' lang='lat' dir='ltr'>est</span> <span class='ocrx_word' id='word_1_88' title='bbox 517 1019 710 1057; x_wconf 80' lang='lat' dir='ltr'>notandum,</span> <span class='ocrx_word' id='word_1_89' title='bbox 738 1019 821 1059; x_wconf 88' lang='lat' dir='ltr'>quod</span> <span class='ocrx_word' id='word_1_90' title='bbox 846 1019 928 1049; x_wconf 87' lang='lat' dir='ltr'>Deus</span> <span class='ocrx_word' id='word_1_91' title='bbox 950 1028 1015 1049; x_wconf 91' lang='lat' dir='ltr'>non</span> 
     </span>
     <span class='ocr_line' id='line_1_16' title="bbox 244 1068 1012 1109; baseline 0 -9"><span class='ocrx_word' id='word_1_92' title='bbox 244 1068 357 1100; x_wconf 84' lang='lat' dir='ltr'>dicitur</span> <span class='ocrx_word' id='word_1_93' title='bbox 378 1072 555 1100; x_wconf 83' lang='lat' dir='ltr'>creaturam</span> <span class='ocrx_word' id='word_1_94' title='bbox 578 1070 710 1109; x_wconf 84' lang='lat' dir='ltr'>diligere</span> <span class='ocrx_word' id='word_1_95' title='bbox 731 1070 851 1100; x_wconf 88' lang='lat' dir='ltr'>ratione</span> <span class='ocrx_word' id='word_1_96' title='bbox 871 1070 1012 1100; x_wconf 82' lang='lat' dir='ltr'>affectio-</span> 
     </span>
     <span class='ocr_line' id='line_1_17' title="bbox 242 1122 1014 1161; baseline 0 -8"><span class='ocrx_word' id='word_1_97' title='bbox 242 1122 308 1160; x_wconf 86' lang='lat' dir='ltr'>nis,</span> <span class='ocrx_word' id='word_1_98' title='bbox 335 1122 388 1153; x_wconf 88' lang='lat' dir='ltr'>sed</span> <span class='ocrx_word' id='word_1_99' title='bbox 415 1123 535 1153; x_wconf 88' lang='lat' dir='ltr'>ratione</span> <span class='ocrx_word' id='word_1_100' title='bbox 557 1124 853 1153; x_wconf 76' lang='lat' dir='ltr'>communicationis</span> <span class='ocrx_word' id='word_1_101' title='bbox 878 1123 1014 1161; x_wconf 78' lang='lat' dir='ltr'>alicujfls</span> 
     </span>
     <span class='ocr_line' id='line_1_18' title="bbox 242 1174 1013 1216; baseline 0.001 -11"><span class='ocrx_word' id='word_1_102' title='bbox 242 1174 336 1213; x_wconf 88' lang='lat' dir='ltr'>boni,</span> <span class='ocrx_word' id='word_1_103' title='bbox 363 1175 406 1206; x_wconf 86' lang='lat' dir='ltr'>ita</span> <span class='ocrx_word' id='word_1_104' title='bbox 429 1176 511 1215; x_wconf 84' lang='lat' dir='ltr'>quod</span> <span class='ocrx_word' id='word_1_105' title='bbox 537 1176 662 1206; x_wconf 84' lang='lat' dir='ltr'>dilectio</span> <span class='ocrx_word' id='word_1_106' title='bbox 690 1176 741 1206; x_wconf 87' lang='lat' dir='ltr'>Dei</span> <span class='ocrx_word' id='word_1_107' title='bbox 768 1176 874 1216; x_wconf 88' lang='lat' dir='ltr'>potius</span> <span class='ocrx_word' id='word_1_108' title='bbox 900 1176 1013 1206; x_wconf 88' lang='lat' dir='ltr'>dicitur</span> 
     </span>
     <span class='ocr_line' id='line_1_19' title="bbox 240 1228 1010 1269; baseline 0.001 -11"><span class='ocrx_word' id='word_1_109' title='bbox 240 1236 306 1259; x_wconf 86' lang='lat' dir='ltr'>esse</span> <span class='ocrx_word' id='word_1_110' title='bbox 330 1228 454 1259; x_wconf 87' lang='lat' dir='ltr'>dilectio</span> <span class='ocrx_word' id='word_1_111' title='bbox 477 1229 617 1267; x_wconf 76' lang='lat' dir='ltr'>effeetus,</span> <span class='ocrx_word' id='word_1_112' title='bbox 639 1238 736 1269; x_wconf 89' lang='lat' dir='ltr'>quam</span> <span class='ocrx_word' id='word_1_113' title='bbox 760 1229 899 1260; x_wconf 82' lang='lat' dir='ltr'>affectus.</span> <span class='ocrx_word' id='word_1_114' title='bbox 920 1228 1010 1259; x_wconf 82' lang='lat' dir='ltr'>Coni-</span> 
     </span>
     <span class='ocr_line' id='line_1_20' title="bbox 240 1281 1012 1313; baseline 0 -1"><span class='ocrx_word' id='word_1_115' title='bbox 240 1281 412 1312; x_wconf 85' lang='lat' dir='ltr'>muuicatio</span> <span class='ocrx_word' id='word_1_116' title='bbox 422 1284 529 1311; x_wconf 88' lang='lat' dir='ltr'>autem</span> <span class='ocrx_word' id='word_1_117' title='bbox 544 1282 659 1312; x_wconf 60' lang='lat' dir='ltr'>divina}</span> <span class='ocrx_word' id='word_1_118' title='bbox 676 1283 823 1312; x_wconf 79' lang='lat' dir='ltr'>bonitatis</span> <span class='ocrx_word' id='word_1_119' title='bbox 839 1283 1012 1313; x_wconf 85' lang='lat' dir='ltr'>attenditur</span> 
     </span>
     <span class='ocr_line' id='line_1_21' title="bbox 240 1334 1012 1374; baseline 0.001 -10"><span class='ocrx_word' id='word_1_120' title='bbox 240 1334 272 1364; x_wconf 91' lang='lat' dir='ltr'>in</span> <span class='ocrx_word' id='word_1_121' title='bbox 287 1334 403 1374; x_wconf 84' lang='lat' dir='ltr'>duplici</span> <span class='ocrx_word' id='word_1_122' title='bbox 420 1343 537 1373; x_wconf 80' lang='lat' dir='ltr'>genere</span> <span class='ocrx_word' id='word_1_123' title='bbox 554 1335 694 1372; x_wconf 64' lang='lat' dir='ltr'>effectus,</span> <span class='ocrx_word' id='word_1_124' title='bbox 711 1335 856 1365; x_wconf 87' lang='lat' dir='ltr'>videlicet</span> <span class='ocrx_word' id='word_1_125' title='bbox 870 1336 902 1365; x_wconf 91' lang='lat' dir='ltr'>iu</span> <span class='ocrx_word' id='word_1_126' title='bbox 918 1336 1012 1366; x_wconf 74' lang='lat' dir='ltr'>essec-</span> 
     </span>
     <span class='ocr_line' id='line_1_22' title="bbox 239 1387 1011 1426; baseline 0 -8"><span class='ocrx_word' id='word_1_127' title='bbox 239 1387 323 1418; x_wconf 83' lang='lat' dir='ltr'>tibus</span> <span class='ocrx_word' id='word_1_128' title='bbox 338 1389 461 1417; x_wconf 66' lang='lat' dir='ltr'>naturae</span> <span class='ocrx_word' id='word_1_129' title='bbox 474 1412 481 1423; x_wconf 75' lang='lat'>,</span> <span class='ocrx_word' id='word_1_130' title='bbox 502 1390 532 1418; x_wconf 86' lang='lat' dir='ltr'>et</span> <span class='ocrx_word' id='word_1_131' title='bbox 551 1387 714 1418; x_wconf 73' lang='lat' dir='ltr'>effectibus</span> <span class='ocrx_word' id='word_1_132' title='bbox 731 1389 855 1426; x_wconf 69' lang='lat' dir='ltr'>gratize.</span> <span class='ocrx_word' id='word_1_133' title='bbox 874 1388 1011 1418; x_wconf 74' lang='lat' dir='ltr'>Effectus</span> 
     </span>
     <span class='ocr_line' id='line_1_23' title="bbox 239 1441 1010 1478; baseline 0 -7"><span class='ocrx_word' id='word_1_134' title='bbox 239 1442 362 1471; x_wconf 62' lang='lat' dir='ltr'>naturae</span> <span class='ocrx_word' id='word_1_135' title='bbox 395 1441 545 1471; x_wconf 88' lang='lat' dir='ltr'>omnibus</span> <span class='ocrx_word' id='word_1_136' title='bbox 579 1443 625 1471; x_wconf 83' lang='lat' dir='ltr'>est</span> <span class='ocrx_word' id='word_1_137' title='bbox 657 1441 854 1478; x_wconf 83' lang='lat' dir='ltr'>communis;</span> <span class='ocrx_word' id='word_1_138' title='bbox 881 1441 1010 1471; x_wconf 82' lang='lat' dir='ltr'>effectus</span> 
     </span>
     <span class='ocr_line' id='line_1_24' title="bbox 238 1493 1008 1533; baseline 0 -10"><span class='ocrx_word' id='word_1_139' title='bbox 238 1502 314 1523; x_wconf 87' lang='lat' dir='ltr'>vero</span> <span class='ocrx_word' id='word_1_140' title='bbox 329 1494 441 1531; x_wconf 76' lang='lat' dir='ltr'>gratiae</span> <span class='ocrx_word' id='word_1_141' title='bbox 456 1503 530 1523; x_wconf 89' lang='lat' dir='ltr'>non.</span> <span class='ocrx_word' id='word_1_142' title='bbox 548 1493 627 1523; x_wconf 90' lang='lat' dir='ltr'>Hinc</span> <span class='ocrx_word' id='word_1_143' title='bbox 643 1496 689 1523; x_wconf 88' lang='lat' dir='ltr'>est</span> <span class='ocrx_word' id='word_1_144' title='bbox 704 1494 787 1533; x_wconf 88' lang='lat' dir='ltr'>quod</span> <span class='ocrx_word' id='word_1_145' title='bbox 803 1494 926 1524; x_wconf 84' lang='lat' dir='ltr'>dileetio</span> <span class='ocrx_word' id='word_1_146' title='bbox 943 1494 1008 1532; x_wconf 69' lang='lat' dir='ltr'>Dei,</span> 
     </span>
     <span class='ocr_line' id='line_1_25' title="bbox 239 1547 1010 1586; baseline 0 -10"><span class='ocrx_word' id='word_1_147' title='bbox 239 1549 395 1586; x_wconf 89' lang='lat' dir='ltr'>quantum</span> <span class='ocrx_word' id='word_1_148' title='bbox 419 1547 458 1577; x_wconf 88' lang='lat' dir='ltr'>ad</span> <span class='ocrx_word' id='word_1_149' title='bbox 479 1547 625 1577; x_wconf 69' lang='lat' dir='ltr'>ellectum</span> <span class='ocrx_word' id='word_1_150' title='bbox 644 1549 780 1584; x_wconf 69' lang='lat' dir='ltr'>naturae,</span> <span class='ocrx_word' id='word_1_151' title='bbox 797 1549 843 1576; x_wconf 83' lang='lat' dir='ltr'>ost</span> <span class='ocrx_word' id='word_1_152' title='bbox 862 1547 1010 1577; x_wconf 81' lang='lat' dir='ltr'>omuibus</span> 
     </span>
     <span class='ocr_line' id='line_1_26' title="bbox 238 1600 1004 1639; baseline 0 -10"><span class='ocrx_word' id='word_1_153' title='bbox 238 1600 418 1630; x_wconf 84' lang='lat' dir='ltr'>communis</span> <span class='ocrx_word' id='word_1_154' title='bbox 441 1603 470 1630; x_wconf 88' lang='lat' dir='ltr'>et</span> <span class='ocrx_word' id='word_1_155' title='bbox 497 1600 671 1639; x_wconf 80' lang='lat' dir='ltr'>generalis,</span> <span class='ocrx_word' id='word_1_156' title='bbox 688 1603 718 1630; x_wconf 81' lang='lat' dir='ltr'>et</span> <span class='ocrx_word' id='word_1_157' title='bbox 733 1600 906 1630; x_wconf 84' lang='lat' dir='ltr'>seeundum</span> <span class='ocrx_word' id='word_1_158' title='bbox 923 1600 1004 1630; x_wconf 88' lang='lat' dir='ltr'>hanc</span> 
     </span>
     <span class='ocr_line' id='line_1_27' title="bbox 238 1652 1008 1692; baseline 0 -10"><span class='ocrx_word' id='word_1_159' title='bbox 238 1652 351 1683; x_wconf 86' lang='lat' dir='ltr'>dicitur</span> <span class='ocrx_word' id='word_1_160' title='bbox 374 1653 508 1692; x_wconf 85' lang='lat' dir='ltr'>diligere</span> <span class='ocrx_word' id='word_1_161' title='bbox 531 1664 660 1684; x_wconf 84' lang='lat' dir='ltr'>omnem</span> <span class='ocrx_word' id='word_1_162' title='bbox 681 1657 877 1691; x_wconf 76' lang='lat' dir='ltr'>creaturam3</span> <span class='ocrx_word' id='word_1_163' title='bbox 905 1662 1008 1692; x_wconf 85' lang='lat' dir='ltr'>quan-</span> 
     </span>
     <span class='ocr_line' id='line_1_28' title="bbox 238 1706 1010 1746; baseline 0 -10"><span class='ocrx_word' id='word_1_164' title='bbox 238 1707 306 1736; x_wconf 87' lang='lat' dir='ltr'>tum</span> <span class='ocrx_word' id='word_1_165' title='bbox 330 1706 368 1736; x_wconf 90' lang='lat' dir='ltr'>ad</span> <span class='ocrx_word' id='word_1_166' title='bbox 395 1706 541 1737; x_wconf 80' lang='lat' dir='ltr'>effectum</span> <span class='ocrx_word' id='word_1_167' title='bbox 567 1708 698 1746; x_wconf 81' lang='lat' dir='ltr'>gratiae,</span> <span class='ocrx_word' id='word_1_168' title='bbox 725 1709 771 1737; x_wconf 84' lang='lat' dir='ltr'>est</span> <span class='ocrx_word' id='word_1_169' title='bbox 795 1706 960 1746; x_wconf 66' lang='lat' dir='ltr'>specialis:</span> <span class='ocrx_word' id='word_1_170' title='bbox 979 1709 1010 1737; x_wconf 91' lang='lat' dir='ltr'>et</span> 
     </span>
     <span class='ocr_line' id='line_1_29' title="bbox 237 1760 1008 1799; baseline 0 -11"><span class='ocrx_word' id='word_1_171' title='bbox 237 1761 393 1798; x_wconf 85' lang='lat' dir='ltr'>quantum</span> <span class='ocrx_word' id='word_1_172' title='bbox 417 1760 456 1789; x_wconf 84' lang='lat' dir='ltr'>ad</span> <span class='ocrx_word' id='word_1_173' title='bbox 476 1760 582 1797; x_wconf 84' lang='lat' dir='ltr'>istum,</span> <span class='ocrx_word' id='word_1_174' title='bbox 600 1761 753 1799; x_wconf 84' lang='lat' dir='ltr'>quosdam</span> <span class='ocrx_word' id='word_1_175' title='bbox 777 1760 893 1798; x_wconf 75' lang='lat' dir='ltr'>diligit,</span> <span class='ocrx_word' id='word_1_176' title='bbox 911 1768 1008 1799; x_wconf 81' lang='lat' dir='ltr'>quos-</span> 
     </span>
     <span class='ocr_line' id='line_1_30' title="bbox 236 1811 1006 1852; baseline 0 -11"><span class='ocrx_word' id='word_1_177' title='bbox 236 1811 309 1842; x_wconf 84' lang='lat' dir='ltr'>dam</span> <span class='ocrx_word' id='word_1_178' title='bbox 333 1812 409 1850; x_wconf 84' lang='lat' dir='ltr'>odit,</span> <span class='ocrx_word' id='word_1_179' title='bbox 433 1813 507 1852; x_wconf 85' lang='lat' dir='ltr'>quia</span> <span class='ocrx_word' id='word_1_180' title='bbox 523 1813 651 1852; x_wconf 85' lang='lat' dir='ltr'>quidam</span> <span class='ocrx_word' id='word_1_181' title='bbox 666 1813 785 1843; x_wconf 79' lang='lat' dir='ltr'>hahent</span> <span class='ocrx_word' id='word_1_182' title='bbox 805 1813 836 1842; x_wconf 89' lang='lat' dir='ltr'>in</span> <span class='ocrx_word' id='word_1_183' title='bbox 860 1822 892 1842; x_wconf 87' lang='lat' dir='ltr'>se</span> <span class='ocrx_word' id='word_1_184' title='bbox 914 1812 1006 1842; x_wconf 75' lang='lat' dir='ltr'>effec-</span> 
     </span>
     <span class='ocr_line' id='line_1_31' title="bbox 236 1866 1006 1905; baseline -0.001 -10"><span class='ocrx_word' id='word_1_185' title='bbox 236 1866 304 1895; x_wconf 77' lang='lat' dir='ltr'>tum</span> <span class='ocrx_word' id='word_1_186' title='bbox 321 1866 446 1904; x_wconf 77' lang='lat' dir='ltr'>gratiae,</span> <span class='ocrx_word' id='word_1_187' title='bbox 463 1866 592 1905; x_wconf 85' lang='lat' dir='ltr'>quidam</span> <span class='ocrx_word' id='word_1_188' title='bbox 608 1867 762 1896; x_wconf 80' lang='lat' dir='ltr'>defectum</span> <span class='ocrx_word' id='word_1_189' title='bbox 779 1866 880 1905; x_wconf 82' lang='lat' dir='ltr'>culpae</span> <span class='ocrx_word' id='word_1_190' title='bbox 895 1867 926 1895; x_wconf 81' lang='lat' dir='ltr'>et</span> <span class='ocrx_word' id='word_1_191' title='bbox 940 1874 1006 1904; x_wconf 62' lang='grc'>1103-</span> 
     </span>
     <span class='ocr_line' id='line_1_32' title="bbox 237 1918 1008 1958; baseline -0.001 -10"><span class='ocrx_word' id='word_1_192' title='bbox 237 1926 299 1948; x_wconf 80' lang='lat' dir='ltr'>nae.</span> <span class='ocrx_word' id='word_1_193' title='bbox 318 1918 464 1949; x_wconf 81' lang='lat' dir='ltr'>Rationes</span> <span class='ocrx_word' id='word_1_194' title='bbox 479 1928 558 1958; x_wconf 83' lang='lat' dir='ltr'>ergo</span> <span class='ocrx_word' id='word_1_195' title='bbox 575 1929 700 1957; x_wconf 69' lang='lat' dir='ltr'>omnes,</span> <span class='ocrx_word' id='word_1_196' title='bbox 717 1928 789 1958; x_wconf 82' lang='lat' dir='ltr'>quae</span> <span class='ocrx_word' id='word_1_197' title='bbox 812 1919 1008 1948; x_wconf 84' lang='lat' dir='ltr'>inducuntur</span> 
     </span>
     <span class='ocr_line' id='line_1_33' title="bbox 235 1971 1003 2012; baseline 0 -12"><span class='ocrx_word' id='word_1_198' title='bbox 235 1971 274 2000; x_wconf 84' lang='lat' dir='ltr'>ad</span> <span class='ocrx_word' id='word_1_199' title='bbox 294 1971 431 2010; x_wconf 78' lang='lat' dir='ltr'>primam</span> <span class='ocrx_word' id='word_1_200' title='bbox 454 1976 586 2011; x_wconf 76' lang='lat' dir='ltr'>partem,</span> <span class='ocrx_word' id='word_1_201' title='bbox 605 1975 634 2003; x_wconf 89' lang='lat' dir='ltr'>et</span> <span class='ocrx_word' id='word_1_202' title='bbox 654 1973 789 2012; x_wconf 86' lang='lat' dir='ltr'>probant</span> <span class='ocrx_word' id='word_1_203' title='bbox 812 1972 911 2002; x_wconf 82' lang='lat' dir='ltr'>Deum</span> <span class='ocrx_word' id='word_1_204' title='bbox 934 1980 1003 2001; x_wconf 81' lang='lat' dir='ltr'>om-</span> 
     </span>
     <span class='ocr_line' id='line_1_34' title="bbox 235 2024 1008 2064; baseline 0 -10"><span class='ocrx_word' id='word_1_205' title='bbox 235 2033 311 2054; x_wconf 88' lang='lat' dir='ltr'>nem</span> <span class='ocrx_word' id='word_1_206' title='bbox 335 2027 510 2055; x_wconf 80' lang='lat' dir='ltr'>creaturam</span> <span class='ocrx_word' id='word_1_207' title='bbox 537 2025 689 2063; x_wconf 78' lang='lat' dir='ltr'>diligere,</span> <span class='ocrx_word' id='word_1_208' title='bbox 715 2025 790 2064; x_wconf 89' lang='lat' dir='ltr'>quia</span> <span class='ocrx_word' id='word_1_209' title='bbox 814 2025 949 2064; x_wconf 86' lang='lat' dir='ltr'>probant</span> <span class='ocrx_word' id='word_1_210' title='bbox 969 2024 1008 2054; x_wconf 85' lang='lat' dir='ltr'>de</span> 
     </span>
     <span class='ocr_line' id='line_1_35' title="bbox 235 2076 1004 2117; baseline 0 -11"><span class='ocrx_word' id='word_1_211' title='bbox 235 2076 400 2108; x_wconf 78' lang='lat' dir='ltr'>dilectione</span> <span class='ocrx_word' id='word_1_212' title='bbox 422 2078 596 2115; x_wconf 82' lang='lat' dir='ltr'>communi,</span> <span class='ocrx_word' id='word_1_213' title='bbox 614 2087 688 2117; x_wconf 66' lang='lat' dir='ltr'>quae</span> <span class='ocrx_word' id='word_1_214' title='bbox 712 2078 884 2107; x_wconf 86' lang='lat' dir='ltr'>attenditur</span> <span class='ocrx_word' id='word_1_215' title='bbox 904 2086 1004 2116; x_wconf 86' lang='lat' dir='ltr'>quan-</span> 
     </span>
     <span class='ocr_line' id='line_1_36' title="bbox 235 2130 1004 2169; baseline -0.001 -9"><span class='ocrx_word' id='word_1_216' title='bbox 235 2131 303 2160; x_wconf 87' lang='lat' dir='ltr'>tum</span> <span class='ocrx_word' id='word_1_217' title='bbox 330 2130 368 2160; x_wconf 86' lang='lat' dir='ltr'>ad</span> <span class='ocrx_word' id='word_1_218' title='bbox 393 2131 712 2161; x_wconf 76' lang='lat' dir='ltr'>communicationem</span> <span class='ocrx_word' id='word_1_219' title='bbox 735 2130 809 2160; x_wconf 84' lang='lat' dir='ltr'>boni</span> <span class='ocrx_word' id='word_1_220' title='bbox 834 2130 1004 2169; x_wconf 84' lang='lat' dir='ltr'>generalis,</span> 
     </span>
     <span class='ocr_line' id='line_1_37' title="bbox 235 2183 1004 2222; baseline 0.001 -10"><span class='ocrx_word' id='word_1_221' title='bbox 235 2184 343 2222; x_wconf 86' lang='lat' dir='ltr'>utpote</span> <span class='ocrx_word' id='word_1_222' title='bbox 368 2184 521 2214; x_wconf 84' lang='lat' dir='ltr'>naturalis</span> <span class='ocrx_word' id='word_1_223' title='bbox 547 2184 715 2220; x_wconf 84' lang='lat' dir='ltr'>honitatis,</span> <span class='ocrx_word' id='word_1_224' title='bbox 744 2192 856 2213; x_wconf 59' lang='lat' dir='ltr'>verum</span> <span class='ocrx_word' id='word_1_225' title='bbox 877 2183 1004 2213; x_wconf 85' lang='lat' dir='ltr'>conclu-</span> 
     </span>
     <span class='ocr_line' id='line_1_38' title="bbox 235 2235 778 2273; baseline 0 -8"><span class='ocrx_word' id='word_1_226' title='bbox 235 2235 324 2273; x_wconf 83' lang='lat' dir='ltr'>dunt,</span> <span class='ocrx_word' id='word_1_227' title='bbox 341 2239 372 2266; x_wconf 89' lang='lat' dir='ltr'>et</span> <span class='ocrx_word' id='word_1_228' title='bbox 386 2236 456 2267; x_wconf 85' lang='lat' dir='ltr'>ideo</span> <span class='ocrx_word' id='word_1_229' title='bbox 472 2236 678 2267; x_wconf 77' lang='lat' dir='ltr'>eoneedendae</span> <span class='ocrx_word' id='word_1_230' title='bbox 693 2239 778 2266; x_wconf 85' lang='lat' dir='ltr'>sunt.</span> 
     </span>
    </p>

    <p class='ocr_par' dir='ltr' id='par_1_6' title="bbox 235 2289 1005 2434">
     <span class='ocr_line' id='line_1_39' title="bbox 277 2289 1003 2329; baseline -0.001 -10"><span class='ocrx_word' id='word_1_231' title='bbox 277 2291 305 2320; x_wconf 74' lang='grc'>1.</span> <span class='ocrx_word' id='word_1_232' title='bbox 323 2289 370 2319; x_wconf 91' lang='lat' dir='ltr'>Ad</span> <span class='ocrx_word' id='word_1_233' title='bbox 391 2289 467 2319; x_wconf 87' lang='lat' dir='ltr'>illud</span> <span class='ocrx_word' id='word_1_234' title='bbox 484 2290 566 2329; x_wconf 85' lang='lat' dir='ltr'>quod</span> <span class='ocrx_word' id='word_1_235' title='bbox 584 2290 686 2329; x_wconf 84' lang='lat' dir='ltr'>primo</span> <span class='ocrx_word' id='word_1_236' title='bbox 707 2289 854 2328; x_wconf 72' lang='lat' dir='ltr'>objicitur</span> <span class='ocrx_word' id='word_1_237' title='bbox 880 2289 911 2318; x_wconf 93' lang='lat' dir='ltr'>in</span> <span class='ocrx_word' id='word_1_238' title='bbox 929 2297 1003 2318; x_wconf 89' lang='lat' dir='ltr'>cou-</span> 
     </span>
     <span class='ocr_line' id='line_1_40' title="bbox 235 2341 1005 2381; baseline -0.003 -9"><span class='ocrx_word' id='word_1_239' title='bbox 235 2342 367 2372; x_wconf 77' lang='lat' dir='ltr'>trarium</span> <span class='ocrx_word' id='word_1_240' title='bbox 379 2366 388 2380; x_wconf 86' lang='lat'><em>,</em></span> <span class='ocrx_word' id='word_1_241' title='bbox 405 2343 488 2381; x_wconf 83' lang='lat' dir='ltr'>quod</span> <span class='ocrx_word' id='word_1_242' title='bbox 508 2342 591 2373; x_wconf 84' lang='lat' dir='ltr'>Deus</span> <span class='ocrx_word' id='word_1_243' title='bbox 607 2342 716 2372; x_wconf 81' lang='lat' dir='ltr'>omnia</span> <span class='ocrx_word' id='word_1_244' title='bbox 732 2351 803 2381; x_wconf 55' lang='lat' dir='ltr'>quae</span> <span class='ocrx_word' id='word_1_245' title='bbox 828 2341 947 2379; x_wconf 78' lang='lat' dir='ltr'>diligit,</span> <span class='ocrx_word' id='word_1_246' title='bbox 965 2350 1005 2371; x_wconf 77' lang='lat' dir='ltr'>ex</span> 
     </span>
     <span class='ocr_line' id='line_1_41' title="bbox 235 2393 1003 2434; baseline -0.004 -9"><span class='ocrx_word' id='word_1_247' title='bbox 235 2395 386 2426; x_wconf 73' lang='lat' dir='ltr'>charitate</span> <span class='ocrx_word' id='word_1_248' title='bbox 401 2395 524 2434; x_wconf 81' lang='lat' dir='ltr'>diligit,</span> <span class='ocrx_word' id='word_1_249' title='bbox 542 2395 709 2425; x_wconf 70' lang='lat' dir='ltr'>dicendum</span> <span class='ocrx_word' id='word_1_250' title='bbox 725 2394 810 2434; x_wconf 86' lang='lat' dir='ltr'>quod</span> <span class='ocrx_word' id='word_1_251' title='bbox 826 2394 885 2424; x_wconf 92' lang='grc'>1100</span> <span class='ocrx_word' id='word_1_252' title='bbox 901 2393 1003 2433; x_wconf 87' lang='lat' dir='ltr'>dupli-</span> 
     </span>
    </p>
   </div>
   <div class='ocr_carea' id='block_1_6' title="bbox 235 2447 1007 2488">
    <p class='ocr_par' dir='ltr' id='par_1_7' title="bbox 235 2447 1007 2488">
     <span class='ocr_line' id='line_1_42' title="bbox 235 2447 1007 2488; baseline -0.003 -10"><span class='ocrx_word' id='word_1_253' title='bbox 235 2448 311 2478; x_wconf 86' lang='lat' dir='ltr'>citer</span> <span class='ocrx_word' id='word_1_254' title='bbox 329 2451 430 2488; x_wconf 87' lang='lat' dir='ltr'>potest</span> <span class='ocrx_word' id='word_1_255' title='bbox 443 2448 581 2487; x_wconf 77' lang='lat' dir='ltr'>intelligi</span> <span class='ocrx_word' id='word_1_256' title='bbox 598 2458 604 2478; x_wconf 91' lang='lat'>:</span> <span class='ocrx_word' id='word_1_257' title='bbox 623 2450 677 2478; x_wconf 87' lang='lat' dir='ltr'>aut</span> <span class='ocrx_word' id='word_1_258' title='bbox 689 2448 731 2477; x_wconf 89' lang='lat' dir='ltr'>ita</span> <span class='ocrx_word' id='word_1_259' title='bbox 744 2447 828 2486; x_wconf 83' lang='lat' dir='ltr'>quod</span> <span class='ocrx_word' id='word_1_260' title='bbox 843 2447 911 2477; x_wconf 80' lang='lat' dir='ltr'>haee</span> <span class='ocrx_word' id='word_1_261' title='bbox 928 2455 1007 2486; x_wconf 73' lang='lat' dir='ltr'>prae-</span> 
     </span>
    </p>
   </div>
   <div class='ocr_carea' id='block_1_7' title="bbox 234 2500 1004 2699">
    <p class='ocr_par' dir='ltr' id='par_1_8' title="bbox 234 2500 1004 2699">
     <span class='ocr_line' id='line_1_43' title="bbox 235 2500 1002 2540; baseline 0 -11"><span class='ocrx_word' id='word_1_262' title='bbox 235 2501 353 2540; x_wconf 85' lang='lat' dir='ltr'>posito,</span> <span class='ocrx_word' id='word_1_263' title='bbox 371 2509 426 2539; x_wconf 69' lang='lat' dir='ltr'>ex,</span> <span class='ocrx_word' id='word_1_264' title='bbox 443 2501 524 2531; x_wconf 87' lang='lat' dir='ltr'>dicat</span> <span class='ocrx_word' id='word_1_265' title='bbox 538 2501 757 2531; x_wconf 72' lang='lat' dir='ltr'>habitudinem</span> <span class='ocrx_word' id='word_1_266' title='bbox 772 2500 916 2539; x_wconf 80' lang='lat' dir='ltr'>principii</span> <span class='ocrx_word' id='word_1_267' title='bbox 935 2508 1002 2530; x_wconf 85' lang='grc'>1110-</span> 
     </span>
     <span class='ocr_line' id='line_1_44' title="bbox 234 2553 1004 2593; baseline -0.003 -10"><span class='ocrx_word' id='word_1_268' title='bbox 234 2553 292 2584; x_wconf 89' lang='lat' dir='ltr'>tivi</span> <span class='ocrx_word' id='word_1_269' title='bbox 307 2556 337 2584; x_wconf 90' lang='lat' dir='ltr'>et</span> <span class='ocrx_word' id='word_1_270' title='bbox 352 2554 527 2593; x_wconf 84' lang='lat' dir='ltr'>productivi</span> <span class='ocrx_word' id='word_1_271' title='bbox 541 2556 684 2593; x_wconf 89' lang='lat' dir='ltr'>respectu</span> <span class='ocrx_word' id='word_1_272' title='bbox 699 2553 828 2583; x_wconf 79' lang='lat' dir='ltr'>effectus</span> <span class='ocrx_word' id='word_1_273' title='bbox 843 2553 956 2590; x_wconf 87' lang='lat' dir='ltr'>creati,</span> <span class='ocrx_word' id='word_1_274' title='bbox 973 2555 1004 2582; x_wconf 87' lang='lat' dir='ltr'>et</span> 
     </span>
     <span class='ocr_line' id='line_1_45' title="bbox 235 2605 1001 2647; baseline 0 -11"><span class='ocrx_word' id='word_1_275' title='bbox 235 2606 280 2636; x_wconf 85' lang='grc'>510</span> <span class='ocrx_word' id='word_1_276' title='bbox 294 2607 413 2645; x_wconf 86' lang='lat' dir='ltr'>omnia,</span> <span class='ocrx_word' id='word_1_277' title='bbox 433 2617 505 2647; x_wconf 66' lang='lat' dir='ltr'>quae</span> <span class='ocrx_word' id='word_1_278' title='bbox 519 2607 634 2646; x_wconf 85' lang='lat' dir='ltr'>diligit,</span> <span class='ocrx_word' id='word_1_279' title='bbox 650 2616 689 2637; x_wconf 79' lang='lat' dir='ltr'>ex</span> <span class='ocrx_word' id='word_1_280' title='bbox 710 2606 861 2637; x_wconf 76' lang='lat' dir='ltr'>charitate</span> <span class='ocrx_word' id='word_1_281' title='bbox 876 2605 1001 2644; x_wconf 84' lang='lat' dir='ltr'>diligit,</span> 
     </span>
     <span class='ocr_line' id='line_1_46' title="bbox 234 2658 1002 2699; baseline -0.003 -9"><span class='ocrx_word' id='word_1_282' title='bbox 234 2659 370 2690; x_wconf 80' lang='lat' dir='ltr'>charitas</span> <span class='ocrx_word' id='word_1_283' title='bbox 390 2661 476 2690; x_wconf 88' lang='lat' dir='ltr'>enim</span> <span class='ocrx_word' id='word_1_284' title='bbox 497 2660 550 2691; x_wconf 83' lang='lat' dir='ltr'>Dei</span> <span class='ocrx_word' id='word_1_285' title='bbox 574 2659 767 2699; x_wconf 87' lang='lat' dir='ltr'>principium</span> <span class='ocrx_word' id='word_1_286' title='bbox 790 2661 836 2689; x_wconf 89' lang='lat' dir='ltr'>est</span> <span class='ocrx_word' id='word_1_287' title='bbox 856 2658 1002 2689; x_wconf 85' lang='lat' dir='ltr'>omnium</span> 
     </span>
    </p>
   </div>
   <div class='ocr_carea' id='block_1_8' title="bbox 1059 272 1845 2694">
    <p class='ocr_par' dir='ltr' id='par_1_9' title="bbox 1069 272 1845 1203">
     <span class='ocr_line' id='line_1_47' title="bbox 1075 272 1845 317; baseline 0.012 -16"><span class='ocrx_word' id='word_1_288' title='bbox 1075 272 1246 302; x_wconf 78' lang='lat' dir='ltr'>effectuum</span> <span class='ocrx_word' id='word_1_289' title='bbox 1265 281 1345 312; x_wconf 90' lang='lat' dir='ltr'>quos</span> <span class='ocrx_word' id='word_1_290' title='bbox 1363 273 1527 312; x_wconf 83' lang='lat' dir='ltr'>producit3</span> <span class='ocrx_word' id='word_1_291' title='bbox 1543 277 1599 306; x_wconf 88' lang='lat' dir='ltr'>aut</span> <span class='ocrx_word' id='word_1_292' title='bbox 1614 276 1658 306; x_wconf 80' lang='lat' dir='ltr'>ita</span> <span class='ocrx_word' id='word_1_293' title='bbox 1680 277 1765 317; x_wconf 88' lang='lat' dir='ltr'>quod</span> <span class='ocrx_word' id='word_1_294' title='bbox 1779 287 1845 310; x_wconf 88' lang='lat' dir='ltr'>non</span> 
     </span>
     <span class='ocr_line' id='line_1_48' title="bbox 1075 325 1845 370; baseline 0.012 -16"><span class='ocrx_word' id='word_1_295' title='bbox 1075 325 1179 355; x_wconf 87' lang='lat' dir='ltr'>solum</span> <span class='ocrx_word' id='word_1_296' title='bbox 1203 325 1284 356; x_wconf 88' lang='lat' dir='ltr'>dicat</span> <span class='ocrx_word' id='word_1_297' title='bbox 1309 325 1527 358; x_wconf 83' lang='lat' dir='ltr'>habitudinem</span> <span class='ocrx_word' id='word_1_298' title='bbox 1551 329 1696 369; x_wconf 72' lang='lat' dir='ltr'>principii</span> <span class='ocrx_word' id='word_1_299' title='bbox 1726 331 1845 370; x_wconf 85' lang='lat' dir='ltr'>produ-</span> 
     </span>
     <span class='ocr_line' id='line_1_49' title="bbox 1075 378 1842 422; baseline 0.01 -16"><span class='ocrx_word' id='word_1_300' title='bbox 1075 378 1183 415; x_wconf 80' lang='lat' dir='ltr'>centis,</span> <span class='ocrx_word' id='word_1_301' title='bbox 1206 387 1318 408; x_wconf 89' lang='lat' dir='ltr'>verum</span> <span class='ocrx_word' id='word_1_302' title='bbox 1341 379 1437 410; x_wconf 85' lang='lat' dir='ltr'>etiam</span> <span class='ocrx_word' id='word_1_303' title='bbox 1459 381 1649 420; x_wconf 75' lang='lat' dir='ltr'>exemplaris</span> <span class='ocrx_word' id='word_1_304' title='bbox 1668 391 1842 422; x_wconf 83' lang='lat' dir='ltr'>repraesen-</span> 
     </span>
     <span class='ocr_line' id='line_1_50' title="bbox 1075 431 1842 475; baseline 0.009 -15"><span class='ocrx_word' id='word_1_305' title='bbox 1075 431 1180 468; x_wconf 83' lang='lat' dir='ltr'>tantis,</span> <span class='ocrx_word' id='word_1_306' title='bbox 1194 433 1224 461; x_wconf 85' lang='lat' dir='ltr'>et</span> <span class='ocrx_word' id='word_1_307' title='bbox 1244 432 1287 461; x_wconf 85' lang='lat' dir='ltr'>sie</span> <span class='ocrx_word' id='word_1_308' title='bbox 1302 431 1404 461; x_wconf 83' lang='lat' dir='ltr'>solun]</span> <span class='ocrx_word' id='word_1_309' title='bbox 1420 432 1489 462; x_wconf 88' lang='grc'>11105</span> <span class='ocrx_word' id='word_1_310' title='bbox 1502 442 1540 463; x_wconf 78' lang='lat' dir='ltr'>ex</span> <span class='ocrx_word' id='word_1_311' title='bbox 1558 434 1710 465; x_wconf 82' lang='lat' dir='ltr'>charitate</span> <span class='ocrx_word' id='word_1_312' title='bbox 1724 435 1842 475; x_wconf 85' lang='lat' dir='ltr'>diligit,</span> 
     </span>
     <span class='ocr_line' id='line_1_51' title="bbox 1074 483 1842 527; baseline 0.009 -15"><span class='ocrx_word' id='word_1_313' title='bbox 1074 483 1189 522; x_wconf 85' lang='lat' dir='ltr'>quibus</span> <span class='ocrx_word' id='word_1_314' title='bbox 1223 485 1435 515; x_wconf 85' lang='lat' dir='ltr'>communicat</span> <span class='ocrx_word' id='word_1_315' title='bbox 1471 486 1656 517; x_wconf 85' lang='lat' dir='ltr'>charitatem</span> <span class='ocrx_word' id='word_1_316' title='bbox 1687 491 1842 527; x_wconf 81' lang='lat' dir='ltr'>creatam,</span> 
     </span>
     <span class='ocr_line' id='line_1_52' title="bbox 1074 536 1842 582; baseline 0.01 -18"><span class='ocrx_word' id='word_1_317' title='bbox 1074 537 1165 575; x_wconf 69' lang='lat' dir='ltr'>cujus</span> <span class='ocrx_word' id='word_1_318' title='bbox 1191 536 1244 567; x_wconf 82' lang='lat' dir='ltr'>illa</span> <span class='ocrx_word' id='word_1_319' title='bbox 1268 546 1417 577; x_wconf 83' lang='lat' dir='ltr'>suprema</span> <span class='ocrx_word' id='word_1_320' title='bbox 1440 539 1576 570; x_wconf 79' lang='lat' dir='ltr'>charitas</span> <span class='ocrx_word' id='word_1_321' title='bbox 1598 543 1643 570; x_wconf 83' lang='lat' dir='ltr'>est</span> <span class='ocrx_word' id='word_1_322' title='bbox 1668 542 1842 582; x_wconf 80' lang='lat' dir='ltr'>exemplar.</span> 
     </span>
     <span class='ocr_line' id='line_1_53' title="bbox 1073 587 1845 633; baseline 0.009 -15"><span class='ocrx_word' id='word_1_323' title='bbox 1073 587 1152 619; x_wconf 87' lang='lat' dir='ltr'>Nam</span> <span class='ocrx_word' id='word_1_324' title='bbox 1169 589 1306 620; x_wconf 83' lang='lat' dir='ltr'>charitas</span> <span class='ocrx_word' id='word_1_325' title='bbox 1322 591 1459 621; x_wconf 86' lang='lat' dir='ltr'>increata</span> <span class='ocrx_word' id='word_1_326' title='bbox 1473 595 1519 623; x_wconf 87' lang='lat' dir='ltr'>est</span> <span class='ocrx_word' id='word_1_327' title='bbox 1533 593 1696 633; x_wconf 85' lang='lat' dir='ltr'>exemplar</span> <span class='ocrx_word' id='word_1_328' title='bbox 1710 594 1845 625; x_wconf 85' lang='lat' dir='ltr'>charita-</span> 
     </span>
     <span class='ocr_line' id='line_1_54' title="bbox 1073 641 1844 683; baseline 0.009 -12"><span class='ocrx_word' id='word_1_329' title='bbox 1073 641 1112 671; x_wconf 90' lang='lat' dir='ltr'>tis</span> <span class='ocrx_word' id='word_1_330' title='bbox 1136 645 1249 673; x_wconf 85' lang='lat' dir='ltr'>creatae</span> <span class='ocrx_word' id='word_1_331' title='bbox 1272 643 1332 673; x_wconf 82' lang='lat' dir='ltr'>sub</span> <span class='ocrx_word' id='word_1_332' title='bbox 1356 644 1477 674; x_wconf 85' lang='lat' dir='ltr'>ratione</span> <span class='ocrx_word' id='word_1_333' title='bbox 1499 645 1679 683; x_wconf 86' lang='lat' dir='ltr'>charitatis;</span> <span class='ocrx_word' id='word_1_334' title='bbox 1707 646 1844 679; x_wconf 86' lang='lat' dir='ltr'>aliorum</span> 
     </span>
     <span class='ocr_line' id='line_1_55' title="bbox 1074 697 1844 736; baseline 0.009 -12"><span class='ocrx_word' id='word_1_335' title='bbox 1074 704 1149 725; x_wconf 86' lang='lat' dir='ltr'>vero</span> <span class='ocrx_word' id='word_1_336' title='bbox 1159 704 1223 725; x_wconf 89' lang='lat' dir='ltr'>non</span> <span class='ocrx_word' id='word_1_337' title='bbox 1239 698 1286 725; x_wconf 87' lang='lat' dir='ltr'>est</span> <span class='ocrx_word' id='word_1_338' title='bbox 1300 697 1463 736; x_wconf 79' lang='lat' dir='ltr'>exemplar</span> <span class='ocrx_word' id='word_1_339' title='bbox 1477 698 1605 728; x_wconf 85' lang='lat' dir='ltr'>subhac</span> <span class='ocrx_word' id='word_1_340' title='bbox 1619 699 1752 730; x_wconf 85' lang='lat' dir='ltr'>ratione.</span> <span class='ocrx_word' id='word_1_341' title='bbox 1765 700 1844 731; x_wconf 88' lang='lat' dir='ltr'>Cum</span> 
     </span>
     <span class='ocr_line' id='line_1_56' title="bbox 1073 748 1844 791; baseline 0.009 -14"><span class='ocrx_word' id='word_1_342' title='bbox 1073 756 1152 786; x_wconf 85' lang='lat' dir='ltr'>ergo</span> <span class='ocrx_word' id='word_1_343' title='bbox 1167 748 1282 778; x_wconf 81' lang='lat' dir='ltr'>dicitur</span> <span class='ocrx_word' id='word_1_344' title='bbox 1297 749 1382 787; x_wconf 85' lang='lat' dir='ltr'>quod</span> <span class='ocrx_word' id='word_1_345' title='bbox 1395 750 1498 780; x_wconf 84' lang='lat' dir='ltr'>solum</span> <span class='ocrx_word' id='word_1_346' title='bbox 1514 750 1575 780; x_wconf 86' lang='lat' dir='ltr'>tria</span> <span class='ocrx_word' id='word_1_347' title='bbox 1593 753 1667 781; x_wconf 87' lang='lat' dir='ltr'>sunt</span> <span class='ocrx_word' id='word_1_348' title='bbox 1681 752 1844 791; x_wconf 82' lang='lat' dir='ltr'>diligenda</span> 
     </span>
     <span class='ocr_line' id='line_1_57' title="bbox 1072 800 1843 839; baseline 0.009 -10"><span class='ocrx_word' id='word_1_349' title='bbox 1072 809 1112 830; x_wconf 86' lang='lat' dir='ltr'>ex</span> <span class='ocrx_word' id='word_1_350' title='bbox 1144 800 1297 831; x_wconf 82' lang='lat' dir='ltr'>charitate</span> <span class='ocrx_word' id='word_1_351' title='bbox 1309 825 1316 839; x_wconf 80' lang='lat'>,</span> <span class='ocrx_word' id='word_1_352' title='bbox 1344 802 1403 832; x_wconf 90' lang='lat' dir='ltr'>hoc</span> <span class='ocrx_word' id='word_1_353' title='bbox 1430 811 1494 833; x_wconf 88' lang='lat' dir='ltr'>non</span> <span class='ocrx_word' id='word_1_354' title='bbox 1524 803 1639 834; x_wconf 89' lang='lat' dir='ltr'>dicitur</span> <span class='ocrx_word' id='word_1_355' title='bbox 1669 806 1843 837; x_wconf 80' lang='lat' dir='ltr'>secundum</span> 
     </span>
     <span class='ocr_line' id='line_1_58' title="bbox 1072 854 1842 898; baseline 0.008 -15"><span class='ocrx_word' id='word_1_356' title='bbox 1072 854 1156 892; x_wconf 87' lang='lat' dir='ltr'>quod</span> <span class='ocrx_word' id='word_1_357' title='bbox 1177 862 1217 885; x_wconf 58' lang='grc' dir='ltr'>επ</span> <span class='ocrx_word' id='word_1_358' title='bbox 1238 854 1341 884; x_wconf 87' lang='grc'>50111111</span> <span class='ocrx_word' id='word_1_359' title='bbox 1364 855 1438 885; x_wconf 88' lang='lat' dir='ltr'>dicit</span> <span class='ocrx_word' id='word_1_360' title='bbox 1458 856 1675 887; x_wconf 77' lang='lat' dir='ltr'>habitudinem</span> <span class='ocrx_word' id='word_1_361' title='bbox 1698 858 1842 898; x_wconf 88' lang='lat' dir='ltr'>principii</span> 
     </span>
     <span class='ocr_line' id='line_1_59' title="bbox 1072 907 1841 949; baseline 0.008 -13"><span class='ocrx_word' id='word_1_362' title='bbox 1072 907 1229 937; x_wconf 86' lang='lat' dir='ltr'>moventis</span> <span class='ocrx_word' id='word_1_363' title='bbox 1250 910 1280 937; x_wconf 90' lang='lat' dir='ltr'>et</span> <span class='ocrx_word' id='word_1_364' title='bbox 1300 907 1504 947; x_wconf 84' lang='lat' dir='ltr'>imperantis,</span> <span class='ocrx_word' id='word_1_365' title='bbox 1521 910 1575 940; x_wconf 89' lang='lat' dir='ltr'>sed</span> <span class='ocrx_word' id='word_1_366' title='bbox 1590 912 1684 949; x_wconf 88' lang='lat' dir='ltr'>prout</span> <span class='ocrx_word' id='word_1_367' title='bbox 1697 911 1771 942; x_wconf 86' lang='lat' dir='ltr'>dicit</span> <span class='ocrx_word' id='word_1_368' title='bbox 1784 911 1841 942; x_wconf 90' lang='lat' dir='ltr'>ha-</span> 
     </span>
     <span class='ocr_line' id='line_1_60' title="bbox 1071 960 1843 996; baseline 0.008 -7"><span class='ocrx_word' id='word_1_369' title='bbox 1071 960 1246 990; x_wconf 87' lang='lat' dir='ltr'>bitudinem</span> <span class='ocrx_word' id='word_1_370' title='bbox 1266 960 1408 991; x_wconf 80' lang='lat' dir='ltr'>formalis</span> <span class='ocrx_word' id='word_1_371' title='bbox 1422 964 1453 992; x_wconf 91' lang='lat' dir='ltr'>et</span> <span class='ocrx_word' id='word_1_372' title='bbox 1471 962 1624 993; x_wconf 85' lang='lat' dir='ltr'>elicientis</span> <span class='ocrx_word' id='word_1_373' title='bbox 1641 974 1647 993; x_wconf 88' lang='lat'>:</span> <span class='ocrx_word' id='word_1_374' title='bbox 1665 965 1696 994; x_wconf 90' lang='lat' dir='ltr'>et</span> <span class='ocrx_word' id='word_1_375' title='bbox 1711 963 1756 994; x_wconf 91' lang='lat' dir='ltr'>sic</span> <span class='ocrx_word' id='word_1_376' title='bbox 1777 973 1843 996; x_wconf 90' lang='lat' dir='ltr'>nou</span> 
     </span>
     <span class='ocr_line' id='line_1_61' title="bbox 1071 1013 1841 1055; baseline 0.008 -13"><span class='ocrx_word' id='word_1_377' title='bbox 1071 1015 1172 1052; x_wconf 85' lang='lat' dir='ltr'>potest</span> <span class='ocrx_word' id='word_1_378' title='bbox 1191 1013 1335 1044; x_wconf 86' lang='lat' dir='ltr'>concludi</span> <span class='ocrx_word' id='word_1_379' title='bbox 1359 1014 1444 1053; x_wconf 89' lang='lat' dir='ltr'>quod</span> <span class='ocrx_word' id='word_1_380' title='bbox 1464 1014 1545 1045; x_wconf 87' lang='lat' dir='ltr'>Deus</span> <span class='ocrx_word' id='word_1_381' title='bbox 1565 1024 1630 1046; x_wconf 91' lang='lat' dir='ltr'>non</span> <span class='ocrx_word' id='word_1_382' title='bbox 1643 1015 1758 1055; x_wconf 86' lang='lat' dir='ltr'>diligat</span> <span class='ocrx_word' id='word_1_383' title='bbox 1771 1026 1841 1048; x_wconf 93' lang='lat' dir='ltr'>om-</span> 
     </span>
     <span class='ocr_line' id='line_1_62' title="bbox 1070 1067 1842 1108; baseline 0.008 -13"><span class='ocrx_word' id='word_1_384' title='bbox 1070 1075 1143 1096; x_wconf 92' lang='lat' dir='ltr'>nem</span> <span class='ocrx_word' id='word_1_385' title='bbox 1179 1069 1356 1097; x_wconf 80' lang='lat' dir='ltr'>ereaturam</span> <span class='ocrx_word' id='word_1_386' title='bbox 1391 1067 1511 1107; x_wconf 85' lang='lat' dir='ltr'>seipso,</span> <span class='ocrx_word' id='word_1_387' title='bbox 1542 1069 1596 1108; x_wconf 87' lang='lat' dir='ltr'>qui</span> <span class='ocrx_word' id='word_1_388' title='bbox 1629 1071 1676 1100; x_wconf 87' lang='lat' dir='ltr'>est</span> <span class='ocrx_word' id='word_1_389' title='bbox 1705 1069 1842 1101; x_wconf 87' lang='lat' dir='ltr'>charitas</span> 
     </span>
     <span class='ocr_line' id='line_1_63' title="bbox 1070 1121 1840 1164; baseline 0.008 -15"><span class='ocrx_word' id='word_1_390' title='bbox 1070 1128 1206 1158; x_wconf 81' lang='lat' dir='ltr'>sumina,</span> <span class='ocrx_word' id='word_1_391' title='bbox 1230 1129 1270 1151; x_wconf 80' lang='lat' dir='ltr'>ex</span> <span class='ocrx_word' id='word_1_392' title='bbox 1289 1129 1353 1160; x_wconf 83' lang='lat' dir='ltr'>qua</span> <span class='ocrx_word' id='word_1_393' title='bbox 1372 1121 1480 1152; x_wconf 85' lang='lat' dir='ltr'>omnia</span> <span class='ocrx_word' id='word_1_394' title='bbox 1498 1121 1581 1153; x_wconf 80' lang='lat' dir='ltr'>bona</span> <span class='ocrx_word' id='word_1_395' title='bbox 1603 1125 1708 1154; x_wconf 86' lang='lat' dir='ltr'>creata</span> <span class='ocrx_word' id='word_1_396' title='bbox 1731 1132 1840 1164; x_wconf 85' lang='lat' dir='ltr'>proce-</span> 
     </span>
     <span class='ocr_line' id='line_1_64' title="bbox 1069 1172 1159 1203; baseline 0.011 -1"><span class='ocrx_word' id='word_1_397' title='bbox 1069 1172 1159 1203; x_wconf 89' lang='lat' dir='ltr'>dunt.</span> 
     </span>
    </p>

    <p class='ocr_par' dir='ltr' id='par_1_10' title="bbox 1060 1226 1842 2480">
     <span class='ocr_line' id='line_1_65' title="bbox 1109 1226 1842 1268; baseline 0.007 -13"><span class='ocrx_word' id='word_1_398' title='bbox 1109 1228 1138 1255; x_wconf 72' lang='grc'>9..</span> <span class='ocrx_word' id='word_1_399' title='bbox 1170 1226 1217 1256; x_wconf 78' lang='lat' dir='ltr'>Ad</span> <span class='ocrx_word' id='word_1_400' title='bbox 1240 1226 1317 1257; x_wconf 86' lang='lat' dir='ltr'>illud</span> <span class='ocrx_word' id='word_1_401' title='bbox 1341 1228 1425 1267; x_wconf 88' lang='lat' dir='ltr'>quod</span> <span class='ocrx_word' id='word_1_402' title='bbox 1449 1228 1614 1268; x_wconf 80' lang='lat' dir='ltr'>objicitur,</span> <span class='ocrx_word' id='word_1_403' title='bbox 1641 1229 1725 1268; x_wconf 89' lang='lat' dir='ltr'>quod</span> <span class='ocrx_word' id='word_1_404' title='bbox 1751 1237 1842 1260; x_wconf 84' lang='lat' dir='ltr'>amor</span> 
     </span>
     <span class='ocr_line' id='line_1_66' title="bbox 1069 1279 1840 1317; baseline 0.006 -9"><span class='ocrx_word' id='word_1_405' title='bbox 1069 1279 1273 1310; x_wconf 78' lang='lat' dir='ltr'>transformat</span> <span class='ocrx_word' id='word_1_406' title='bbox 1287 1283 1447 1311; x_wconf 84' lang='lat' dir='ltr'>amantem</span> <span class='ocrx_word' id='word_1_407' title='bbox 1458 1281 1490 1311; x_wconf 91' lang='lat' dir='ltr'>in</span> <span class='ocrx_word' id='word_1_408' title='bbox 1503 1283 1656 1317; x_wconf 83' lang='lat' dir='ltr'>amatum,</span> <span class='ocrx_word' id='word_1_409' title='bbox 1669 1281 1840 1313; x_wconf 77' lang='lat' dir='ltr'>dicendum</span> 
     </span>
     <span class='ocr_line' id='line_1_67' title="bbox 1068 1332 1838 1374; baseline 0.005 -13"><span class='ocrx_word' id='word_1_410' title='bbox 1068 1332 1151 1371; x_wconf 83' lang='lat' dir='ltr'>quod</span> <span class='ocrx_word' id='word_1_411' title='bbox 1175 1332 1251 1362; x_wconf 86' lang='lat' dir='ltr'>illud</span> <span class='ocrx_word' id='word_1_412' title='bbox 1267 1342 1380 1364; x_wconf 83' lang='lat' dir='ltr'>verum</span> <span class='ocrx_word' id='word_1_413' title='bbox 1402 1337 1448 1364; x_wconf 90' lang='lat' dir='ltr'>est</span> <span class='ocrx_word' id='word_1_414' title='bbox 1468 1333 1505 1364; x_wconf 87' lang='lat' dir='ltr'>de</span> <span class='ocrx_word' id='word_1_415' title='bbox 1523 1343 1631 1364; x_wconf 88' lang='lat' dir='ltr'>amore</span> <span class='ocrx_word' id='word_1_416' title='bbox 1653 1333 1838 1374; x_wconf 82' lang='lat' dir='ltr'>affectionis,</span> 
     </span>
     <span class='ocr_line' id='line_1_68' title="bbox 1068 1385 1837 1424; baseline 0.005 -10"><span class='ocrx_word' id='word_1_417' title='bbox 1068 1385 1124 1424; x_wconf 85' lang='lat' dir='ltr'>qui</span> <span class='ocrx_word' id='word_1_418' title='bbox 1140 1385 1211 1415; x_wconf 84' lang='lat' dir='ltr'>facit</span> <span class='ocrx_word' id='word_1_419' title='bbox 1226 1385 1258 1415; x_wconf 92' lang='lat' dir='ltr'>in</span> <span class='ocrx_word' id='word_1_420' title='bbox 1272 1386 1407 1416; x_wconf 87' lang='lat' dir='ltr'>alterum</span> <span class='ocrx_word' id='word_1_421' title='bbox 1423 1386 1568 1424; x_wconf 86' lang='lat' dir='ltr'>tendere;</span> <span class='ocrx_word' id='word_1_422' title='bbox 1585 1386 1638 1417; x_wconf 88' lang='lat' dir='ltr'>sed</span> <span class='ocrx_word' id='word_1_423' title='bbox 1650 1396 1741 1417; x_wconf 85' lang='lat' dir='ltr'>amor</span> <span class='ocrx_word' id='word_1_424' title='bbox 1755 1387 1837 1418; x_wconf 88' lang='lat' dir='ltr'>divi-</span> 
     </span>
     <span class='ocr_line' id='line_1_69' title="bbox 1067 1439 1839 1471; baseline 0.003 -3"><span class='ocrx_word' id='word_1_425' title='bbox 1067 1447 1128 1468; x_wconf 90' lang='lat' dir='ltr'>nus</span> <span class='ocrx_word' id='word_1_426' title='bbox 1151 1447 1215 1468; x_wconf 92' lang='lat' dir='ltr'>non</span> <span class='ocrx_word' id='word_1_427' title='bbox 1235 1441 1281 1468; x_wconf 78' lang='lat' dir='ltr'>est</span> <span class='ocrx_word' id='word_1_428' title='bbox 1307 1448 1396 1469; x_wconf 86' lang='lat' dir='ltr'>amor</span> <span class='ocrx_word' id='word_1_429' title='bbox 1422 1439 1595 1469; x_wconf 81' lang='lat' dir='ltr'>affectionis</span> <span class='ocrx_word' id='word_1_430' title='bbox 1619 1439 1775 1470; x_wconf 87' lang='lat' dir='ltr'>inclinans</span> <span class='ocrx_word' id='word_1_431' title='bbox 1799 1440 1839 1471; x_wconf 86' lang='lat' dir='ltr'>ad</span> 
     </span>
     <span class='ocr_line' id='line_1_70' title="bbox 1066 1491 1839 1531; baseline 0.005 -11"><span class='ocrx_word' id='word_1_432' title='bbox 1066 1491 1214 1528; x_wconf 78' lang='lat' dir='ltr'>alterum,</span> <span class='ocrx_word' id='word_1_433' title='bbox 1232 1491 1285 1521; x_wconf 87' lang='lat' dir='ltr'>sed</span> <span class='ocrx_word' id='word_1_434' title='bbox 1299 1492 1404 1531; x_wconf 88' lang='lat' dir='ltr'>potius</span> <span class='ocrx_word' id='word_1_435' title='bbox 1418 1491 1480 1521; x_wconf 84' lang='lat' dir='ltr'>alia</span> <span class='ocrx_word' id='word_1_436' title='bbox 1495 1491 1650 1522; x_wconf 83' lang='lat' dir='ltr'>inclinans</span> <span class='ocrx_word' id='word_1_437' title='bbox 1663 1494 1695 1522; x_wconf 85' lang='lat' dir='ltr'>et</span> <span class='ocrx_word' id='word_1_438' title='bbox 1709 1492 1839 1524; x_wconf 82' lang='lat' dir='ltr'>trahens</span> 
     </span>
     <span class='ocr_line' id='line_1_71' title="bbox 1066 1543 1839 1584; baseline 0.004 -11"><span class='ocrx_word' id='word_1_439' title='bbox 1066 1544 1105 1573; x_wconf 87' lang='lat' dir='ltr'>ad</span> <span class='ocrx_word' id='word_1_440' title='bbox 1120 1544 1270 1583; x_wconf 77' lang='lat' dir='ltr'>seipsum.</span> <span class='ocrx_word' id='word_1_441' title='bbox 1284 1543 1371 1574; x_wconf 87' lang='lat' dir='ltr'>Unde</span> <span class='ocrx_word' id='word_1_442' title='bbox 1380 1553 1470 1574; x_wconf 86' lang='lat' dir='ltr'>amor</span> <span class='ocrx_word' id='word_1_443' title='bbox 1484 1544 1610 1574; x_wconf 89' lang='lat' dir='ltr'>divinus</span> <span class='ocrx_word' id='word_1_444' title='bbox 1620 1545 1725 1584; x_wconf 85' lang='lat' dir='ltr'>potius</span> <span class='ocrx_word' id='word_1_445' title='bbox 1739 1547 1839 1576; x_wconf 86' lang='lat' dir='ltr'>trans-</span> 
     </span>
     <span class='ocr_line' id='line_1_72' title="bbox 1066 1597 1835 1637; baseline 0.004 -11"><span class='ocrx_word' id='word_1_446' title='bbox 1066 1597 1180 1628; x_wconf 82' lang='lat' dir='ltr'>format</span> <span class='ocrx_word' id='word_1_447' title='bbox 1208 1600 1239 1627; x_wconf 88' lang='lat' dir='ltr'>et</span> <span class='ocrx_word' id='word_1_448' title='bbox 1267 1598 1441 1628; x_wconf 85' lang='lat' dir='ltr'>conformat</span> <span class='ocrx_word' id='word_1_449' title='bbox 1470 1600 1575 1627; x_wconf 86' lang='lat' dir='ltr'>amata</span> <span class='ocrx_word' id='word_1_450' title='bbox 1607 1597 1666 1637; x_wconf 85' lang='lat' dir='ltr'>ipsi</span> <span class='ocrx_word' id='word_1_451' title='bbox 1695 1599 1835 1637; x_wconf 86' lang='lat' dir='ltr'>amanti,</span> 
     </span>
     <span class='ocr_line' id='line_1_73' title="bbox 1065 1649 1836 1691; baseline 0.005 -12"><span class='ocrx_word' id='word_1_452' title='bbox 1065 1659 1162 1689; x_wconf 84' lang='lat' dir='ltr'>quam</span> <span class='ocrx_word' id='word_1_453' title='bbox 1186 1660 1202 1680; x_wconf 88' lang='lat' dir='ltr'>e</span> <span class='ocrx_word' id='word_1_454' title='bbox 1226 1659 1389 1680; x_wconf 83' lang='lat' dir='ltr'>converso.</span> <span class='ocrx_word' id='word_1_455' title='bbox 1417 1649 1597 1680; x_wconf 85' lang='lat' dir='ltr'>Secundum</span> <span class='ocrx_word' id='word_1_456' title='bbox 1622 1652 1729 1681; x_wconf 84' lang='lat' dir='ltr'>autem</span> <span class='ocrx_word' id='word_1_457' title='bbox 1751 1652 1836 1691; x_wconf 91' lang='lat' dir='ltr'>quod</span> 
     </span>
     <span class='ocr_line' id='line_1_74' title="bbox 1065 1702 1836 1742; baseline 0.004 -10"><span class='ocrx_word' id='word_1_458' title='bbox 1065 1702 1182 1742; x_wconf 79' lang='lat' dir='ltr'>duplex</span> <span class='ocrx_word' id='word_1_459' title='bbox 1206 1705 1253 1733; x_wconf 81' lang='lat' dir='ltr'>est</span> <span class='ocrx_word' id='word_1_460' title='bbox 1273 1703 1478 1733; x_wconf 75' lang='lat' dir='ltr'>conformatio</span> <span class='ocrx_word' id='word_1_461' title='bbox 1502 1703 1644 1742; x_wconf 79' lang='lat' dir='ltr'>ipsarum</span> <span class='ocrx_word' id='word_1_462' title='bbox 1667 1712 1776 1734; x_wconf 86' lang='lat' dir='ltr'>rerum</span> <span class='ocrx_word' id='word_1_463' title='bbox 1796 1704 1836 1736; x_wconf 86' lang='lat' dir='ltr'>ad</span> 
     </span>
     <span class='ocr_line' id='line_1_75' title="bbox 1066 1755 1835 1793; baseline 0.004 -8"><span class='ocrx_word' id='word_1_464' title='bbox 1066 1755 1184 1793; x_wconf 78' lang='lat' dir='ltr'>Deum,</span> <span class='ocrx_word' id='word_1_465' title='bbox 1209 1756 1353 1786; x_wconf 84' lang='lat' dir='ltr'>videlicet</span> <span class='ocrx_word' id='word_1_466' title='bbox 1388 1755 1564 1786; x_wconf 84' lang='lat' dir='ltr'>secundum</span> <span class='ocrx_word' id='word_1_467' title='bbox 1596 1756 1835 1788; x_wconf 86' lang='lat' dir='ltr'>similitudinem</span> 
     </span>
     <span class='ocr_line' id='line_1_76' title="bbox 1065 1808 1835 1849; baseline 0.004 -12"><span class='ocrx_word' id='word_1_468' title='bbox 1065 1808 1204 1847; x_wconf 70' lang='lat' dir='ltr'>vestIgii,</span> <span class='ocrx_word' id='word_1_469' title='bbox 1220 1811 1251 1838; x_wconf 84' lang='lat' dir='ltr'>et</span> <span class='ocrx_word' id='word_1_470' title='bbox 1265 1809 1439 1839; x_wconf 81' lang='lat' dir='ltr'>seeundum</span> <span class='ocrx_word' id='word_1_471' title='bbox 1456 1808 1696 1839; x_wconf 85' lang='lat' dir='ltr'>similitudinem</span> <span class='ocrx_word' id='word_1_472' title='bbox 1709 1818 1835 1849; x_wconf 80' lang='lat' dir='ltr'>expres-</span> 
     </span>
     <span class='ocr_line' id='line_1_77' title="bbox 1064 1861 1833 1901; baseline 0.003 -10"><span class='ocrx_word' id='word_1_473' title='bbox 1064 1871 1153 1899; x_wconf 81' lang='lat' dir='ltr'>sam,</span> <span class='ocrx_word' id='word_1_474' title='bbox 1177 1870 1248 1901; x_wconf 80' lang='lat' dir='ltr'>quae</span> <span class='ocrx_word' id='word_1_475' title='bbox 1273 1864 1318 1891; x_wconf 87' lang='lat' dir='ltr'>est</span> <span class='ocrx_word' id='word_1_476' title='bbox 1342 1861 1421 1891; x_wconf 86' lang='lat' dir='ltr'>ratio</span> <span class='ocrx_word' id='word_1_477' title='bbox 1443 1861 1614 1899; x_wconf 80' lang='lat' dir='ltr'>imaginis3</span> <span class='ocrx_word' id='word_1_478' title='bbox 1641 1862 1685 1892; x_wconf 89' lang='lat' dir='ltr'>sic</span> <span class='ocrx_word' id='word_1_479' title='bbox 1710 1862 1833 1893; x_wconf 89' lang='lat' dir='ltr'>dilectio</span> 
     </span>
     <span class='ocr_line' id='line_1_78' title="bbox 1065 1914 1833 1954; baseline 0.003 -10"><span class='ocrx_word' id='word_1_480' title='bbox 1065 1914 1118 1944; x_wconf 86' lang='lat' dir='ltr'>Dei</span> <span class='ocrx_word' id='word_1_481' title='bbox 1140 1916 1241 1954; x_wconf 85' lang='lat' dir='ltr'>potest</span> <span class='ocrx_word' id='word_1_482' title='bbox 1265 1914 1430 1953; x_wconf 85' lang='lat' dir='ltr'>dupliciter</span> <span class='ocrx_word' id='word_1_483' title='bbox 1448 1914 1564 1954; x_wconf 82' lang='lat' dir='ltr'>accipi,</span> <span class='ocrx_word' id='word_1_484' title='bbox 1588 1917 1623 1945; x_wconf 92' lang='lat' dir='ltr'>ut</span> <span class='ocrx_word' id='word_1_485' title='bbox 1645 1915 1833 1954; x_wconf 67' lang='lat' dir='ltr'>praedictum</span> 
     </span>
     <span class='ocr_line' id='line_1_79' title="bbox 1065 1967 1834 2006; baseline 0.003 -10"><span class='ocrx_word' id='word_1_486' title='bbox 1065 1967 1122 1997; x_wconf 86' lang='lat' dir='ltr'>t&#39;uit</span> <span class='ocrx_word' id='word_1_487' title='bbox 1138 1978 1144 1997; x_wconf 89' lang='lat'>:</span> <span class='ocrx_word' id='word_1_488' title='bbox 1163 1967 1306 1997; x_wconf 74' lang='lat' dir='ltr'>videlicet</span> <span class='ocrx_word' id='word_1_489' title='bbox 1322 1967 1523 2006; x_wconf 82' lang='lat' dir='ltr'>generaliter,</span> <span class='ocrx_word' id='word_1_490' title='bbox 1535 1969 1567 1997; x_wconf 85' lang='lat' dir='ltr'>et</span> <span class='ocrx_word' id='word_1_491' title='bbox 1582 1967 1626 1997; x_wconf 88' lang='lat' dir='ltr'>sic</span> <span class='ocrx_word' id='word_1_492' title='bbox 1640 1976 1705 1997; x_wconf 90' lang='grc'>11011</span> <span class='ocrx_word' id='word_1_493' title='bbox 1719 1976 1834 1998; x_wconf 86' lang='lat' dir='ltr'>conno-</span> 
     </span>
     <span class='ocr_line' id='line_1_80' title="bbox 1064 2019 1833 2059; baseline 0 -9"><span class='ocrx_word' id='word_1_494' title='bbox 1064 2023 1106 2050; x_wconf 85' lang='lat' dir='ltr'>tat</span> <span class='ocrx_word' id='word_1_495' title='bbox 1122 2020 1164 2050; x_wconf 78' lang='lat' dir='ltr'>ihi</span> <span class='ocrx_word' id='word_1_496' title='bbox 1186 2020 1247 2050; x_wconf 88' lang='lat' dir='ltr'>nisi</span> <span class='ocrx_word' id='word_1_497' title='bbox 1270 2020 1442 2059; x_wconf 83' lang='lat' dir='ltr'>quamdam</span> <span class='ocrx_word' id='word_1_498' title='bbox 1465 2019 1649 2058; x_wconf 85' lang='lat' dir='ltr'>generalem</span> <span class='ocrx_word' id='word_1_499' title='bbox 1673 2020 1833 2051; x_wconf 83' lang='lat' dir='ltr'>assimila-</span> 
     </span>
     <span class='ocr_line' id='line_1_81' title="bbox 1063 2073 1832 2112; baseline 0 -9"><span class='ocrx_word' id='word_1_500' title='bbox 1063 2074 1197 2110; x_wconf 78' lang='lat' dir='ltr'>tionem3</span> <span class='ocrx_word' id='word_1_501' title='bbox 1211 2076 1241 2103; x_wconf 88' lang='lat' dir='ltr'>et</span> <span class='ocrx_word' id='word_1_502' title='bbox 1255 2073 1439 2112; x_wconf 83' lang='lat' dir='ltr'>specialiter,</span> <span class='ocrx_word' id='word_1_503' title='bbox 1452 2075 1482 2103; x_wconf 87' lang='lat' dir='ltr'>et</span> <span class='ocrx_word' id='word_1_504' title='bbox 1496 2073 1541 2103; x_wconf 87' lang='lat' dir='ltr'>sic</span> <span class='ocrx_word' id='word_1_505' title='bbox 1555 2074 1704 2103; x_wconf 85' lang='lat' dir='ltr'>connotat</span> <span class='ocrx_word' id='word_1_506' title='bbox 1717 2082 1832 2112; x_wconf 85' lang='lat' dir='ltr'>quam-</span> 
     </span>
     <span class='ocr_line' id='line_1_82' title="bbox 1062 2124 1832 2165; baseline 0.003 -10"><span class='ocrx_word' id='word_1_507' title='bbox 1062 2126 1135 2156; x_wconf 88' lang='lat' dir='ltr'>dam</span> <span class='ocrx_word' id='word_1_508' title='bbox 1167 2134 1348 2165; x_wconf 78' lang='lat' dir='ltr'>expressam</span> <span class='ocrx_word' id='word_1_509' title='bbox 1380 2125 1543 2156; x_wconf 90' lang='lat' dir='ltr'>unionem.</span> <span class='ocrx_word' id='word_1_510' title='bbox 1567 2124 1604 2155; x_wconf 66' lang='lat' dir='ltr'>Et</span> <span class='ocrx_word' id='word_1_511' title='bbox 1625 2125 1695 2155; x_wconf 91' lang='lat' dir='ltr'>ideo</span> <span class='ocrx_word' id='word_1_512' title='bbox 1725 2126 1832 2165; x_wconf 77' lang='lat' dir='ltr'>prima</span> 
     </span>
     <span class='ocr_line' id='line_1_83' title="bbox 1062 2178 1829 2217; baseline 0.001 -8"><span class='ocrx_word' id='word_1_513' title='bbox 1062 2179 1184 2209; x_wconf 85' lang='lat' dir='ltr'>dileetio</span> <span class='ocrx_word' id='word_1_514' title='bbox 1209 2182 1256 2208; x_wconf 88' lang='lat' dir='ltr'>est</span> <span class='ocrx_word' id='word_1_515' title='bbox 1279 2180 1421 2217; x_wconf 88' lang='lat' dir='ltr'>respectu</span> <span class='ocrx_word' id='word_1_516' title='bbox 1446 2178 1552 2208; x_wconf 90' lang='lat' dir='ltr'>omnis</span> <span class='ocrx_word' id='word_1_517' title='bbox 1579 2180 1753 2216; x_wconf 82' lang='lat' dir='ltr'>creaturae;</span> <span class='ocrx_word' id='word_1_518' title='bbox 1779 2188 1829 2210; x_wconf 85' lang='lat' dir='ltr'>se-</span> 
     </span>
     <span class='ocr_line' id='line_1_84' title="bbox 1061 2231 1831 2270; baseline 0 -8"><span class='ocrx_word' id='word_1_519' title='bbox 1061 2232 1163 2262; x_wconf 87' lang='lat' dir='ltr'>cunda</span> <span class='ocrx_word' id='word_1_520' title='bbox 1181 2240 1257 2262; x_wconf 86' lang='lat' dir='ltr'>vero</span> <span class='ocrx_word' id='word_1_521' title='bbox 1272 2240 1337 2261; x_wconf 89' lang='lat' dir='ltr'>nou</span> <span class='ocrx_word' id='word_1_522' title='bbox 1356 2233 1402 2261; x_wconf 85' lang='lat' dir='ltr'>est</span> <span class='ocrx_word' id='word_1_523' title='bbox 1421 2231 1482 2260; x_wconf 88' lang='lat' dir='ltr'>nisi</span> <span class='ocrx_word' id='word_1_524' title='bbox 1506 2232 1575 2270; x_wconf 70' lang='lat' dir='ltr'>eius</span> <span class='ocrx_word' id='word_1_525' title='bbox 1597 2234 1761 2270; x_wconf 83' lang='lat' dir='ltr'>creaturae,</span> <span class='ocrx_word' id='word_1_526' title='bbox 1779 2231 1831 2262; x_wconf 91' lang='lat' dir='ltr'>cui</span> 
     </span>
     <span class='ocr_line' id='line_1_85' title="bbox 1062 2283 1831 2324; baseline 0 -8"><span class='ocrx_word' id='word_1_527' title='bbox 1062 2285 1143 2316; x_wconf 88' lang='lat' dir='ltr'>Deus</span> <span class='ocrx_word' id='word_1_528' title='bbox 1160 2284 1373 2314; x_wconf 74' lang='lat' dir='ltr'>communicat</span> <span class='ocrx_word' id='word_1_529' title='bbox 1394 2283 1594 2321; x_wconf 83' lang='lat' dir='ltr'>charitatem,</span> <span class='ocrx_word' id='word_1_530' title='bbox 1611 2284 1654 2314; x_wconf 78' lang='lat' dir='ltr'>itu</span> <span class='ocrx_word' id='word_1_531' title='bbox 1675 2285 1760 2324; x_wconf 89' lang='lat' dir='ltr'>quod</span> <span class='ocrx_word' id='word_1_532' title='bbox 1775 2294 1831 2324; x_wconf 86' lang='lat' dir='ltr'>per</span> 
     </span>
     <span class='ocr_line' id='line_1_86' title="bbox 1061 2336 1828 2377; baseline 0.001 -9"><span class='ocrx_word' id='word_1_533' title='bbox 1061 2338 1246 2368; x_wconf 77' lang='lat' dir='ltr'>charitatem</span> <span class='ocrx_word' id='word_1_534' title='bbox 1262 2337 1348 2367; x_wconf 87' lang='lat' dir='ltr'>illam</span> <span class='ocrx_word' id='word_1_535' title='bbox 1371 2336 1512 2367; x_wconf 81' lang='lat' dir='ltr'>adhaeret</span> <span class='ocrx_word' id='word_1_536' title='bbox 1533 2337 1596 2367; x_wconf 86' lang='lat' dir='ltr'>Deo</span> <span class='ocrx_word' id='word_1_537' title='bbox 1617 2337 1734 2368; x_wconf 88' lang='lat' dir='ltr'>unione</span> <span class='ocrx_word' id='word_1_538' title='bbox 1756 2347 1828 2377; x_wconf 85' lang='lat' dir='ltr'>per-</span> 
     </span>
     <span class='ocr_line' id='line_1_87' title="bbox 1062 2390 1827 2429; baseline 0.001 -9"><span class='ocrx_word' id='word_1_539' title='bbox 1062 2391 1221 2427; x_wconf 76' lang='lat' dir='ltr'>maxima,</span> <span class='ocrx_word' id='word_1_540' title='bbox 1240 2393 1275 2420; x_wconf 86' lang='lat' dir='ltr'>ut</span> <span class='ocrx_word' id='word_1_541' title='bbox 1289 2390 1332 2419; x_wconf 87' lang='lat' dir='ltr'>sic</span> <span class='ocrx_word' id='word_1_542' title='bbox 1351 2399 1408 2429; x_wconf 90' lang='lat' dir='ltr'>per</span> <span class='ocrx_word' id='word_1_543' title='bbox 1427 2390 1614 2421; x_wconf 82' lang='lat' dir='ltr'>charitatem</span> <span class='ocrx_word' id='word_1_544' title='bbox 1628 2390 1662 2420; x_wconf 88' lang='lat' dir='ltr'>in</span> <span class='ocrx_word' id='word_1_545' title='bbox 1682 2390 1744 2422; x_wconf 86' lang='lat' dir='ltr'>Deo</span> <span class='ocrx_word' id='word_1_546' title='bbox 1760 2399 1827 2421; x_wconf 88' lang='lat' dir='ltr'>ma-</span> 
     </span>
     <span class='ocr_line' id='line_1_88' title="bbox 1060 2443 1399 2480; baseline -0.006 -6"><span class='ocrx_word' id='word_1_547' title='bbox 1060 2446 1144 2480; x_wconf 82' lang='lat' dir='ltr'>neat,</span> <span class='ocrx_word' id='word_1_548' title='bbox 1163 2446 1193 2473; x_wconf 78' lang='lat' dir='ltr'>et</span> <span class='ocrx_word' id='word_1_549' title='bbox 1209 2444 1288 2473; x_wconf 75' lang='lat' dir='ltr'>heus</span> <span class='ocrx_word' id='word_1_550' title='bbox 1304 2443 1336 2472; x_wconf 89' lang='lat' dir='ltr'>iu</span> <span class='ocrx_word' id='word_1_551' title='bbox 1351 2452 1399 2472; x_wconf 88' lang='grc'>00.</span> 
     </span>
    </p>

    <p class='ocr_par' dir='ltr' id='par_1_11' title="bbox 1059 2495 1828 2694">
     <span class='ocr_line' id='line_1_89' title="bbox 1101 2495 1828 2537; baseline 0.001 -11"><span class='ocrx_word' id='word_1_552' title='bbox 1101 2500 1129 2534; x_wconf 83' lang='grc'>3,</span> <span class='ocrx_word' id='word_1_553' title='bbox 1146 2499 1164 2526; x_wconf 72' lang='lat'>4</span> <span class='ocrx_word' id='word_1_554' title='bbox 1179 2499 1209 2526; x_wconf 90' lang='lat' dir='ltr'>et</span> <span class='ocrx_word' id='word_1_555' title='bbox 1225 2498 1254 2526; x_wconf 78' lang='grc' dir='ltr'>ὃ.</span> <span class='ocrx_word' id='word_1_556' title='bbox 1272 2496 1320 2526; x_wconf 83' lang='lat' dir='ltr'>Ad</span> <span class='ocrx_word' id='word_1_557' title='bbox 1335 2495 1394 2525; x_wconf 91' lang='lat' dir='ltr'>tria</span> <span class='ocrx_word' id='word_1_558' title='bbox 1408 2504 1483 2526; x_wconf 86' lang='lat' dir='ltr'>vero</span> <span class='ocrx_word' id='word_1_559' title='bbox 1498 2496 1670 2535; x_wconf 86' lang='lat' dir='ltr'>sequentia,</span> <span class='ocrx_word' id='word_1_560' title='bbox 1687 2504 1759 2535; x_wconf 87' lang='lat' dir='ltr'>quae</span> <span class='ocrx_word' id='word_1_561' title='bbox 1774 2505 1828 2537; x_wconf 88' lang='lat' dir='ltr'>op-</span> 
     </span>
     <span class='ocr_line' id='line_1_90' title="bbox 1059 2548 1827 2590; baseline 0 -10"><span class='ocrx_word' id='word_1_562' title='bbox 1059 2552 1232 2590; x_wconf 74' lang='lat' dir='ltr'>ponuntur,</span> <span class='ocrx_word' id='word_1_563' title='bbox 1249 2549 1366 2588; x_wconf 77' lang='lat' dir='ltr'>quihus</span> <span class='ocrx_word' id='word_1_564' title='bbox 1379 2549 1556 2579; x_wconf 83' lang='lat' dir='ltr'>ostenditur</span> <span class='ocrx_word' id='word_1_565' title='bbox 1571 2548 1655 2588; x_wconf 88' lang='lat' dir='ltr'>quod</span> <span class='ocrx_word' id='word_1_566' title='bbox 1667 2548 1748 2579; x_wconf 85' lang='lat' dir='ltr'>Deus</span> <span class='ocrx_word' id='word_1_567' title='bbox 1762 2558 1827 2580; x_wconf 91' lang='lat' dir='ltr'>non</span> 
     </span>
     <span class='ocr_line' id='line_1_91' title="bbox 1059 2601 1826 2642; baseline -0.001 -8"><span class='ocrx_word' id='word_1_568' title='bbox 1059 2603 1162 2642; x_wconf 85' lang='lat' dir='ltr'>diligit</span> <span class='ocrx_word' id='word_1_569' title='bbox 1177 2601 1286 2639; x_wconf 74' lang='grc'>1110105,</span> <span class='ocrx_word' id='word_1_570' title='bbox 1301 2601 1394 2632; x_wconf 86' lang='lat' dir='ltr'>unica</span> <span class='ocrx_word' id='word_1_571' title='bbox 1407 2603 1454 2632; x_wconf 88' lang='lat' dir='ltr'>est</span> <span class='ocrx_word' id='word_1_572' title='bbox 1466 2601 1628 2641; x_wconf 85' lang='lat' dir='ltr'>responsio</span> <span class='ocrx_word' id='word_1_573' title='bbox 1637 2624 1646 2639; x_wconf 93' lang='lat'><em>,</em></span> <span class='ocrx_word' id='word_1_574' title='bbox 1662 2601 1739 2642; x_wconf 82' lang='lat' dir='ltr'>quia</span> <span class='ocrx_word' id='word_1_575' title='bbox 1752 2611 1826 2642; x_wconf 87' lang='lat' dir='ltr'>pro-</span> 
     </span>
     <span class='ocr_line' id='line_1_92' title="bbox 1059 2654 1824 2694; baseline -0.001 -7"><span class='ocrx_word' id='word_1_576' title='bbox 1059 2657 1173 2687; x_wconf 85' lang='lat' dir='ltr'>cedunt</span> <span class='ocrx_word' id='word_1_577' title='bbox 1194 2655 1233 2686; x_wconf 86' lang='lat' dir='ltr'>de</span> <span class='ocrx_word' id='word_1_578' title='bbox 1247 2655 1410 2686; x_wconf 87' lang='lat' dir='ltr'>dilectione</span> <span class='ocrx_word' id='word_1_579' title='bbox 1431 2654 1577 2694; x_wconf 81' lang='lat' dir='ltr'>speciali,</span> <span class='ocrx_word' id='word_1_580' title='bbox 1592 2663 1656 2685; x_wconf 90' lang='lat' dir='ltr'>non</span> <span class='ocrx_word' id='word_1_581' title='bbox 1671 2654 1710 2685; x_wconf 88' lang='lat' dir='ltr'>de</span> <span class='ocrx_word' id='word_1_582' title='bbox 1726 2663 1824 2694; x_wconf 84' lang='lat' dir='ltr'>geue-</span> 
     </span>
    </p>
   </div>
  </div>
 </body>
</html>
