2017 2948
191 159 249 187 12²

190 222 318 259 tudine,
355 224 387 251 et
415 221 634 252 misericordia
664 222 695 252 in
731 224 803 252 actu
840 231 899 252 suo
930 223 960 251 et

190 275 320 314 objecto.

467 359 691 391 CONCLUSIO.

191 443 260 468 Dom'
276 443 389 477 pietatis
407 446 481 469 actus
504 445 539 468 est
562 443 650 474 facere
670 443 797 469 hominem
814 443 963 469 benevolum

225 489 342 521 respectu
374 487 513 521 cujuslibet
537 488 674 520 proximi,
698 489 727 513 in
748 489 875 521 qnantum
896 489 964 519 uerit

226 532 370 564 imaginem
408 533 470 563 Dei,
504 533 531 556 ut
568 538 670 556 sacram
706 531 872 565 Scripturam
908 539 965 557 cum

228 575 405 601 benevolentia
432 574 542 605 audiat,
572 575 752 609 Christumque
775 583 832 601 cum
859 576 965 602 benevo-

227 619 310 645 lentia
339 619 375 645 ad
403 620 555 645 memoriam
583 618 704 644 reducat.

231 698 320 736 Resp.
338 697 376 727 ad
392 706 462 735 arg.
478 697 649 727 Dicendum
665 697 750 736 quod
766 697 960 728 vocabulum

192 750 315 790 pietatis
329 749 543 789 multipliciter
554 750 647 779 habet
661 750 769 789 accipi,
785 750 960 780 secundum

191 802 275 841 quod
300 802 404 832 innuit
424 802 626 840 Augustinus
649 802 687 833 (Ie
705 803 840 835 Civitale
861 805 921 835 Dei
935 805 966 843 ι;

190 856 233 885 ait
247 856 334 885 enim
348 855 391 885 sic
405 865 412 885 ι
433 866 447 883 (ι
464 854 567 885 Pietas
584 856 710 895 proprie
726 856 779 887 Dei
797 856 903 887 cultus
914 857 965 886 in-

190 908 291 947 telligi
305 908 394 946 solet,
419 917 515 947 quam
536 908 635 939 Graeei
652 909 846 940 theosebiam
866 911 967 949 (θεοσέ-

192 962 275 995 &notul
293 962 331 1000 (a)
340 965 463 991 vocant.
474 961 547 991 Heec
556 964 661 992 tamen
669 962 764 992 etiam
771 972 849 1001 erga
857 972 967 1002 paren-

192 1017 237 1044 tes
253 1014 390 1044 officiose
402 1014 512 1044 haberi
523 1014 648 1045 dicitur.
662 1015 747 1045 More
756 1018 863 1046 autem
872 1017 927 1047 vul
933 1017 966 1055 gi

193 1067 253 1097 hoc
270 1076 386 1097 nomen
403 1068 498 1097 etiam
517 1068 549 1098 in
564 1069 716 1108 operibus
741 1070 966 1100 misericordiae

194 1130 281 1151 nunc
302 1121 530 1160 frequentatur.
553 1134 566 1149 »
594 1122 671 1152 Cum
692 1122 793 1161 igitur
812 1123 911 1162 pietas
924 1123 967 1153 sic

194 1174 316 1204 dicatur
336 1174 562 1213 multIpliciter,
584 1175 729 1206 videlicet
748 1185 828 1214 erga
850 1176 965 1213 Deum,

195 1232 225 1259 et
240 1238 319 1267 erga
334 1231 492 1269 parentes,
512 1232 543 1260 et
564 1239 642 1269 erga
658 1240 892 1270 quemcumque
908 1233 966 1262 ho-

195 1283 327 1320 minem,
340 1283 514 1313 secundum
526 1283 610 1322 quod
625 1283 748 1313 ordinat
759 1293 836 1322 erga
851 1285 965 1323 Deum;

195 1345 260 1366 non
282 1338 327 1366 est
351 1345 469 1366 nomen
489 1336 582 1374 doni,
607 1336 660 1366 sed
685 1337 790 1376 potius
817 1340 863 1367 est
885 1338 968 1368 idem

196 1389 282 1429 quod
306 1389 408 1426 latria,
433 1391 463 1419 ct
483 1389 654 1427 theosebia⁷
675 1390 742 1420 sive
765 1390 904 1428 eusebia,
932 1392 969 1422 de

197 1452 260 1481 qua
290 1442 363 1472 dicit
388 1442 590 1481 Augustinus
605 1446 614 1461 Ξ
640 1443 725 1482 qnod
747 1446 792 1472 est
818 1443 970 1482 sapientia

198 1504 284 1527 vera.
300 1494 481 1525 Secundum
499 1497 604 1525 autem
621 1495 705 1534 quod
719 1496 843 1526 ordinat
859 1496 897 1526 ad
913 1506 968 1536 pa-

199 1550 312 1586 rentes,
325 1548 428 1578 adhuc
445 1548 539 1578 etiam
556 1557 619 1578 non
637 1551 722 1578 tenet
742 1549 897 1579 rationem
913 1550 968 1580 do-

199 1602 252 1639 ni;
273 1602 326 1631 sed
346 1602 451 1640 potius
473 1603 519 1631 est
544 1601 663 1640 species
680 1602 812 1640 justitiae
830 1603 968 1641 virtutis,

199 1665 257 1695 pro
270 1665 307 1686 eo
322 1656 409 1696 quod
422 1656 460 1686 ad
477 1656 537 1686 hoc
553 1656 717 1686 ordinatur
732 1657 907 1687 secundum
919 1667 970 1688 re-

197 1710 309 1748 gulam
318 1710 471 1740 naturalis
477 1709 571 1749 Juris‚
584 1712 613 1739 et
622 1710 795 1740 secundum
805 1711 971 1749 obligatio-

197 1773 271 1794 nem
286 1762 486 1793 necessitatis.
502 1762 685 1793 Secundum
701 1764 774 1793 aute
782 1773 812 1792 m
827 1764 911 1803 quod
928 1766 971 1794 at-

198 1817 336 1847 tenditur
351 1817 496 1856 respectu
511 1816 742 1855 cujuscumque
759 1817 908 1855 proximi,
927 1817 970 1847 sic

196 1871 294 1909 pietas
308 1871 355 1899 est
376 1878 495 1899 nomen
520 1868 604 1897 doni.
627 1868 726 1898 Aliter
746 1871 853 1898 tamen
867 1871 970 1899 atten-

197 1923 282 1953 ditur
295 1932 373 1961 erga
388 1922 572 1961 proximum
588 1921 686 1960 pietas
706 1922 826 1952 donum
837 1947 844 1959 ‚
863 1925 893 1952 et
908 1923 967 1952 mi-

196 1976 363 2005 sericordia
378 1975 479 2005 virtus
498 1985 504 2004 ;
525 1974 739 2004 miserisordia
760 1974 845 2004 euim
867 1975 970 2005 virtus

197 2027 589 2068 respicitconformitatem
606 2027 638 2056 in
653 2028 778 2065 natura,
795 2029 824 2057 et
838 2028 971 2058 necessi-

197 2084 293 2112 tatem
311 2082 342 2110 in
357 2080 547 2117 indigentia,
572 2081 637 2109 sive
653 2079 685 2109 in
701 2079 847 2117 miseria3
872 2080 970 2118 pietas

198 2144 274 2165 vero
299 2133 431 2164 attendit
454 2132 486 2162 in
509 2132 656 2171 proximo
679 2132 854 2171 imaginem
885 2133 970 2163 divi-

197 2197 284 2218 nam.
312 2186 399 2216 Unde
423 2186 505 2215 dono
530 2185 656 2224 pietatis
678 2186 725 2214 est
749 2185 845 2215 homo
873 2185 970 2215 bene-

199 2240 292 2271 volus
313 2239 505 2277 cuicumque
530 2237 672 2274 homini,
694 2237 749 2276 qni
769 2238 863 2268 habet
884 2237 915 2267 in
939 2247 971 2268 se

199 2294 376 2332 imaginem
401 2291 454 2322 Dei
474 2301 480 2320 :
509 2290 551 2319 ita
572 2289 655 2328 quod
678 2289 899 2321 benevolentia
920 2292 972 2321 illa

199 2356 255 2386 pro
276 2346 344 2376 loco
364 2347 394 2375 et
414 2347 556 2383 tempore
578 2343 747 2382 aliquando
767 2344 972 2383 progreditur

200 2399 231 2428 in
248 2396 475 2438 compassionis
491 2397 653 2433 affectum,
663 2396 833 2435 aliquando
846 2397 878 2426 in
894 2406 969 2436 ope-

201 2452 244 2481 ris
256 2450 457 2481 beneficium.
483 2449 520 2480 Et
535 2449 579 2479 sic
599 2451 684 2488 patet
699 2449 771 2488 quis
786 2449 825 2479 sit
840 2452 928 2479 actus
945 2452 973 2479 et

202 2504 361 2543 objectum
372 2502 494 2542 pietatis
509 2502 595 2539 doni,
608 2502 682 2541 quia
696 2502 795 2541 ipsius
810 2504 856 2532 est
871 2503 974 2533 facere

234 2577 241 2590 ¹
253 2576 327 2604 Aug.²
343 2574 371 2596 de
390 2574 465 2597 (ἰῖυίί.
483 2574 537 2602 Dei,
552 2573 595 2597 lib.
614 2574 644 2603 X,
666 2580 687 2596 c.
702 2578 720 2603 1,
736 2580 761 2596 n.
778 2574 802 2596 3.
820 2586 848 2591 —
861 2574 871 2589 2
885 2574 930 2603 ld„
946 2574 975 2597 (Ie

233 2617 267 2648 (a)
280 2616 344 2641 Edit.
362 2617 455 2640 Bened.
471 2618 546 2647 oper.
562 2617 587 2641 S.
604 2618 677 2647 Aug„
693 2617 827 2645 εὺσὲὅειαν,

750 153 1058 185 SENTENTIARUM
1079 153 1152 185 ΗΒ.
1174 154 1225 186 111.

1020 222 1182 252 hominem
1192 222 1382 253 benevolum
1391 224 1533 263 respectu
1539 223 1588 262 cuj
1594 222 1707 253 uslibet
1715 231 1787 263 pro-

1019 274 1109 312 ximi,
1128 274 1161 304 in
1185 277 1341 314 quantum
1363 276 1446 314 gerit
1465 275 1641 314 imaginem
1662 275 1728 306 Dei.
1750 275 1789 306 Et

1019 327 1169 366 quoniam
1194 328 1233 358 ad
1259 328 1318 359 hoc
1346 328 1441 358 habet
1465 328 1562 367 dirigi
1587 337 1642 368 per
1667 328 1788 359 donum

1018 380 1169 417 scientiae,
1186 380 1271 420 quod
1282 381 1412 420 quidem
1426 381 1578 412 fundatur
1589 390 1685 420 super
1699 381 1790 421 prin-

1019 433 1102 471 cipia
1124 433 1210 471 fidei,
1235 435 1265 463 et
1288 434 1399 472 dirigit
1420 434 1454 464 in
1481 434 1720 464 conversatione
1739 442 1788 465 se-

1019 485 1160 515 cundum
1183 486 1346 526 exemplar
1374 486 1506 524 Christi;
1531 487 1606 517 hinc
1633 489 1681 517 est
1703 486 1789 526 quod

1019 541 1107 569 actus
1117 539 1250 578 pietatiS,
1262 539 1319 569 etsi
1330 539 1543 579 principaliter
1555 539 1704 570 consistat
1713 548 1792 578 erga

1020 592 1213 630 proximum,
1235 592 1442 622 nihilominus
1461 592 1602 623 consistit
1627 592 1723 623 etiam
1740 601 1791 623 re-

1022 646 1131 684 spectu
1145 653 1242 674 sacrae
1263 644 1446 684 Scripturae,
1463 647 1498 674 ut
1512 654 1583 675 eam
1600 654 1674 676 cum
1695 645 1793 676 bene-

1020 698 1157 728 volentia
1171 697 1294 734 audiat3
1311 700 1342 728 et
1355 698 1450 728 etiam
1466 700 1610 737 respectu
1633 697 1790 737 passionis

1021 751 1146 788 Christi,
1163 752 1198 781 ut
1212 759 1283 780 eam
1294 759 1368 780 cum
1384 750 1603 781 benevolentia
1619 751 1658 781 ad
1674 759 1794 782 memo·

1022 803 1101 833 riam
1114 803 1254 834 reducat.
1273 802 1360 834 Unde
1375 812 1452 833 usus
1462 803 1535 834 doni
1550 804 1674 843 pietatis
1687 806 1792 835 atten-

1022 856 1109 886 ditur
1124 857 1157 886 iu
1170 856 1219 886 his
1234 856 1337 886 trihus
1351 856 1385 886 in
1403 856 1601 896 exequendo,
1618 857 1794 888 secundum

1021 910 1105 949 quod
1120 911 1150 939 et
1163 918 1240 939 usus
1254 909 1328 939 doni
1343 908 1492 947 scientiae,
1504 909 1588 948 quod
1604 911 1649 940 est
1665 910 1736 949 ejus
1750 910 1795 940 di-

1022 963 1189 999 rectivum,
1210 962 1244 991 in
1261 962 1493 1000 cognoscendo.
1509 961 1730 1002 Principaliter
1745 964 1796 993 ta-

1022 1025 1107 1054 men,
1121 1015 1301 1046 secundum
1315 1015 1399 1054 quod
1412 1015 1534 1046 donum
1549 1017 1606 1052 est,
1623 1015 1797 1047 attenditur

1022 1069 1055 1098 iu
1070 1068 1289 1099 benevolentia
1309 1070 1456 1108 respectu
1476 1068 1632 1108 proximi,
1648 1068 1730 1099 sicut
1744 1078 1794 1099 ra-

1022 1122 1124 1152 tiones
1138 1121 1401 1160 ostendunt,quae
1416 1121 1455 1152 ad
1468 1121 1549 1152 hanc
1565 1123 1688 1161 partem
1701 1121 1793 1153 indu-

1023 1177 1149 1205 cuntur.

1065 1231 1093 1265 1,
1110 1231 1128 1258 ἒ
1139 1251 1146 1264 ,
1163 1230 1193 1257 et
1208 1230 1236 1258 3.
1253 1227 1300 1257 Ad
1316 1227 1394 1257 illud
1409 1236 1485 1258 vero
1498 1227 1582 1267 quod
1598 1228 1700 1267 primo
1716 1228 1795 1268 obji-

1024 1283 1104 1312 citur
1116 1283 1149 1312 in
1171 1283 1366 1312 contrarium
1386 1283 1424 1312 de
1446 1282 1572 1320 Glossa,
1596 1283 1680 1322 quod
1696 1283 1795 1323 pietas

1025 1336 1148 1366 ordinat
1162 1336 1199 1366 ad
1213 1336 1324 1374 Deum,
1338 1336 1422 1375 quod
1436 1336 1535 1375 pietas
1548 1338 1596 1366 est
1609 1336 1714 1367 cultus
1728 1337 1794 1375 Dei,

1025 1392 1055 1419 ct
1070 1389 1108 1419 ad
1124 1389 1200 1419 alias
1215 1389 1416 1419 auctoritates
1431 1391 1658 1428 consequentes
1668 1413 1677 1427 ,
1694 1389 1797 1420 brevi-

1025 1444 1072 1472 ter
1086 1442 1254 1472 dicendum
1267 1466 1274 1478 ‚
1293 1442 1376 1481 quod
1391 1451 1502 1472 omnes
1516 1441 1579 1472 '111ae
1595 1443 1796 1473 auctoritates

1025 1497 1159 1525 currunt
1185 1495 1223 1525 de
1249 1495 1363 1534 pietate
1390 1495 1564 1525 secundum
1587 1495 1687 1526 alium
1713 1496 1794 1526 acci-

1025 1547 1129 1587 piendi
1146 1548 1276 1578 modum
1287 1572 1296 1585 ‚
1314 1548 1369 1587 qui
1385 1548 1561 1578 secundum
1575 1549 1795 1588 Augustinum

1025 1600 1227 1640 principalior
1239 1603 1269 1630 et
1283 1601 1385 1639 magis
1399 1601 1547 1640 proprius
1561 1604 1608 1631 est
1622 1601 1736 1632 modus
1747 1611 1798 1633 ac-

1025 1653 1159 1692 cipiendi
1175 1653 1324 1692 pietatem
1335 1677 1342 1689 ‚
1358 1653 1439 1684 sicut
1460 1653 1524 1693 ipse
1542 1653 1633 1690 dicit,
1650 1654 1688 1686 de
1704 1654 1796 1686 Civi-

1026 1710 1088 1737 tace
1104 1707 1161 1737 Dei
1170 1707 1190 1736 ³.
1214 1706 1293 1736 Nam
1309 1706 1412 1745 primo
1426 1709 1456 1736 et
1469 1707 1686 1746 principaliter
1705 1707 1797 1738 debet

1026 1760 1122 1790 homo
1137 1759 1311 1790 benevolus
1324 1768 1390 1789 esse
1405 1759 1444 1790 ad
1458 1759 1558 1790 Deum
1569 1783 1577 1797 ,
1593 1759 1754 1790 offerendo
1767 1760 1797 1791 ei

1026 1813 1146 1843 cultum
1170 1815 1200 1843 et
1223 1813 1411 1852 obsequium
1434 1812 1607 1852 principale
1630 1815 1661 1844 et
1682 1813 1797 1852 praeci-

1026 1875 1125 1906 puum
1139 1890 1148 1903 ,
1165 1868 1315 1905 tanquam
1337 1866 1366 1896 ei
1387 1866 1425 1896 ad
1447 1866 1540 1905 cujus
1557 1866 1798 1897 similitudinem

1026 1920 1125 1949 sactus
1139 1922 1202 1956 est,
1223 1920 1254 1949 et
1273 1919 1356 1958 quod
1375 1928 1442 1949 suae
1460 1919 1628 1949 creationis
1643 1921 1673 1950 et
1687 1919 1799 1951 condi-

1027 1972 1120 2003 tionis
1138 1973 1279 2012 primum
1294 1974 1340 2003 est
1359 1974 1388 2003 et
1408 1972 1579 2012 principale
1594 1972 1796 2013 principium.

1027 2025 1143 2055 Deinde
1162 2035 1238 2056 vero
1250 2050 1257 2063 ‚
1279 2026 1354 2065 quia
1371 2029 1460 2065 pater
1480 2026 1636 2056 terrestris
1659 2026 1798 2065 quodam

1028 2079 1120 2109 modo
1132 2079 1307 2117 imaginem
1318 2079 1401 2117 gerit
1410 2079 1508 2118 patris
1518 2079 1663 2116 coelestis,
1675 2081 1706 2109 et
1715 2078 1800 2109 filius

1027 2132 1153 2170 genitus
1169 2132 1252 2169 gerit
1271 2132 1448 2170 imaginem
1464 2132 1577 2171 patris,
1594 2134 1625 2162 et
1640 2132 1679 2162 ab
1695 2140 1732 2162 eo
1745 2141 1799 2162 su-

1028 2184 1085 2213 mit
1098 2184 1257 2222 originem
1270 2193 1277 2221 ;
1295 2184 1368 2213 hinc
1381 2184 1522 2223 estquod
1535 2186 1581 2214 est
1595 2184 1677 2215 alius
1687 2184 1802 2215 modus

1028 2236 1198 2276 accipiendi
1220 2237 1369 2276 pietatem
1391 2236 1498 2267 abillo
1516 2237 1726 2275 descendens,
1746 2237 1802 2277 qui

1028 2290 1157 2329 quidem
1178 2292 1223 2319 cst
1243 2289 1461 2320 benevolentia
1485 2290 1516 2319 in
1541 2292 1696 2329 parentes
1726 2289 1801 2320 Pos-

1029 2345 1147 2379 tremo,
1173 2341 1248 2381 quia
1271 2342 1373 2372 omnis
1397 2342 1494 2372 homo
1520 2342 1604 2381 gerit
1629 2342 1803 2381 imaginem

1030 2395 1084 2424 Dei
1093 2418 1102 2432 ,
1118 2395 1191 2424 hinc
1205 2397 1251 2424 est
1264 2395 1348 2434 quod
1360 2397 1406 2425 est
1420 2395 1533 2426 tertius
1547 2397 1578 2425 et
1592 2394 1726 2425 ultimus
1738 2403 1804 2425 mo-

1030 2448 1089 2478 dus
1104 2448 1275 2487 accipiendi
1293 2448 1451 2487 pietatem,
1468 2447 1643 2478 secundum
1658 2447 1743 2487 quod
1755 2447 1805 2477 he-

1031 2501 1181 2532 nevolum
1199 2503 1230 2531 et
1251 2501 1430 2532 beneficum
1450 2501 1551 2533 reddit
1573 2509 1652 2540 erga
1675 2508 1805 2531 omnem

1035 2581 1133 2611 Irinit„
1147 2580 1190 2604 lib.
1214 2581 1272 2611 ΧΗ,
1288 2588 1310 2605 c.
1327 2587 1380 2610 xiv,
1395 2588 1420 2606 n.
1437 2582 1474 2605 22.
1488 2593 1518 2599 —
1530 2580 1600 2611 ³1d.‚
1611 2579 1640 2604 de
1655 2580 1732 2611 Ct'vit,
1752 2579 1804 2608 Dei,

1033 2616 1074 2640 lib.
1096 2617 1126 2646 x,
1145 2623 1196 2645 e.1‚
1210 2623 1236 2640 n.
1252 2617 1274 2641 3.
