2017 2948
39 534 72 554 Ad
87 540 138 560 opp.

32 2231 136 2252 Fundam.

580 186 674 217 DlST.
698 187 734 217 X.
759 185 872 216 PART.
897 186 921 216 ll

401 315 602 353 QUAESTIO
631 315 672 346 ΙΙ.

157 400 199 424 An
211 400 298 424 virtus
309 397 586 424 trtmssubstantiandi
600 398 635 423 sit
649 397 764 423 nobilior
776 396 810 430 (al
825 397 922 422 virtute

364 441 532 475 concipiendi
548 441 682 467 Christum
696 440 714 466 ¹.

197 522 237 552 [le
252 522 368 552 virtute
388 521 705 552 transsubstantiandi
721 530 776 560 per
792 529 920 559 compa-

154 575 308 604 rationem
324 574 363 605 ad
380 575 528 605 virtutem
554 573 766 614 concipiendi3
783 576 811 603 et
838 573 921 612 quod

155 627 255 657 virtus
268 627 588 657 transsubstantiandi
600 627 638 656 sit
653 626 801 663 nobilior,
817 628 921 656 osten-

155 681 238 710 ditur
262 681 305 710 sic
329 692 335 710 2
363 680 512 711 Nobilitas
531 682 560 710 et
586 679 772 718 magnitudo
798 679 923 709 virtutis

155 742 210 772 per
226 736 331 763 actum
346 733 558 771 dignoscitur.
578 736 606 763 et
630 735 719 762 actus
740 741 795 771 per
811 732 921 761 termi-

154 795 232 816 num
260 798 265 816 z
293 786 344 816 sed
373 786 474 816 virtus
500 786 711 825 conceptionis
736 785 767 814 in
793 784 922 823 Virgine

154 840 359 869 determinata
375 842 419 869 est
441 840 480 869 ad
504 849 618 879 corpus
642 838 756 869 Christi
779 838 923 878 passibile

154 895 183 922 et
199 892 340 929 mortale,
357 893 664 922 transsubstantiatio
677 894 784 922 autem
799 891 837 921 ad
853 899 920 921 cor-

153 954 212 984 pus
232 945 423 984 impassibile
437 948 466 975 et
482 945 678 982 immortale,
695 947 725 974 et
748 944 807 973 hoc
828 946 921 982 prout

154 998 288 1037 perfecta
309 1000 420 1031 aetate,
444 998 616 1028 substantia
630 1021 638 1035 ,
665 1000 693 1027 et
722 997 920 1036 quantitate:

153 1060 244 1090 ergo,
260 1054 318 1081 etc.

193 1104 280 1141 Item,
303 1107 421 1143 quanto
445 1104 523 1134 illud
546 1113 586 1134 ex
609 1112 673 1142 quo
696 1102 803 1142 incipit
828 1102 918 1137 actio,

153 1157 308 1187 minorem
322 1157 415 1187 habet
432 1156 670 1196 dispositionem
686 1156 724 1186 ad
746 1155 921 1185 terminum

151 1210 295 1247 actionis,
313 1212 400 1240 tanto
414 1209 517 1239 virtus
533 1209 687 1240 reducens
702 1210 748 1239 est
764 1208 920 1238 excellen«

153 1263 213 1293 tior
228 1265 259 1292 ct
273 1262 442 1293 virtuosior
460 1272 466 1292 :
483 1262 537 1292 sed
552 1262 642 1301 panis
657 1261 814 1291 minorem
831 1261 923 1291 babet

152 1317 387 1355 dispositionem
402 1316 440 1345 nd
456 1325 582 1345 carnem
598 1315 722 1353 Christi,
736 1324 832 1354 quam
850 1323 922 1344 caro

152 1368 186 1399 B.
198 1368 338 1408 Virginis
356 1380 361 1399 ε
375 1379 448 1399 cum
464 1378 542 1407 ergo
555 1368 921 1399 virtutetranssubstan-

152 1422 405 1461 tiationis-panis
427 1424 562 1452 transeat
584 1422 614 1451 in
638 1430 784 1459 carnem,
810 1424 839 1451 et
860 1421 922 1450 vir-

151 1477 218 1505 tute
238 1475 449 1514 conceptionis
470 1484 542 1505 caro
563 1474 597 1505 B.
620 1474 762 1513 Virginis
783 1475 861 1504 facta
883 1474 922 1503 sit

151 1536 223 1557 caro
239 1527 374 1564 Christi,
390 1528 516 1558 videtur
530 1528 613 1567 quod
630 1528 732 1557 virtus
756 1528 920 1557 transsub-

151 1581 378 1618 stantiationis,
406 1590 461 1611 seu
477 1581 580 1611 virtus
605 1581 919 1616 transsubstantiatus,

151 1634 190 1664 sit
205 1634 334 1673 dignior
350 1636 379 1664 et
395 1634 607 1664 excellentior.

193 1687 286 1724 Item,
309 1690 427 1726 quanto
442 1687 544 1717 virtus
560 1688 663 1726 magis
680 1696 712 1717 se
727 1687 877 1717 diffundit
891 1689 921 1717 et

151 1740 376 1778 communicat,
398 1743 485 1771 tanto
506 1741 664 1780 potentior
684 1743 714 1770 et
729 1741 841 1770 melior
863 1743 918 1777 est,

151 1793 225 1833 quia
246 1794 366 1824 honum
385 1796 432 1823 est
451 1793 755 1824 communicativum
770 1793 819 1823 sui
837 1804 843 1823 t
868 1793 920 1823 sed

151 1847 254 1877 virtus
270 1847 588 1877 transsubstantiandi
604 1849 651 1877 est
665 1846 845 1876 communis
864 1846 920 1876 toti

154 1900 291 1937 inundo,
317 1903 346 1930 et
371 1900 485 1931 Christi
509 1909 637 1930 carnem
661 1900 734 1930 facit
761 1908 827 1930 esse
854 1899 921 1930 ubi-

152 1962 288 1992 cumque
312 1952 417 1983 fideles
444 1955 532 1991 sunt,
560 1953 662 1983 virtus
686 1955 793 1983 autem
818 1953 920 1983 conci-

151 2005 255 2045 piendi
279 2005 382 2036 solum
404 2006 463 2036 fujt
483 2006 516 2036 in
537 2005 686 2045 Virgine,
704 2009 735 2037 et
759 2006 920 2037 Christum

151 2058 254 2089 solnm
267 2059 298 2089 in
314 2068 378 2089 uno
392 2059 459 2089 loco
474 2059 546 2089 fecit
561 2068 628 2089 esse
646 2070 652 2090 :
677 2068 756 2098 ergo
771 2059 840 2090 hzec
855 2061 921 2090 vir-

151 2114 214 2148 tus,
225 2111 342 2142 scilicet
351 2112 681 2151 transsubstantiandi,
693 2115 738 2143 est
749 2113 882 2144 nobilior
890 2116 919 2144 et

152 2164 362 2195 excellentior.

191 2217 306 2247 Contra
321 2227 327 2247 :
345 2218 400 2248 Illa
417 2219 517 2250 virtus
532 2222 578 2250 est
601 2219 630 2250 di
637 2220 740 2259 gnior,
757 2229 830 2260 quae
845 2220 921 2250 sub-

147 2272 268 2310 Jectum
292 2279 386 2300 suum
401 2271 472 2301 facit
487 2272 618 2311 dignius
642 2274 673 2302 et
691 2272 894 2303 excellentius
912 2283 917 2303 :

151 2323 202 2354 sed
212 2323 316 2353 virtus
325 2323 595 2362 concipiendidata
602 2324 838 2363 VirginiMariae
849 2325 920 2356 feeit

151 2385 220 2407 eam
250 2375 350 2406 multo
379 2375 576 2414 digniorem,
603 2386 699 2416 quam
727 2377 829 2408 virtus
853 2378 920 2408 sive

151 2431 287 2470 potestas
295 2429 497 2459 consecrandi
508 2429 735 2460 datasacerdoti
745 2430 796 2461 vel
804 2431 900 2461 verbo
911 2442 917 2461 :

150 2491 229 2521 ergo
240 2482 343 2513 virtus
357 2482 551 2521 concipiendi
570 2485 617 2513 est
632 2483 843 2515 excellentior.

184 2581 191 2596 ¹
211 2581 251 2612 Cf.
267 2581 338 2605 Alex.
355 2581 450 2611 Auens„
471 2588 496 2612 p.
518 2582 560 2612 IV,
577 2589 601 2612 q.
618 2587 643 2612 x,
659 2583 766 2606 membr.
790 2584 812 2613 4,
833 2585 879 2607 art..
895 2585 918 2614 2,

151 2623 175 2647 q.
193 2622 217 2647 1;
236 2617 365 2648 Richard.,
382 2617 412 2641 {V
428 2617 505 2648 Sent.,
519 2617 576 2641 dist.
590 2622 615 2646 x,
631 2619 677 2641 art.
696 2620 723 2648 ¹,
738 2625 762 2649 q.
779 2624 814 2649 112
831 2619 917 2650 Steph.

152 2651 254 2683 Brulet'.,
267 2652 297 2676 1v
317 2652 395 2683 Seni„
411 2652 469 2676 dist.
483 2658 507 2677 X.
524 2659 549 2683 q.
563 2659 610 2676 v11.

928 209 935 215 .
959 184 1048 216 ART.
1074 184 1097 215 1.
1121 183 1269 221 QUAEST.
1293 186 1330 217 ΙΙ.

1686 189 1743 217 467

1019 251 1095 282 item
1110 261 1189 291 opus
1204 252 1280 282 illud
1297 255 1343 283 est
1358 254 1461 292 majus
1481 257 1511 284 et
1529 253 1744 290 excellentius,

977 304 1014 335 de
1034 314 1097 344 quo
1114 307 1237 335 tenetur
1257 306 1328 345 quis
1355 307 1528 337 secundum
1553 309 1670 337 rectam
1692 316 1745 337 ra-

976 358 1095 388 tionem
1110 358 1181 398 plus
1202 359 1330 399 laudare
1345 358 1455 396 Deum,
1480 361 1510 389 et
1528 360 1556 389 ei
1576 360 1744 398 regratiari

980 410 1015 449 (b)
1028 421 1034 440 t
1047 411 1099 441 sed
1110 411 1215 450 magis
1225 413 1371 442 tenemur
1383 411 1512 442 laudare
1524 412 1621 442 Deum
1630 412 1668 442 de
1674 421 1745 442 con-

978 464 1119 503 ceptione
1135 464 1280 503 gloriosae
1295 464 1448 503 Virginis,
1470 474 1567 504 quam
1582 466 1620 496 de
1635 474 1743 496 conse-

978 517 1115 547 cratione
1145 527 1240 556 quam
1270 517 1342 548 facit
1375 518 1517 548 sacerdos
1550 518 1583 547 in
1612 518 1702 548 altari
1738 529 1743 548 :

978 578 1066 608 ergo,
1083 573 1141 599 etc.

1019 623 1095 653 item
1107 623 1159 653 illa
1175 624 1276 654 virtus
1286 627 1332 654 est
1344 625 1498 664 potentior
1509 627 1539 655 et
1550 626 1662 665 maior,
1673 634 1745 664 quae

979 679 1078 715 potest
1094 677 1125 706 in
1142 677 1211 716 plus
1228 689 1234 706 z
1259 677 1312 708 sed
1329 677 1361 708 B.
1379 677 1476 717 Virgo
1496 678 1590 708 unica
1613 687 1744 717 concep-

978 729 1061 759 tione
1076 730 1217 769 concepit
1237 730 1313 760 illud
1338 731 1439 768 idem,
1457 733 1487 762 et
1501 733 1626 762 tantum
1642 740 1744 771 quan-

978 784 1047 812 tum
1063 792 1172 813 omnes
1188 783 1362 814 sacerdotes
1377 785 1526 815 omnibns
1541 785 1748 815 consecratio-

978 837 1071 866 nibus
1085 837 1256 867 conficiunt
1271 848 1287 867 a
1305 838 1458 877 principio
1472 839 1582 869 mundi
1597 848 1697 879 usque
1708 840 1746 869 ad

978 890 1086 919 tinem.
1101 889 1136 920 Et
1148 892 1300 929 praeterea
1310 900 1431 920 novum
1442 891 1580 931 aliquod,
1591 891 1675 930 quod
1684 900 1747 922 non

978 944 1056 979 crat,
1075 942 1165 972 nobis
1180 943 1320 982 concepit
1336 954 1342 980 ;
1361 944 1413 973 sed
1430 944 1573 974 sacerdos
1591 953 1655 975 non
1673 954 1745 974 con-

978 995 1052 1031 ficit,
1070 995 1129 1024 nisi
1144 995 1228 1034 quod
1244 998 1310 1025 erat
1325 1020 1330 1025 .
1351 1005 1430 1034 ergo
1448 997 1551 1027 virtus
1570 997 1748 1036 conceptio-

978 1048 1026 1077 nis
1038 1048 1076 1078 ad
1092 1049 1247 1087 maiorem
1260 1049 1419 1086 effectum,
1432 1050 1500 1081 sive
1516 1050 1702 1087 terminum,
1716 1059 1749 1079 se

977 1101 1117 1130 extendit
1131 1112 1136 1130 ;
1155 1110 1235 1139 ergo
1251 1102 1397 1132 nobilior.

1254 1217 1350 1249 CONC
1357 1217 1475 1248 LUSIO.

980 1297 1153 1331 Goncz'pz‘endi'
1169 1297 1302 1324 Christum
1318 1301 1353 1325 est
1367 1300 1454 1326 virtus
1467 1300 1653 1333 praestantior,
1670 1307 1749 1333 quam

1122 1343 1209 1368 virtus
1224 1343 1382 1376 conficiendi
1395 1345 1597 1370 sacramentum.

1020 1421 1110 1461 Resp.
1135 1422 1173 1451 ad
1189 1431 1260 1460 arg.
1278 1422 1451 1452 Dicendum
1475 1423 1561 1462 quod
1585 1423 1750 1463 dupliciter

979 1476 1024 1504 est
1040 1475 1125 1514 loqui
1143 1475 1180 1505 de
1203 1477 1337 1515 utraque
1360 1475 1476 1505 harum
1492 1476 1649 1507 virtutum
1670 1487 1676 1506 ε
1695 1480 1749 1507 aut

978 1530 1073 1566 prout
1087 1530 1161 1558 sunt
1184 1529 1216 1558 in
1231 1537 1290 1558 suo
1305 1528 1390 1558 fonte
1411 1531 1441 1558 et
1461 1529 1564 1567 primo
1580 1529 1747 1568 principio,

979 1585 1014 1612 nt
1029 1583 1149 1613 dicatur
1170 1583 1273 1613 virtus
1295 1583 1507 1623 concipiendi,
1526 1594 1598 1624 quae
1621 1587 1749 1624 operata

979 1638 1024 1665 est
1039 1636 1286 1675 conceptionem,
1299 1638 1329 1666 et
1340 1636 1564 1676 principaliter,
1577 1640 1608 1668 et
1623 1639 1749 1678 propria

978 1689 1184 1727 auctoritate;
1197 1691 1227 1719 et
1242 1688 1386 1719 similiter
1397 1689 1498 1719 virtus
1513 1691 1749 1721 transsubstan-

978 1742 1075 1771 tiandi
1094 1753 1099 1771 :
1117 1741 1204 1771 etsie
1218 1750 1284 1771 non
1294 1743 1341 1771 est
1360 1742 1552 1781 comparatio
1572 1744 1748 1773 secundum

979 1795 1083 1833 magis
1096 1797 1126 1824 et
1142 1795 1248 1824 minus
1262 1794 1296 1824 in
1312 1803 1355 1824 se.
1373 1793 1435 1824 Sed
1450 1794 1476 1824 si
1492 1798 1694 1835 comparetur
1710 1797 1748 1826 ad

979 1847 1263 1877 manifestationem
1282 1846 1396 1877 factam
1419 1856 1475 1886 per
1496 1847 1636 1886 effeetus,
1658 1849 1747 1888 Judi-

978 1899 1113 1930 candum
1127 1902 1174 1929 est
1188 1899 1271 1938 quod
1287 1908 1318 1929 se
1339 1899 1455 1930 habent
1470 1900 1550 1930 sicut
1565 1901 1749 1932 excedentia

978 1955 1008 1983 et
1022 1961 1160 1983 excessa.
1176 1952 1260 1983 Licet
1278 1953 1363 1983 enim
1379 1955 1552 1993 utrumque
1567 1953 1608 1984 sit
1623 1954 1749 1984 nobilis-

978 2005 1107 2041 simum,
1124 2007 1154 2035 et
1168 2005 1309 2036 ostendat
1320 2005 1373 2035 Dei
1392 2006 1566 2044 potentiam
1583 2015 1650 2037 esse
1665 2016 1750 2038 sum—

978 2068 1075 2096 mam,
1092 2059 1124 2088 in
1135 2058 1187 2088 illo
1202 2061 1307 2089 tamen
1322 2058 1426 2097 magis
1441 2059 1588 2090 laudatur
1600 2061 1749 2100 maiestas

977 2113 1094 2151 divina,
1114 2113 1191 2143 etin
1211 2113 1270 2143 hoc
1289 2113 1465 2152 captivatur
1481 2114 1516 2151 (c)
1534 2114 1637 2154 magis
1652 2115 1747 2145 ratio-

978 2168 1096 2197 nostra.
1109 2166 1178 2196 Alio
1190 2166 1283 2196 modo
1293 2174 1463 2205 possumus
1478 2165 1565 2206 loqui
1575 2167 1613 2197 de
1623 2167 1683 2198 hac
1693 2167 1748 2198 du-

978 2219 1048 2259 plici
1060 2220 1189 2256 virtute,
1200 2221 1295 2259 prout
1304 2218 1418 2249 dicitur
1428 2219 1656 2250 communicari
1666 2229 1748 2251 crea-

978 2275 1075 2308 turae,
1092 2272 1266 2303 secundum
1283 2272 1367 2311 quod
1382 2272 1506 2308 dicitur,
1524 2273 1607 2312 quod
1624 2272 1746 2312 Virgini

978 2327 1048 2356 data
1059 2328 1105 2357 est
1120 2327 1257 2365 potestas
1268 2324 1473 2364 concipiendi,
1486 2327 1517 2355 et
1528 2326 1679 2356 sacerdoti
1692 2335 1747 2366 per

978 2380 1111 2411 verbum
1124 2381 1260 2419 potestas
1269 2378 1454 2409 conficiendi
1468 2389 1474 2408 z
1488 2381 1518 2409 et
1533 2379 1577 2409 sic
1589 2379 1747 2419 loquendo

977 2433 1159 2472 simpliciter
1173 2433 1276 2463 virtus
1294 2432 1488 2471 concipiendi
1506 2434 1552 2462 est
1573 2432 1702 2472 dignior
1717 2435 1747 2464 et

977 2487 1189 2522 excellentior,
1199 2486 1274 2526 quia
1281 2486 1456 2525 subjectum
1469 2485 1572 2524 magis
1581 2486 1725 2518 nobilitat
1738 2498 1745 2518 :

978 2542 1082 2580 majus
1097 2540 1181 2571 enim
1196 2543 1321 2571 estesse
1335 2542 1470 2570 matrem
1486 2539 1551 2577 Dei,
1568 2549 1664 2580 quam
1679 2550 1746 2573 esse

1009 2609 1043 2640 (ri)
1056 2609 1116 2633 Coet.
1126 2608 1186 2633 edit.
1198 2609 1224 2634 in
1234 2608 1432 2640 nobiliori.-(b)
1445 2609 1505 2634 Coel.
1516 2608 1576 2633 edit.
1587 2610 1746 2642 rengratiari.

976 2657 1005 2662 -
1021 2644 1050 2674 (c)
1062 2644 1102 2669 Al.
1119 2644 1237 2675 captivat.
