2017 2948
59 503 93 523 Ad
112 508 162 528 opp.

651 220 748 251 DIST.
772 219 905 250 XXXIII.
932 218 1020 251 ΛΒΤ.
1044 219 1067 250 1.
1089 218 1236 256 QUAEST.
1259 219 1293 249 V.

176 287 252 317 istas
267 287 401 318 virtutes
415 287 586 318 cardinales
609 288 663 317 aut
683 286 798 317 habeat
819 286 941 325 simpli-

176 340 252 370 citer
266 340 325 370 sibi
339 340 473 377 innatas,
490 342 544 369 aut
558 348 613 379 per
627 339 705 370 illud
720 339 804 378 quod
829 340 875 369 est
892 339 940 368 in-

177 395 298 430 natum,
316 402 388 423 cum
403 392 532 422 rationis
548 392 703 423 industria
721 391 817 431 possit
831 391 944 430 acqui-

177 454 256 476 rere.

216 497 277 528 Sed
289 500 397 528 contra
411 508 416 528 :
431 501 458 528 1.
471 498 479 514 ¹
495 497 591 528 Omne
603 497 714 528 datum
732 496 899 535 optimum,
914 499 943 527 et

176 558 265 582 omne
280 550 395 581 donum
416 551 590 590 perfectum
610 549 778 581 desursum
802 551 863 581 est.-
889 549 942 579 sed

175 603 257 633 dona
280 603 436 633 virtutum
459 605 532 633 sunt
556 603 637 632 dona
662 602 796 642 optima,
824 610 942 631 secuu-

175 655 251 686 dum
265 656 348 695 quod
368 656 473 686 innuit
487 656 555 695 ipsa
571 655 677 686 Glossa
694 666 700 685 ;
718 664 796 694 ergo
813 663 879 684 non
892 654 940 683 vi-

175 708 266 739 detur
280 709 365 748 quod
379 708 562 748 hujusmodi
578 709 712 738 virtutes
727 708 790 738 sint
804 717 822 738 a
832 709 942 738 nostra

174 762 410 798 assuefactione,
435 761 488 791 sed
499 762 603 800 potius
614 771 654 792 ex
668 761 775 791 divino
793 769 937 791 munere.

214 816 242 844 2.
263 814 340 845 Item
354 815 387 844 in
402 814 572 853 Sapientia
587 815 596 830 ²
616 823 626 844 .·
651 814 720 845 Seio
744 813 829 853 quod
848 814 942 844 aliter

174 876 237 899 non
251 875 377 907 possum
392 875 453 898 esse
472 867 653 904 continens,
671 867 738 898 nisi
760 867 841 897 Deus
859 866 911 898 det
929 875 940 897 .·

174 930 251 960 ergo
265 921 291 950 si
306 920 496 950 continentia
519 928 583 950 non
598 921 699 959 potest
722 919 857 949 obtineri
879 919 940 949 nisi

173 983 228 1014 per
240 974 385 1004 divinum
400 982 534 1010 munus,
551 981 628 1011 ergo
653 972 721 1011 pari
745 972 866 1002 ratione
881 980 940 1002 nec

173 1027 233 1057 alia
247 1026 411 1057 cardinalis
427 1026 527 1057 virtus
544 1033 551 1054 :
567 1034 644 1064 ergo
659 1025 739 1055 redit
751 1025 835 1055 idem
850 1024 936 1064 quod

172 1080 271 1119 prius.

211 1134 240 1162 3.
256 1132 333 1162 Item
347 1132 407 1162 hoc
419 1132 523 1170 ipsum
538 1131 665 1161 videtur
677 1131 809 1161 ratione.
824 1132 938 1170 Agens

170 1185 307 1216 nobilius
318 1186 364 1215 est
375 1184 521 1224 patiente,
534 1186 564 1214 et
574 1184 768 1224 principium
778 1184 893 1214 effectu
906 1185 916 1201 ³
929 1195 935 1214 :

170 1238 223 1268 sed
237 1238 339 1268 virtus
353 1238 483 1267 interior
495 1237 594 1267 ammi
610 1237 746 1267 nobilior
765 1239 822 1274 est,
839 1246 937 1276 quam

169 1291 308 1330 operatio
329 1291 467 1320 exterior
490 1301 496 1320 z
520 1299 599 1329 ergo
618 1299 658 1320 ex
679 1290 834 1330 frequenti
854 1291 936 1321 bona

168 1344 348 1383 operatione
370 1352 433 1373 non
450 1343 575 1373 videtur
590 1343 673 1382 quod
698 1343 865 1382 contingat
880 1352 934 1373 ac-

168 1397 294 1436 quirere
308 1396 447 1436 aliquam
462 1396 613 1426 virtutem
628 1395 831 1426 cardinalem.

207 1452 236 1479 4.
255 1449 331 1479 Item
356 1439 384 1479 'si
410 1449 511 1479 virtus
535 1449 709 1488 acquiritur
737 1458 793 1488 per
819 1458 933 1489 opera-

167 1501 277 1538 tiones,
294 1502 349 1530 aut
360 1509 415 1539 per
424 1500 551 1530 unicam
565 1500 792 1539 operationem,
806 1503 861 1531 aut
880 1511 936 1541 per

166 1554 272 1593 plures
285 1563 291 1585 :
309 1556 429 1584 constat
439 1553 524 1593 quod
540 1562 595 1593 per
605 1553 733 1583 unicam
745 1562 811 1584 non
828 1564 835 1584 :
852 1563 932 1593 ergo

166 1616 222 1646 per
235 1607 351 1646 plures.
378 1606 437 1637 Sed
459 1608 568 1636 contra
592 1617 597 1636 :
628 1607 756 1643 Quando
781 1616 845 1637 uua
860 1607 931 1638 illa-

165 1668 237 1690 rum
253 1659 471 1699 operationum
485 1659 593 1699 incipit
615 1669 693 1697 esse,
711 1659 772 1690 alia
791 1660 905 1690 desinit
922 1684 931 1698 ,

165 1721 242 1751 ergo
257 1712 283 1742 si
297 1721 463 1751 nunquam
486 1713 682 1752 operationes
707 1713 770 1743 illae
799 1716 875 1744 sunt
887 1714 930 1743 51-

164 1765 243 1803 mul,
268 1765 293 1795 si
312 1774 376 1795 una
397 1774 462 1795 non
487 1767 589 1804 potest
609 1765 710 1796 facere
727 1789 734 1802 ,
766 1775 843 1805 ergo
866 1776 931 1797 non

164 1818 280 1857 plures,
308 1827 380 1848 cum
402 1818 492 1849 novis
521 1819 757 1857 operationibus
782 1828 934 1858 superve-

164 1871 322 1900 1110111111115
335 1871 406 1901 aliae
421 1873 581 1901 transeant
596 1872 629 1901 in
644 1872 853 1911 praeterItum.

204 1925 232 1953 5.
250 1923 327 1953 Item
338 1924 363 1953 si
374 1924 476 1954 virtus
491 1924 657 1954 cardinalis
671 1925 817 1963 generari
834 1926 930 1956 habet

164 1984 203 2005 ex
217 1976 377 2015 operibus,
395 1979 448 2007 aut
458 1986 535 2015 ergo
549 1986 588 2007 ex
601 1978 750 2016 operibus
765 1978 925 2016 virtuosis,

163 2030 218 2058 aut
240 2037 304 2059 non
326 2029 475 2060 virtuosis
506 2040 512 2059 :
537 2039 576 2059 ex
598 2030 749 2069 operibus
777 2031 930 2061 virtuosis

163 2089 237 2115 non.
262 2081 338 2121 quia
362 2091 457 2121 opera
477 2082 629 2119 virtuosa,
655 2083 721 2113 sive
739 2083 892 2121 studiosa,
912 2094 930 2114 a

162 2133 279 2164 virtute
303 2134 420 2165 habent
443 2135 603 2174 originem
627 2146 634 2165 :
658 2145 737 2175 ergo
760 2145 826 2166 0011
853 2140 927 2168 51101

161 2186 289 2217 virtutis
310 2187 513 2227 principium.
538 2188 668 2219 Videtur
692 2198 769 2228 ergo
791 2190 876 2229 quod
890 2200 929 2221 ex

161 2239 308 2278 operibus
323 2249 387 2270 non
402 2241 562 2272 virtuosis.
579 2241 639 2272 Sed
661 2245 770 2272 contra
787 2253 793 2273 z
813 2243 925 2280 Quales

162 2293 239 2322 sunt
253 2297 351 2330 actus,
367 2293 444 2323 tales
452 2296 526 2324 sunt
540 2294 667 2325 habitus
680 2304 687 2325 ε
704 2304 781 2334 crgo
792 2296 817 2325 si
833 2305 929 2335 opera

162 2343 215 2374 illa
234 2353 298 2374 11011
314 2347 387 2375 51101
399 2346 550 2384 virtuosa,
572 2356 636 2377 non
656 2349 854 2386 generabunt
868 2349 925 2379 ha-

161 2397 263 2427 bitum
281 2397 457 2429 virtuosum
475 2409 481 2429 :
499 2408 579 2438 ergo
598 2400 725 2431 videtur
740 2402 824 2441 quod
840 2402 928 2432 nulla

161 2449 263 2480 virtus
278 2451 374 2490 possit
389 2459 429 2481 ex
443 2452 591 2491 operibus
602 2453 761 2492 generari.

194 2529 203 2546 ²
216 2529 278 2557 lam,
296 2536 312 2558 1,
337 2532 372 2554 17.
385 2543 413 2547 -
425 2530 435 2546 2
450 2530 516 2561 Sap„
534 2537 588 2562 vni,
605 2535 643 2556 21.
656 2547 681 2550 -
694 2534 703 2549 ³
718 2534 803 2565 Arist,
820 2535 926 2566 Phyma,

161 2564 205 2589 lib.
218 2564 325 2594 11,cont.
338 2571 378 2596 iv,
394 2565 422 2588 tlt:
434 2566 526 2596 Animi„
542 2567 585 2591 lib.
600 2569 642 2598 111,
657 2571 721 2593 cont.
734 2575 788 2594 X1x.

1728 221 1766 251 59

1263 317 1489 349 CONCLUSIO.

999 391 1114 418 Virtutes
1128 391 1285 422 cardinales,
1306 393 1387 425 prout
1404 392 1524 425 politz'cae
1538 395 1601 418 sunt
1611 393 1763 420 considera-

1034 436 1125 465 tionis,
1142 437 1204 462 sunt
1231 435 1338 462 habitus
1363 436 1554 468 assuefactione
1577 438 1721 469 acquisiti:
1742 438 1766 463 si

1032 486 1092 505 vero
1120 479 1317 506 considerentur
1353 482 1383 506 ut
1411 481 1554 513 qratuttoe,
1582 482 1643 506 sunt
1677 481 1765 512 infusi

1032 522 1150 549 habitus.

1037 601 1128 642 Resp.
1141 603 1178 633 ad
1192 612 1263 642 arg.
1277 604 1325 634 Ad
1335 604 1564 643 praedictorum
1579 603 1763 641 intelligen-

996 654 1072 684 tiani
1087 658 1133 685 est
1147 656 1332 694 notandum,
1345 657 1429 696 quod
1445 657 1577 686 virtutes
1587 655 1763 686 cardinales

996 716 1060 737 11110
1075 709 1169 739 modo
1181 709 1327 739 dicuntur
1343 709 1486 746 virtutes,
1504 709 1578 748 quia
1595 709 1764 738 habilitant

995 760 1034 790 ad
1049 770 1144 800 opera
1168 762 1316 799 moralia;
1333 762 1393 792 alio
1420 762 1512 792 modo
1532 762 1681 792 dicuntur
1696 762 1764 792 vir-

995 814 1077 843 tutes
1092 823 1155 844 non
1179 815 1281 844 solum
1304 815 1379 854 quia
1400 815 1567 845 habilitant
1591 815 1630 845 ad
1647 815 1764 853 hujus-

995 866 1080 896 modi
1095 875 1200 909 opera,
1210 867 1263 897 sed
1278 867 1372 897 etiam
1387 867 1461 906 qula
1475 867 1598 897 elevant
1612 868 1650 897 ad
1668 876 1764 906 opera

995 919 1166 948 meritoria.
1194 919 1375 949 Secundum
1399 922 1504 950 autem
1530 920 1614 959 quod
1630 920 1765 950 virtutes

994 971 1166 1001 cardinales
1176 971 1323 1002 dicuntur
1337 972 1482 1009 virtutes,
1496 973 1570 1012 quia
1586 973 1763 1012 potentiam

995 1023 1129 1061 elevant,
1149 1025 1192 1054 sic
1207 1034 1271 1055 non
1290 1025 1407 1055 liabent
1423 1028 1528 1055 ortum
1549 1026 1588 1055 ab
1603 1026 1764 1056 assuefac-

993 1077 1089 1115 tione,
1106 1078 1192 1108 seda
1213 1078 1322 1108 divino
1342 1087 1493 1115 munere;
1515 1087 1578 1108 11011
1594 1088 1612 1108 a
1636 1080 1761 1116 natura,

993 1130 1044 1160 sed
1061 1140 1079 1159 a
1100 1130 1212 1167 gratia.
1239 1131 1318 1166 Quia
1336 1131 1421 1161 enim
1443 1131 1566 1161 elevant
1589 1131 1763 1170 potentiam

992 1192 1087 1222 supra
1101 1192 1143 1220 se,
1161 1185 1234 1213 sunt
1248 1193 1344 1223 supra
1366 1186 1513 1214 naturam
1537 1186 1568 1214 et
1588 1186 1695 1214 actum
1714 1184 1761 1223 ip-

992 1236 1058 1266 sius
1074 1236 1232 1275 potentiae,
1256 1237 1310 1276 qui
1331 1237 1411 1267 inest
1437 1237 1465 1266 ei
1487 1246 1542 1276 per
1567 1246 1599 1267 se
1617 1248 1622 1267 :
1643 1239 1672 1267 et
1692 1236 1762 1267 ideo

990 1298 1115 1319 necesse
1131 1291 1177 1319 est
1191 1290 1275 1329 quod
1292 1290 1330 1319 ab
1347 1290 1451 1328 aliquo
1466 1290 1635 1329 superiori,
1658 1292 1687 1320 et
1702 1299 1762 1329 po-

990 1342 1107 1378 tentiae,
1127 1344 1157 1372 et
1173 1342 1255 1372 actui
1270 1342 1367 1381 ipsius
1382 1343 1539 1381 potentiae,
1554 1343 1685 1372 trahant
1701 1343 1761 1373 ori-

990 1394 1109 1432 ginem,
1126 1397 1155 1425 et
1167 1395 1227 1425 hoc
1242 1395 1334 1425 modo
1345 1395 1516 1425 cardinales
1532 1396 1665 1426 virtutes
1683 1397 1760 1426 sunt

989 1448 1124 1478 virtutes
1143 1448 1303 1486 gratuitae.
1329 1447 1398 1478 Alio
1422 1448 1515 1478 modo
1541 1450 1587 1478 est
1611 1449 1698 1488 loqui
1716 1449 1755 1479 de

989 1500 1200 1530 cardinalibus
1214 1500 1385 1531 virtutibus
1400 1501 1574 1531 secundum
1596 1501 1681 1540 quod
1697 1501 1756 1531 ha-

989 1553 1111 1583 bilitant
1127 1553 1165 1583 ad
1179 1562 1274 1592 opera
1289 1553 1420 1584 moralia
1434 1565 1439 1583 :
1457 1556 1487 1584 et
1504 1554 1548 1583 sic
1568 1554 1757 1593 huJ'usmodi

988 1606 1120 1636 virtutes
1132 1606 1304 1636 cardinales
1324 1609 1398 1636 sunt
1413 1606 1546 1637 virtutes
1564 1607 1709 1646 politicae,
1727 1609 1757 1638 et

988 1658 1163 1689 radicaliter
1186 1661 1259 1689 sunt
1274 1668 1293 1689 a
1321 1661 1435 1689 natura
1450 1683 1458 1696 ,
1485 1660 1538 1690 sed
1566 1660 1757 1700 completive

987 1713 1060 1742 51101
1073 1711 1123 1742 vel
1146 1712 1185 1741 ab
1203 1720 1336 1751 operum
1356 1712 1532 1751 frequentia
1553 1715 1583 1742 et
1607 1722 1757 1752 perseve-

986 1765 1098 1802 rantia,
1112 1764 1160 1796 vel
1171 1774 1190 1794 a
1199 1765 1311 1804 gratiae
1323 1765 1487 1795 influentia
1500 1768 1528 1795 et
1539 1766 1752 1805 praesidentia,

986 1818 1037 1849 vel
1060 1827 1099 1848 ex
1122 1820 1256 1857 utraque
1280 1827 1384 1848 causa.
1407 1818 1433 1848 A
1456 1820 1582 1855 natura,
1608 1819 1752 1858 inquam,

986 1873 1059 1901 sunt
1082 1870 1270 1908 radicaliter,
1297 1871 1373 1910 quia
1401 1871 1575 1909 plantatam
1597 1872 1753 1902 habemus

986 1924 1019 1953 in
1048 1926 1154 1953 nostra
1175 1926 1287 1953 natura
1307 1923 1545 1961 rectitudinem,
1574 1933 1629 1962 per
1655 1934 1753 1964 quam

985 1977 1048 2015 apti
1063 1985 1185 2013 51101115,
1201 1976 1473 2015 licetimpertecte⁷
1488 1976 1524 2006 ad
1541 1985 1637 2016 opera
1653 1977 1751 2007 virtu-

986 2030 1024 2059 tis
1036 2029 1257 2059 ethonestatis.
1272 2028 1330 2059 Sed
1343 2029 1419 2059 dum
1435 2029 1659 2067 assuescimus,
1676 2039 1754 2069 pau-

985 2082 1072 2112 latim
1092 2082 1226 2112 efficitur
1245 2082 1336 2112 nobis
1353 2082 1455 2119 facile,
1474 2082 1558 2121 quod
1576 2082 1663 2121 prius
1687 2085 1754 2113 erat

984 2135 1120 2172 difficile,
1135 2135 1310 2165 secundum
1326 2135 1409 2174 quod
1425 2135 1499 2165 dicit
1515 2135 1693 2166 Bernardus
1709 2135 1753 2167 acl

985 2189 1172 2228 Euyentum,
1185 2188 1269 2227 quod
1284 2188 1363 2218 nihil
1373 2190 1419 2218 est
1433 2188 1510 2218 adeo
1520 2188 1656 2225 difficile,
1669 2188 1753 2228 quod

985 2241 1179 2271 consuetudo
1193 2250 1256 2271 non
1272 2241 1383 2271 reddat
1395 2241 1494 2271 facile.
1515 2240 1577 2270 Nec
1592 2241 1695 2271 solum
1712 2251 1752 2272 ex

984 2294 1209 2325 assuefactione
1219 2294 1345 2324 ducitur
1356 2294 1408 2323 illa
1416 2293 1563 2323 habilitas
1578 2294 1751 2333 semiplena

986 2348 1024 2377 ad
1049 2347 1333 2386 complementum,
1361 2347 1414 2377 sed
1437 2346 1533 2376 etiam
1562 2356 1617 2386 per
1640 2347 1752 2385 gratiae

984 2401 1188 2440 adjutorium.
1204 2399 1282 2430 Nam
1299 2408 1372 2429 cum
1388 2399 1456 2438 ipsa
1471 2399 1574 2437 gratia
1584 2399 1622 2429 sit
1636 2400 1751 2430 animae

982 2453 1195 2491 rectificativa,
1213 2452 1367 2483 rectitudo
1382 2452 1611 2491 superveniens
1627 2454 1751 2483 naturae

983 2507 1203 2539 rectitudinem
1218 2505 1484 2545 qualemcumque
1502 2504 1590 2543 prius
1609 2505 1748 2535 existen-

981 2564 1044 2592 tem
1067 2560 1248 2600 amplificat,
1274 2560 1304 2588 et
1323 2557 1545 2597 amplificando
1569 2558 1747 2590 confirmat.

980 2613 1028 2644 Ex
1051 2615 1188 2653 utraque
1203 2611 1298 2642 etiam
1322 2619 1417 2641 causa
1436 2610 1537 2641 virtus
1557 2609 1681 2650 politica
1693 2620 1748 2651 po·

981 2670 1040 2699 test
1080 2668 1238 2708 suscipere
1271 2666 1538 2706 complementum
1556 2689 1563 2703 ,
1601 2666 1747 2698 videlicet
