2017 2948
231 172 287 201 126
788 166 1096 199 SENTENTIARUM
1119 166 1191 198 ΗΒ.
1220 166 1271 198 111.

228 247 327 281 quam
343 246 399 280 per
414 235 525 278 aliam,
541 236 624 269 sicut
638 247 708 269 eam
725 235 855 279 plenius
871 234 985 274 habet,
1003 245 1102 278 quam
1126 234 1236 267 aliam.
1254 234 1326 267 Non
1345 240 1451 268 tamen
1474 236 1578 278 magis
1598 246 1655 280 per
1671 236 1817 283 aliquam

227 293 344 327 mereri
360 292 473 326 dicunt
486 319 493 333 ‚
512 305 611 337 quam
628 304 685 338 per
699 293 889 325 charitatem
904 319 911 333 ,
930 303 988 324 nec
1013 291 1157 335 aliquam
1181 292 1310 335 plenius
1333 304 1351 324 a
1376 304 1542 337 quoquam
1566 293 1677 326 haberi
1693 320 1700 336 ‚
1717 306 1817 339 quam

225 351 428 384 charitatem.
446 351 536 383 Alias
549 363 626 394 ergo
642 351 745 392 magis
759 377 765 390 ‚
784 354 814 382 et
829 350 907 382 alias
929 350 1038 381 minus
1058 349 1091 381 in
1107 349 1218 393 aliquo
1233 361 1302 382 esse
1317 349 1450 390 dicunt;
1468 350 1522 382 sed
1546 350 1672 383 nullam
1688 352 1818 396 plenius

224 408 380 441 charitate
395 435 403 450 ,
419 421 491 453 quie
513 413 644 441 caeteras
659 408 775 451 gignit.
793 408 925 451 Ilusque
941 407 1051 439 dicunt
1068 418 1134 438 csse
1151 406 1270 440 multas
1290 407 1385 439 facies
1409 419 1490 451 quas
1507 413 1664 441 memorat
1680 410 1818 452 Aposto-

223 466 275 499 lus
288 493 296 508 ,
313 466 422 499 dicens
438 468 443 483 ¹
464 479 469 499 :
487 466 699 511 Expersom's
715 466 898 498 multarum
910 464 1071 508 facierum
1084 491 1093 503 ,
1111 468 1170 496 etc.
1188 464 1254 496 Alii
1271 465 1385 497 verius
1399 465 1512 498 dicunt
1526 477 1638 498 omncs
1654 466 1790 499 virtutes
1805 493 1813 507 ,

224 527 255 556 et
269 524 401 563 similes,
421 528 450 556 et
466 535 558 568 pares
573 534 652 564 esse,
671 523 704 555 in
722 533 932 567 quocumque
947 526 1036 562 suut,
1055 525 1090 554 ut
1104 521 1161 565 qui
1176 522 1209 553 in
1226 534 1291 554 uua
1309 522 1400 554 alteri
1417 534 1474 566 par
1488 523 1640 563 extiterit,
1659 523 1694 556 in
1709 524 1815 556 omni-

222 581 283 614 bus
308 582 412 614 eidem
434 582 570 626 aequalis
592 581 643 613 sit.
661 580 755 613 Unde
777 579 1008 623 Augustinus’
1027 591 1033 611 ε
1060 592 1076 610 «
1095 578 1238 612 Virtutes
1257 591 1329 624 quae
1353 584 1429 612 suut
1453 580 1487 612 in
1511 581 1621 613 animo
1643 581 1788 614 humano
1802 607 1810 623 ,

220 640 372 684 quamvis
386 639 450 672 alio
467 665 474 680 ‚
492 643 522 671 et
537 639 601 671 alio
617 638 713 671 modo
729 638 866 680 singulae
882 637 1128 680 intelligantur,
1146 637 1239 669 nullo
1256 637 1350 670 modo
1375 642 1483 670 tamen
1500 643 1693 682 separantur
1707 639 1748 671 ab
1762 639 1814 672 in-

220 697 337 738 vicem,
355 701 390 729 ut
406 697 606 740 quicumque
622 696 745 728 fuerint
760 695 917 739 aequales,
935 695 1025 727 verbi
1041 694 1146 737 gratia
1160 694 1194 726 in
1209 694 1401 727 fortitudine
1417 720 1424 736 ,
1442 695 1583 739 aequales
1597 700 1674 728 sunt
1689 700 1719 728 et
1735 707 1813 740 pru-

218 754 341 794 dentia,
358 758 389 786 et
400 754 540 797 justitia,
559 758 591 786 et
606 753 834 797 temperantia.
853 752 888 785 Si
904 753 992 785 enim
1007 752 1139 792 dixeris,
1156 752 1299 796 :equales
1314 763 1380 784 esse
1395 752 1472 785 istos
1487 753 1519 785 in
1534 753 1740 796 fortitudine,
1755 754 1811 787 sed

218 811 313 844 illum
332 816 482 855 prfcstare
503 812 696 856 prudentia3
721 812 872 856 sequitur
887 837 894 852 ‚
911 815 948 843 ut
967 810 1066 854 hujus
1082 810 1239 843 fortitudo
1265 810 1374 843 minus
1392 810 1534 854 prudens
1549 811 1611 852 sit,
1627 822 1662 844 ac
1678 822 1735 855 per
1748 811 1810 844 hoc

218 880 276 902 nec
298 869 489 902 fortitudine
504 870 647 914 [equales
662 873 739 901 sunt
752 895 760 910 ‚
776 869 855 912 quia
869 873 915 901 est
942 868 1032 900 illius
1056 868 1212 900 fortitudo
1228 868 1431 912 prudentior.
1449 868 1558 912 Atque
1573 869 1617 901 ita
1632 868 1671 901 de
1687 869 1810 902 caeteris

216 927 394 959 virtutibus
410 927 567 967 invenies,
586 927 612 959 si
628 937 741 959 omnes
755 926 866 959 eadem
882 926 1140 959 consideratione
1157 937 1336 970 percurras.
1354 940 1370 957 »
1397 927 1442 958 Ex
1467 926 1518 958 his
1537 926 1682 959 clarescit
1698 937 1810 959 omnes

216 985 354 1017 virtutes
370 996 434 1018 non
452 985 547 1018 modo
562 996 629 1018 esse
654 996 816 1018 connexas
832 1011 839 1026 ,
857 984 911 1017 sed
927 984 1024 1017 etiam
1042 995 1132 1028 pares
1148 984 1182 1016 in
1198 984 1308 1016 auimo
1325 984 1477 1016 hominis.
1495 984 1578 1016 Cum
1595 995 1672 1027 ergo
1686 984 1809 1017 dicitur

215 1042 338 1086 aliquis
352 1043 462 1086 aliqua
482 1043 693 1086 praeeminere
708 1043 828 1075 virtute
845 1068 852 1083 ,
870 1046 906 1074 ut
924 1041 1090 1074 Abraham
1103 1068 1110 1082 ,
1128 1041 1192 1073 fisle
1210 1054 1217 1082 3
1235 1041 1295 1073 Job
1315 1067 1322 1081 ,
1342 1041 1514 1085 patientia3
1534 1041 1714 1074 secundum
1732 1053 1810 1075 usus

213 1100 389 1132 exteriores
404 1100 628 1144 accipiendum
645 1104 692 1132 est
706 1127 713 1142 ,
731 1100 782 1133 vel
798 1100 832 1132 111
847 1099 1086 1143 comparatione
1102 1099 1243 1131 alioruin
1260 1099 1432 1131 hominum
1452 1111 1458 1130 :
1475 1099 1554 1143 quia
1569 1098 1621 1131 vel
1638 1098 1808 1132 humilita-

212 1157 252 1189 tis
265 1157 415 1190 habitum
434 1158 573 1190 maxime
589 1158 719 1202 praefert
735 1184 742 1198 ‚
759 1157 811 1190 vel
827 1168 908 1201 opus
924 1157 1000 1189 fidei
1016 1182 1023 1197 ,
1041 1157 1092 1189 vel
1108 1156 1247 1199 alicujus
1262 1160 1450 1188 creterarum
1467 1156 1628 1188 virtutum
1645 1156 1806 1201 praecipue

211 1215 396 1259 exequitur.
419 1215 509 1247 Unde
536 1219 567 1247 et
589 1227 626 1248 ea
642 1227 708 1259 prae
723 1215 795 1247 aliis
818 1214 941 1258 pollere
954 1240 962 1256 ‚
980 1214 1031 1247 vel
1047 1214 1132 1246 inter
1153 1214 1232 1246 alios
1249 1213 1397 1246 homiues
1422 1213 1633 1256 singulariter
1648 1214 1805 1247 excellere

211 1272 343 1313 dicitur,
361 1272 540 1305 secundum
557 1273 645 1305 hunc
674 1272 808 1305 modum
823 1298 830 1313 ,
849 1272 969 1304 scilicet
992 1271 1174 1303 secundum
1200 1271 1358 1303 rationem
1384 1275 1516 1303 actuum
1530 1271 1732 1304 exteriorum
1745 1297 1753 1312 ‚
1769 1275 1807 1305 ut

209 1330 287 1362 alibi
302 1331 512 1373 Augustinus
527 1331 616 1372 dicit,
634 1331 667 1362 in
684 1330 796 1374 aliquo
811 1329 909 1362 aliam
927 1329 1029 1371 magis
1045 1340 1110 1361 esse
1129 1329 1298 1368 virtutem,
1316 1328 1414 1360 aliam
1431 1328 1557 1369 minus,
1577 1332 1607 1360 et
1623 1340 1723 1361 unam
1739 1340 1806 1361 esse

208 1388 364 1420 virtutem
375 1393 405 1420 ct
416 1400 481 1421 non
493 1388 628 1421 alteram
642 1388 698 1431 (a).
710 1388 765 1420 Ait
780 1387 868 1420 0111111
879 1386 920 1419 sit
930 1386 955 1418 ³:
970 1386 1178 1419 «Clarissima
1190 1385 1409 1430 disputatione
1420 1389 1477 1418 tua
1487 1385 1564 1418 satis
1575 1386 1726 1430 apparuit
1738 1397 1804 1419 non

207 1446 365 1489 placuisse
393 1446 582 1478 auctoribus
603 1446 740 1486 nostris,
757 1445 823 1477 imo
845 1444 974 1477 veritati
1000 1444 1062 1487 ipsi
1091 1443 1202 1476 omnia
1227 1443 1317 1486 paria
1338 1454 1404 1475 esse
1433 1447 1582 1487 peccata,
1603 1443 1727 1476 etiamsi
1743 1443 1804 1476 hoc

206 1503 245 1535 de
261 1503 440 1535 virtutibus
452 1514 570 1535 verum
587 1503 638 1535 sit.
657 1507 666 1522 ⁶
681 1503 764 1542 Quia
780 1502 839 1534 etsi
855 1513 969 1534 verum
985 1506 1044 1542 est,
1061 1513 1137 1533 eum
1153 1501 1210 1544 qui
1226 1500 1322 1533 habet
1335 1512 1448 1541 tinam,
1467 1511 1579 1533 omnes
1594 1500 1732 1533 virtutes
1747 1501 1803 1534 ha-

206 1561 295 1601 bere,
312 1565 343 1593 et
358 1572 447 1602 eum,
463 1562 521 1605 qui
538 1572 638 1594 unam
655 1572 722 1593 non
737 1560 846 1600 hahet,
864 1559 990 1591 nullam
1007 1559 1138 1599 hahere,
1157 1570 1213 1591 nec
1228 1558 1272 1590 sic
1287 1562 1416 1602 peccata
1431 1562 1507 1590 sunt
1523 1558 1631 1601 paria,
1648 1558 1728 1602 quia
1745 1558 1802 1590 ubi

206 1618 312 1650 virtus
334 1618 427 1650 nulla
443 1623 510 1659 est,
526 1619 612 1650 nihil
629 1622 754 1651 rectum
776 1621 835 1650 est.
858 1616 923 1649 Nec
940 1620 1046 1650 tamen
1068 1616 1140 1648 ideo
1155 1627 1220 1648 non
1246 1619 1292 1647 cst
1312 1626 1411 1659 pravo
1428 1615 1560 1658 pravius
1573 1641 1581 1656 ‚
1598 1614 1802 1660 distortoque

205 1675 385 1709 distortius.
405 1676 439 1708 Si
468 1680 599 1717 autem,
617 1676 705 1719 quod
733 1679 811 1720 puto
836 1686 902 1707 esse
925 1674 1034 1707 verius
1059 1674 1221 1717 sacrisque
1250 1673 1366 1705 litteris
1387 1673 1644 1715 congruentius,
1666 1673 1710 1705 ita
1724 1677 1802 1705 sunt

204 1733 322 1766 animae
344 1734 542 1767 intentiones
558 1738 593 1766 ut
615 1735 759 1778 corporis
773 1733 921 1765 membra
933 1759 941 1774 ,
959 1743 1026 1764 non
1049 1731 1137 1776 quod
1156 1731 1232 1763 solis
1245 1730 1419 1762 videantur
1433 1730 1536 1762 oculis
1552 1730 1590 1773 (b)
1604 1756 1611 1769 ,
1640 1730 1696 1763 sed
1711 1730 1799 1775 quod

203 1791 386 1824 sentiantur
401 1792 580 1834 affectibus,
601 1797 631 1824 et
646 1791 729 1824 alius
746 1791 784 1834 (c)
801 1790 1010 1822 illuminatur
1026 1789 1180 1832 amplius,
1203 1788 1288 1820 alius
1303 1789 1344 1831 (c)
1363 1788 1482 1828 minus,
1507 1787 1592 1820 alius
1608 1788 1650 1831 (c)
1664 1788 1799 1821 omnino

202 1855 287 1881 caret
312 1849 438 1882 lumine
457 1862 463 1881 ε
483 1849 625 1893 profecto
649 1849 694 1881 ita
712 1852 747 1881 ut
770 1848 910 1892 quisque
935 1847 1154 1879 illustratione
1183 1846 1242 1890 pize
1257 1845 1424 1878 charitatis
1445 1845 1580 1877 affectus
1603 1849 1666 1886 est,
1684 1846 1717 1878 in
1733 1845 1798 1878 alio

202 1911 273 1939 actu
294 1907 416 1950 magis,
435 1907 469 1939 in
491 1907 555 1939 alio
572 1907 680 1939 minus
694 1933 702 1948 ‚
719 1906 753 1938 in
769 1905 881 1949 aliquo
896 1904 979 1937 nihil
999 1917 1005 1937 :
1023 1905 1068 1937 sic
1090 1904 1155 1936 dici
1170 1907 1274 1948 potest
1289 1902 1408 1935 habere
1433 1902 1550 1945 aliam,
1569 1907 1601 1935 et
1615 1902 1713 1935 aliam
1729 1914 1797 1936 non

202 1964 320 1997 habere
336 1991 343 2005 ‚
361 1964 460 1996 aliam
475 1964 598 2007 magis,
616 1968 647 1996 et
661 1963 759 1996 aliam
775 1963 896 1995 minus.
915 1962 997 1995 Nam
1014 1966 1045 1995 et
1063 1962 1167 2006 major
1181 1966 1227 1994 est
1243 1961 1277 1993 in
1292 1961 1353 1993 isto
1368 1960 1526 2001 charitas,
1543 1972 1644 2004 quam
1659 1961 1693 1993 in
1708 1961 1767 1993 illo
1784 1973 1792 1994 ε

200 2026 231 2054 01
245 2022 316 2054 ideo
333 2027 416 2054 recte
432 2032 604 2065 possumus
619 2021 724 2053 dicere
740 2024 770 2053 et
785 2020 896 2064 aliqua
911 2020 946 2052 in
960 2020 1034 2061 isto,
1052 2019 1146 2052 nulla
1161 2019 1195 2051 111
1211 2019 1280 2059 1110,
1298 2022 1460 2062 quantum
1478 2018 1620 2061 pertinet
1633 2018 1674 2050 ad
1688 2018 1795 2051 chari-

201 2082 319 2120 tatem,
336 2090 408 2122 quae
423 2079 523 2122 pietas
539 2082 604 2120 est,
622 2082 652 2110 et
673 2078 707 2110 in
731 2088 799 2110 uno
820 2077 952 2110 homine
974 2077 1129 2121 quidem,
1147 2076 1235 2120 quod
1261 2075 1417 2118 majorem
1436 2074 1553 2106 habeat
1578 2074 1768 2118 pudicitiam
1781 2101 1790 2118 ‚

198 2148 297 2180 quam
313 2136 502 2180 patientiam
517 2162 525 2176 ‚
542 2140 572 2168 et
588 2135 744 2179 majorem
759 2134 867 2176 hodie,
884 2145 985 2179 quam
1000 2134 1084 2175 heri,
1101 2134 1127 2166 si
1143 2133 1290 2177 proficit3
1308 2137 1338 2164 et
1352 2132 1459 2164 adhuc
1474 2143 1539 2164 non
1555 2131 1672 2164 habeat
1687 2133 1791 2165 conti-

198 2194 342 2226 nentiam
359 2220 366 2234 ‚
385 2197 415 2226 et
430 2193 546 2225 habeat
568 2204 635 2225 non
657 2204 790 2236 parvam
806 2191 1073 2224 misericordiam.
1091 2191 1101 2205 ⁵
1116 2191 1155 2223 Et
1172 2194 1208 2223 ut
1225 2189 1420 2233 generaliter
1434 2188 1576 2221 breviter
1596 2190 1792 2234 complectar

197 2262 296 2295 quam
311 2250 350 2282 de
366 2250 486 2282 virtute
512 2249 613 2281 haheo
628 2249 796 2281 notionem
809 2274 816 2288 ‚
834 2247 938 2281 virtus
952 2251 999 2280 est
1013 2247 1152 2279 charitas
1162 2272 1170 2288 ,
1187 2257 1252 2290 qua
1278 2245 1309 2277 id
1333 2245 1421 2289 quod
1436 2244 1641 2288 diligendum
1656 2250 1704 2279 est
1717 2246 1792 2279 dili-

196 2309 296 2352 gitur.
314 2308 390 2340 Haec
405 2311 436 2339 et
458 2307 492 2339 in
507 2306 580 2338 aliis
596 2306 700 2349 major
715 2310 761 2338 est
777 2333 784 2347 ‚
800 2309 831 2337 et
848 2305 882 2337 111
896 2304 969 2337 aliis
985 2305 1092 2337 minor
1106 2331 1113 2346 ,
1130 2308 1161 2337 et
1177 2304 1211 2336 in
1232 2303 1303 2335 aliis
1318 2302 1411 2336 nulla
1425 2306 1492 2343 est;
1510 2303 1698 2346 plenissima
1712 2315 1790 2337 vero

198 2378 270 2410 quae
282 2366 350 2410 jam
366 2376 431 2397 non
446 2364 545 2408 possit
559 2364 670 2407 augeri
685 2389 693 2405 ,
711 2365 869 2408 quamdiu
885 2364 936 2397 hic
954 2364 1051 2396 homo
1070 2362 1163 2403 vivit,
1181 2362 1215 2394 in
1230 2362 1362 2394 nemine
1377 2365 1434 2394 est.
1452 2375 1468 2394 »
1488 2363 1548 2395 Hic
1563 2362 1724 2395 insinuari
1739 2361 1788 2394 vi-

196 2425 302 2465 detur,
320 2422 408 2467 quod
423 2421 542 2465 aliquis
552 2433 589 2454 ea
601 2421 726 2454 ratione
743 2422 840 2465 possit
852 2422 914 2454 dici
929 2422 1046 2454 habere
1063 2431 1162 2453 unam
1178 2420 1333 2452 virtutem
1347 2420 1450 2462 magis
1463 2432 1564 2464 quam
1580 2420 1692 2460 aliam,
1709 2419 1788 2463 quia

196 2492 252 2524 per
267 2481 457 2513 charitatem
472 2479 576 2522 magis
591 2478 733 2511 afficitur
747 2479 780 2511 in
794 2483 867 2512 actu
883 2479 982 2512 unius
997 2477 1140 2518 virtutis,
1158 2488 1257 2521 quam
1271 2476 1422 2518 alterius,
1437 2482 1469 2510 et
1483 2481 1614 2522 propter
1628 2476 1787 2510 differen-

229 2550 232 2564 ¹
249 2549 267 2571 11
285 2548 351 2578 Cara,
369 2555 384 2578 i,
404 2549 439 2571 11.
451 2561 480 2564 -
519 2548 594 2577 Aug„
611 2546 640 2569 sle
654 2547 753 2575 Tmm'l„
779 2547 821 2571 tili.
842 2548 882 2575 ΥΙ,
899 2554 921 2569 c.
938 2552 973 2576 iv,
993 2554 1018 2570 n.
1035 2548 1099 2570 6.-
1113 2544 1123 2560 ³
1137 2545 1212 2574 Aug„
1229 2544 1321 2574 Epist„
1337 2550 1410 2568 xx1x.
1427 2544 1458 2568 al.
1479 2550 1576 2574 crxvu,
1590 2551 1613 2568 c.
1629 2549 1658 2574 11,
1677 2550 1703 2567 11.
1722 2535 1786 2568 ’6.-

197 2592 204 2602 ³
219 2587 292 2615 Ilwl,
309 2595 330 2608 ι’,
351 2588 357 2608 i
372 2605 374 2609 ,
392 2593 414 2608 11.
435 2586 468 2608 1-1,
481 2585 531 2602 -5
553 2584 626 2614 Ι”ιίιΙ,
643 2592 666 2607 11.
684 2587 719 2606 Ἱῗὶ.

227 2632 259 2660 (α’)
272 2630 338 2654 Edit.
358 2630 411 2652 l'cu.
424 2630 482 2652 111101
497 2638 511 2652 ι.
524 2642 550 2646 --
568 2648 569 2652 ,
614 2629 679 2652 ΙίιΙιί.
692 2631 784 2652 (iamne
800 2630 869 2659 osser.
887 2631 911 2653 S.
927 2629 991 2658 Any.
1009 2628 1065 2651 Non
1080 2626 1148 2657 quod
1161 2626 1294 2649 videantur
1311 2625 1381 2650 locis.
1396 2625 1463 2654 —(c)
1477 2624 1544 2648 Edit.
1561 2625 1654 2649 Gaunw
1664 2642 1670 2654 ,
1686 2625 1764 2650 aliud.
