2017 2948
204 146 261 175 ¹5⁶2
727 141 1038 173 SENTENTIARUM
1060 141 1132 172 LlB.
1156 141 1209 172 Ill.

203 211 240 241 de
269 209 485 249 assumptione
518 209 552 240 in
584 210 796 248 Jurament03
822 209 972 248 objicitur

203 264 311 293 eontra
324 262 385 293 hoe
396 286 404 300 ‚
421 262 497 302 quia
521 262 547 292 si
563 262 634 302 quis
651 263 739 301 jurat
760 263 793 293 in
808 262 974 293 communi

202 324 360 352 sermone,
375 315 431 346 ubi
443 324 508 346 non
523 317 569 346 est
584 315 753 346 necessitas
766 315 817 346 vel
833 315 951 346 utilitas
965 341 973 352 ,

202 368 276 398 facit
289 370 398 399 contra
410 368 490 399 illud
508 368 692 399 mandatum
711 379 717 398 :
736 377 814 407 ergo
833 368 974 407 peceahIt

204 421 377 452 mortaliter
400 422 533 452 scienter
554 421 709 461 jurand0;
736 421 821 460 quod
851 421 977 451 vidi-tur

203 474 294 506 valde
318 474 504 505 absurdum.
531 474 609 504 Item
633 474 782 513 objicitur
796 476 905 504 eontra
928 484 976 504 se-

204 528 340 559 cundam
366 528 612 567 expositionem,
635 536 732 566 quam
754 527 842 566 ponit
866 526 978 565 Magis·-

205 583 262 618 ter,
277 590 350 612 eum
362 581 468 612 subdit
483 588 491 609 ε
508 591 523 609 «
538 579 716 618 Allegoriee
731 579 924 619 praeeipitur,
945 584 979 609 ut

206 643 270 665 non
300 636 391 674 putes
418 643 484 664 esse
512 635 691 663 ereaturam
719 631 774 661 Dei
798 631 930 669 Filium;
960 644 973 660 n

207 688 362 728 quiaeum
372 687 588 726 multiplieiter
609 685 772 724 contingat
788 695 893 716 errare
914 686 978 716 cir-

207 750 242 772 ca
259 740 393 777 Filium,
418 749 483 770 non
506 740 609 770 solum
629 739 709 769 sicut
732 739 851 769 erravit
871 739 978 778 Arius,

207 794 261 824 sed
294 794 389 824 etiam
423 793 504 823 sicut
542 792 658 823 erravit
687 791 864 830 Saliellius,
891 793 980 822 vide-

208 851 260 878 tur
290 847 374 887 quod
412 856 477 878 non
507 847 611 878 solum
648 847 700 876 illa
733 846 862 877 haeresis
885 870 892 883 ‚
927 847 979 876 sed

207 901 301 932 etiam
327 901 398 931 aliae
427 900 577 931 deberent
604 901 778 940 prohiberi.
802 901 880 931 Item
905 900 981 930 lidos

207 954 368 984 Trinitatis
386 962 450 984 non
475 956 542 984 erat
558 956 698 994 tempore
713 954 807 993 Legis
831 954 981 984 omnihus

208 1007 355 1047 explicita
370 1018 377 1038 :
394 1007 419 1037 si
435 1016 514 1046 ergo
528 1016 640 1037 omnes
649 1007 840 1037 tenebantur
856 1007 892 1036 ad
909 1016 980 1036 om-

208 1061 262 1091 nia
288 1060 436 1091 mandata
461 1060 626 1100 Decalogi‚
651 1060 778 1091 videtur
793 1060 876 1099 quod
902 1060 982 1090 nihil

207 1113 470 1153 praecipiebatur,
492 1113 575 1153 quod
603 1115 756 1153 spectaret
779 1113 819 1143 ad
843 1113 980 1152 aliquam

208 1175 376 1206 personam
391 1167 608 1197 determinate.

200 1252 210 1255 A
248 1219 338 1259 Resp.
362 1219 535 1250 Dicendum
549 1220 644 1259 quod,
661 1220 741 1251 sieut
764 1229 821 1259 per
842 1220 982 1259 primum

209 1273 396 1304 mandatnm
407 1273 571 1304 ordinatur
579 1274 676 1304 homo
690 1275 835 1313 respectu
846 1282 982 1303 snmniae

210 1327 392 1367 maJestatis,
402 1335 474 1366 quae
487 1327 709 1366 appropriatur
718 1327 816 1365 Patri,
832 1327 876 1357 sie
888 1327 982 1357 etiam

210 1390 266 1420 per
295 1380 471 1410 seeundum
507 1380 672 1411 ordinatur
706 1381 804 1411 homo
839 1383 983 1419 respectu

210 1442 346 1465 summae
370 1434 531 1470 veritam,
553 1442 625 1473 quae
645 1434 866 1474 appropriatur
891 1433 980 1464 Filio.

212 1486 372 1518 Ordinatio
398 1488 505 1517 autem
534 1487 592 1517 ista
624 1488 795 1517 attenditur
822 1488 855 1517 in
885 1487 984 1526 ipsius

211 1539 353 1570 veritatis
375 1539 568 1583 confessione
589 1540 655 1570 sine
681 1540 817 1580 alicujus
843 1540 983 1570 salsitatis

212 1592 424 1630 atlmixtioue3
447 1593 491 1623 ita
517 1594 601 1632 quod
628 1603 684 1623 nec
712 1593 749 1623 de
775 1593 843 1633 ipsa
870 1593 983 1623 salsum

213 1645 370 1682 credatur,
385 1654 443 1676 nee
459 1646 526 1685 ipsa
540 1646 577 1676 ad
599 1646 853 1676 confirmandum
868 1646 982 1676 falsum

213 1700 503 1730 assnmatnrzunde
518 1700 703 1739 prohibetur
719 1700 752 1729 in
768 1700 916 1729 mandato
933 1700 984 1730 illo

213 1753 389 1783 seeundum
401 1753 568 1783 litteralem
584 1761 711 1783 sensnm
722 1752 839 1783 salsitas
847 1754 983 1792 Juratio-

213 1806 262 1836 nis
277 1815 333 1845 per
358 1814 475 1836 nomen
493 1806 567 1843 Dei3
591 1806 766 1836 seeundum
787 1806 984 1845 spiritualem

213 1869 289 1890 vero
310 1859 497 1900 prohibetur
522 1859 640 1889 falsitas
669 1859 785 1889 erroris
805 1859 886 1890 eirca
914 1860 986 1890 fidei

214 1913 391 1944 veritatem.
408 1912 445 1943 Et
468 1912 517 1942 his
532 1912 655 1943 duobus
669 1912 770 1943 modis
789 1912 941 1952 Magister
955 1914 986 1944 in

214 1966 317 1996 littera
332 1966 461 2005 exponit
476 1965 653 1996 seeundum
669 1965 818 2003 litteram,
837 1968 866 1996 et
879 1976 988 1997 secun-

215 2019 294 2049 dum
315 2018 512 2057 allegoriam.
539 2018 587 2048 Ad
610 2018 687 2048 illud
709 2018 793 2057 quod
818 2019 985 2058 objicitur,

216 2072 302 2111 qnod
316 2071 494 2111 periurium
509 2073 553 2101 est
571 2072 679 2101 contra
695 2071 879 2101 mandatum
893 2073 988 2111 qnin-

217 2127 287 2156 tum
302 2123 448 2154 secundae
472 2123 604 2160 tabulae,
621 2123 790 2154 dicendum
803 2147 811 2161 ,
826 2125 910 2164 qnod
926 2125 988 2156 duo

218 2179 265 2209 est
280 2177 477 2208 considerare
496 2176 529 2206 in
553 2176 630 2207 falso
654 2176 835 2207 testimonio
856 2188 862 2208 :
885 2187 987 2207 unum

218 2231 372 2269 videlieet⁷
389 2230 474 2270 quod
488 2231 523 2260 fit
545 2230 663 2268 injuria
683 2239 819 2261 summae
840 2231 965 2261 veritati
979 2255 986 2269 ⁷

218 2293 291 2325 quae
327 2284 361 2315 in
396 2284 511 2314 falsum
539 2283 757 2314 testimonium
788 2284 986 2321 advocatur3

219 2338 315 2375 alind,
332 2337 417 2377 quod
436 2337 471 2366 fit
484 2336 604 2376 injuria
620 2337 776 2376 proximo,
788 2337 842 2377 qui
857 2346 895 2367 ex
914 2338 989 2369 salso

219 2393 398 2424 testimonio
427 2392 659 2423 damnificatur.
684 2392 722 2422 Et
748 2393 870 2423 ratione
896 2393 988 2432 primi

220 2447 407 2487 prohibetur
429 2446 608 2486 perjurium
632 2446 666 2476 in
686 2446 824 2477 secundo
841 2446 989 2477 mandato

222 2500 332 2540 primae
354 2500 487 2537 tabulae;
513 2499 634 2530 ratione
657 2499 806 2536 secundi,
830 2499 861 2529 in
877 2500 989 2539 quinto

213 2553 370 2584 ‚mandato
385 2553 542 2583 secundae.
560 2552 606 2583 Ad
625 2552 701 2583 illud
723 2552 805 2591 qnod
822 2552 987 2591 objicitur,

255 2616 259 2628 ¹
275 2615 319 2639 Vel
334 2615 417 2645 potius
429 2614 527 2644 Ezech„
544 2621 587 2644 xx,
603 2616 636 2638 12.

1033 209 1117 248 quod
1131 218 1249 240 vanum
1271 212 1316 239 est
1338 209 1416 239 illud
1437 209 1522 248 qnod
1548 210 1664 240 frustra
1685 210 1741 246 sit,
1757 210 1802 241 di-

1031 262 1167 292 rendum
1191 263 1275 302 quod
1291 263 1460 302 aliquando
1480 264 1525 293 est
1542 263 1659 303 aliquid
1680 272 1800 294 vanum

1031 314 1068 344 de
1091 324 1139 351 se,
1155 318 1185 345 et
1210 315 1247 346 de
1269 316 1396 355 propria
1415 316 1607 353 intentione3
1632 316 1802 355 aliquando

1031 370 1077 397 est
1092 368 1211 407 aliquid
1224 378 1343 399 vanum
1358 378 1397 399 ex
1415 369 1577 399 accidenti.
1592 368 1681 399 Tunc
1693 371 1802 399 antem

1032 430 1147 452 nomen
1162 422 1216 452 Dei
1229 422 1403 452 assumitur
1421 422 1454 452 in
1469 431 1602 460 vanum,
1619 422 1746 461 quando
1758 431 1804 453 as-

1032 475 1168 504 sumitur
1183 475 1221 505 ad
1240 475 1513 505 eunii-niationeni
1532 475 1668 514 alieuJus
1683 484 1803 506 sermo-

1033 527 1082 556 nis
1101 527 1188 564 t'alsi3
1207 530 1236 558 et
1259 528 1313 566 qui
1342 528 1400 558 hoc
1416 528 1509 557 modo
1529 528 1681 566 assumit,
1698 531 1804 568 peccat

1033 582 1141 609 eontra
1158 580 1235 611 illud
1253 581 1450 611 mandatum.
1469 581 1601 618 Quando
1622 591 1698 612 vero
1712 591 1804 612 assu-

1034 632 1133 662 mitur
1168 633 1206 662 ad
1241 634 1513 664 confirmationem
1549 634 1683 674 alicujus
1709 635 1776 665 veri
1794 659 1802 673 ‚

1034 686 1181 723 quamvis
1209 695 1312 716 sermo
1337 686 1386 716 ille
1404 687 1443 716 sit
1470 687 1603 723 otiosus,
1621 689 1727 718 tamen
1753 696 1803 718 as-

1034 739 1173 778 sumptio
1187 739 1239 769 illa
1253 743 1371 771 nonest
1388 750 1616 780 usquequaque
1628 741 1661 771 in
1670 750 1803 780 vanum,

1034 792 1110 831 (iilia
1125 793 1289 823 ordinatur
1304 794 1342 823 ad
1358 794 1418 824 hoc
1434 818 1441 831 ,
1459 796 1495 824 ut
1510 794 1581 833 quis
1602 794 1751 825 adhibeat
1765 794 1803 824 fi-

1035 845 1107 875 dem
1128 847 1225 876 verbo
1246 847 1420 886 loquentiS,
1447 856 1544 886 quam
1569 847 1624 877 etsi
1645 847 1718 887 quis
1742 856 1806 878 non

1035 902 1220 938 assi—quatur
1248 900 1280 929 in
1311 900 1428 939 altero,
1452 910 1515 931 non
1544 903 1649 931 tamen
1675 901 1806 932 omuino

1036 955 1183 991 operatur
1210 954 1346 984 frustra:
1371 954 1452 984 sieut
1473 963 1529 984 nec
1555 956 1680 992 orator,
1701 954 1726 984 si
1751 963 1807 994 per

1036 1007 1226 1045 compositos
1249 1009 1279 1036 et
1297 1007 1456 1037 oidinatos
1471 1016 1632 1037 sermones
1646 1016 1709 1037 non
1723 1016 1807 1038 sem-

1036 1068 1092 1098 per
1119 1060 1303 1098 persuadeat
1318 1069 1443 1091 verum.
1459 1060 1578 1091 Tamen
1594 1061 1743 1100 frequens
1756 1061 1806 1099 ju-

1038 1113 1116 1141 ratio
1140 1113 1278 1143 nominis
1295 1113 1365 1150 liei,
1384 1113 1435 1143 ubi
1460 1113 1548 1143 nulla
1572 1116 1617 1143 est
1640 1114 1808 1143 necessitas

1036 1163 1087 1193 vel
1099 1163 1216 1193 utilitas
1227 1173 1375 1203 expressa
1388 1188 1395 1200 ‚
1414 1174 1480 1194 non
1495 1164 1625 1195 omnino
1640 1166 1724 1194 earet
1737 1164 1808 1194 cul-

1038 1226 1087 1255 pa,
1106 1217 1170 1246 imo
1185 1220 1231 1246 est
1248 1217 1337 1247 valde
1355 1217 1610 1257 relinrehensibilis
1626 1217 1762 1247 maxime
1776 1217 1808 1247 in

1038 1270 1114 1299 vilis
1136 1270 1278 1308 perfectis
1296 1295 1303 1308 ,
1322 1271 1402 1300 sicut
1430 1271 1542 1300 melius
1568 1270 1685 1309 patebit
1707 1270 1807 1307 infra,

1038 1332 1109 1351 enin
1125 1325 1238 1361 agetur
1261 1323 1298 1353 ‹le
1316 1324 1499 1362 juramento
1524 1325 1554 1353 et
1575 1323 1714 1363 perjurio
1727 1347 1735 1360 ,
1753 1323 1808 1354 ubi

1038 1375 1154 1405 elarius
1175 1375 1393 1406 manifestatur
1416 1376 1625 1415 intelligentia
1643 1376 1744 1416 hujus
1758 1386 1809 1407 se-

1039 1428 1134 1457 cundi
1149 1429 1301 1459 mandati.
1319 1429 1366 1459 Ad
1384 1430 1461 1460 illud
1478 1430 1561 1469 quod
1575 1430 1810 1469 ohJicitnreon-

1040 1484 1087 1511 tra
1099 1482 1270 1512 secundam
1285 1483 1526 1522 expositionem,
1537 1483 1705 1513 dicendum
1713 1483 1809 1523 quod,

1039 1535 1213 1565 seeundum
1230 1536 1314 1574 quod
1331 1536 1395 1575 ipse
1414 1536 1560 1576 Magister
1575 1537 1665 1575 dicit,
1684 1537 1810 1577 exposi-

1040 1588 1083 1617 tio
1105 1588 1155 1616 illa
1171 1588 1241 1618 data
1258 1591 1303 1618 est
1325 1599 1380 1628 per
1395 1590 1580 1629 allegoriam
1597 1593 1626 1620 et
1639 1590 1812 1630 expositio-

1041 1653 1112 1673 nem
1128 1644 1311 1683 quamdam.
1333 1644 1418 1675 Unde
1433 1647 1462 1675 et
1481 1646 1512 1674 iu
1529 1645 1712 1676 exclusione
1726 1646 1812 1676 illius

1040 1696 1154 1726 erroris
1170 1706 1224 1736 per
1239 1706 1436 1736 consequeus
1450 1698 1672 1737 intelliguntur
1686 1698 1739 1729 alii
1752 1708 1811 1729 ex-

1041 1750 1141 1787 rludi3
1159 1759 1217 1780 nec
1230 1751 1357 1790 respicit
1376 1760 1504 1781 omnem
1524 1754 1658 1789 statum⁷
1679 1751 1732 1782 sed
1748 1754 1812 1782 sta-

1042 1804 1109 1832 tum
1125 1803 1196 1833 fidei
1212 1804 1417 1834 manifestatae
1433 1806 1463 1834 et
1478 1804 1661 1844 propalatae.

1361 1907 1428 1927 DUB.
1446 1907 1490 1928 111.

1044 1975 1171 1997 anento
1186 1977 1211 1998 ut
1232 1975 1299 1998 diem
1321 1975 1419 1999 sabbati
1438 1976 1579 2000 sanctifices
1595 1984 1600 1999 :
1617 1977 1660 2000 ubi
1674 1978 1814 2002 secundum

1147 2009 1254 2033 litteram
1269 2011 1415 2040 prfeeipitur
1429 2011 1525 2035 sabbati
1541 2011 1712 2036 observantia.

1085 2072 1197 2103 Contra
1212 2073 1271 2103 hoc
1281 2074 1324 2103 sie
1339 2074 1486 2113 objicitur
1502 2086 1508 2105 z
1527 2075 1607 2111 Quia
1621 2076 1740 2107 sabbati
1755 2077 1815 2107 ob-

1045 2124 1204 2154 servantia
1217 2128 1263 2154 est
1280 2126 1526 2163 caeremonialis,
1542 2127 1715 2158 secundum
1731 2128 1816 2168 quod

1045 2177 1157 2206 dicitur
1174 2177 1207 2206 in
1222 2176 1300 2207 Osea
1316 2177 1322 2193 ¹
1342 2187 1349 2207 2
1366 2177 1446 2209 Dedi
1462 2179 1508 2209 eis
1525 2179 1657 2210 sabbata
1674 2188 1763 2218 mea,
1781 2183 1818 2213 ul

1044 2231 1109 2261 sim
1127 2230 1164 2268 (a)
1181 2231 1311 2269 sianum
1326 2232 1410 2263 inter
1431 2240 1478 2263 me
1506 2235 1533 2264 el
1549 2240 1621 2264 eos:
1637 2242 1714 2272 ergo
1731 2233 1817 2264 vide-

1046 2286 1097 2313 tur
1111 2283 1196 2322 quod
1219 2283 1300 2314 inter
1321 2284 1452 2315 moralia
1470 2295 1534 2315 non
1557 2285 1667 2316 debeat
1686 2287 1815 2326 praeeipi

1045 2337 1163 2366 sabbati
1179 2337 1390 2368 observantia.
1416 2339 1493 2370 ltem
1511 2339 1642 2369 moralia
1658 2342 1815 2379 praecepta

1045 2400 1168 2429 semper
1193 2394 1323 2421 manent
1348 2401 1355 2421 :
1379 2392 1433 2421 sed
1465 2393 1587 2423 sabbati
1614 2393 1815 2423 observantia

1045 2446 1091 2473 est
1105 2447 1256 2474 evacuata
1272 2455 1278 2474 z
1297 2454 1374 2483 ergo
1391 2445 1515 2475 videtur
1530 2445 1613 2485 quod
1629 2444 1748 2475 sabbati
1762 2445 1816 2475 ob-

1045 2496 1203 2527 servantia
1224 2506 1287 2528 non
1303 2499 1410 2528 debuit
1425 2498 1553 2538 praeeipi
1569 2498 1651 2528 inter
1665 2498 1813 2529 mandata

1046 2549 1187 2579 moralia.
1212 2550 1244 2581 Si
1260 2551 1335 2581 ulicis
1359 2552 1443 2591 quod
1470 2551 1670 2582 observantia
1694 2550 1814 2582 sabbati

1077 2612 1110 2644 (a)
1129 2612 1202 2643 Vulg.
1217 2612 1325 2637 Sabbata
1340 2621 1392 2637 mea
1405 2613 1460 2638 dedi
1473 2603 1518 2643 eis,
1535 2614 1560 2636 u!
1575 2617 1662 2636 esseut.
