2017 2948
132 1067 216 1093 nepem

122 1129 221 1154 pwuitcn-

245 121 304 152 602
797 117 1106 150 SENTENTIARUM
1130 117 1203 149 LlB.
1229 117 1278 148 IV.

245 188 355 222 Hostis
369 187 457 221 enim
471 187 529 220 Dei
544 190 611 228 est,
627 186 706 220 dum
731 185 867 220 offendit
890 188 1146 230 perseveranter.
1163 184 1321 225 Quaedam
1346 185 1435 218 enim
1458 185 1606 229 impietas
1630 185 1832 219 infidelitatis

246 250 293 279 est
307 246 346 279 ab
362 245 419 278 illo
433 245 490 289 qui
503 245 611 289 justus
626 244 793 289 etjustitia
808 248 874 285 est,
891 243 1061 276 dimidiam
1077 254 1205 288 sperare
1221 243 1363 276 veniam.
1385 243 1457 276 ‚Iam
1475 242 1563 276 enim
1587 242 1656 276 sine
1671 253 1748 276 vera
1764 254 1831 287 poe-

246 303 384 336 nitentia
405 302 567 335 inveniret
587 303 737 345 gratiam.
755 301 951 334 l‘oeniteutia
971 300 1058 333 enim
1076 312 1152 333 vera
1166 300 1205 333 ad
1223 301 1374 345 baptismi
1391 301 1565 345 puritatem
1579 304 1716 333 conatur
1730 299 1832 334 addu-

245 372 326 394 cere.
351 361 446 393 Recte
467 361 554 393 enim
579 359 739 403 poeiiitens
765 358 926 403 quidquid
955 358 1058 390 sordis
1087 362 1155 402 post
1185 358 1445 402 puriticationem
1475 357 1626 402 baptismi
1653 357 1830 398 contraxit,

245 422 370 463 oportet
385 422 420 451 ut
437 418 570 458 abluat,
588 417 701 450 saltem
720 416 872 460 lacrymis
895 415 1030 455 mentis,
1049 415 1103 447 sed
1129 416 1204 448 satis
1226 416 1330 449 durus
1346 420 1392 448 cst
1407 442 1413 456 ,
1431 416 1523 459 cujus
1546 414 1663 447 mentis
1686 414 1832 447 dolorem

245 477 330 510 oculi
346 487 410 509 uon
427 476 602 508 declarant.
621 474 683 507 Sed
704 473 782 507 sciat
803 485 835 505 se
851 473 1059 517 culpabiliter
1083 473 1205 506 durum
1221 500 1228 514 ‚
1245 474 1303 518 qui
1328 474 1426 506 defiet
1448 474 1568 506 damna
1590 472 1763 516 temporis,
1779 471 1831 505 vel

246 539 383 568 mortem
399 533 493 566 amici
508 558 515 574 ,
533 536 563 565 et
578 532 723 564 dolorem
739 531 860 576 peccati
885 542 949 563 nou
972 530 1111 563 ostendit
1132 531 1164 563 iu
1180 531 1332 576 lacrymis
1347 534 1367 564 ¹.
1386 531 1489 570 Quem
1505 542 1581 572 ergo
1597 532 1747 575 poenstet,
1763 540 1832 562 om-

245 593 324 626 niuo
339 591 504 636 poeniteat.
522 604 538 621 n
558 589 644 622 ldem
657 595 667 611 ¹
683 601 689 621 z
707 603 723 620 α
737 589 937 622 Poenitcntes
950 615 958 630 ,
975 589 1001 620 si
1016 600 1092 621 vere
1108 589 1183 621 estis
1197 589 1390 633 poenitentes
1404 615 1410 629 ‚
1428 593 1459 621 et
1475 600 1540 621 uon
1555 588 1630 620 estis
1644 588 1827 629 irridentes,

246 654 368 684 mutate
383 649 481 681 vitam
498 674 505 690 ,
522 646 777 680 reconciliamini
793 646 869 679 Deo.
890 646 1121 678 l'ceuitentiam
1144 646 1224 689 agis,
1240 658 1348 689 genua
1369 646 1453 689 figis,
1471 650 1502 679 et
1517 646 1602 678 rides
1625 657 1632 677 :
1649 645 1832 678 subsannas

246 708 303 741 Dei
316 707 552 752 poeniteutiam.
570 706 604 738 Si
621 704 845 749 poeuiteutiam
861 704 946 747 agis,
960 704 1095 748 poenitet
1110 710 1139 736 te
1159 718 1165 737 :
1184 704 1208 736 si
1226 716 1291 737 uon
1309 704 1442 748 poenitet
1456 708 1486 736 te
1499 730 1507 745 ,
1526 715 1590 736 nou
1609 714 1642 735 es
1655 703 1828 747 poenitens.

245 766 280 798 Si
295 776 372 809 ergo
386 764 540 809 poeuitet,
555 774 614 796 cur
633 763 710 796 sacis
734 773 806 807 quic
835 762 918 794 male
943 762 1068 794 fecisti?
1091 762 1125 794 Si
1149 762 1259 795 fecisse
1282 762 1416 807 poenitet
1433 788 1440 803 ,
1458 761 1526 794 noli
1542 761 1645 794 tacere
1663 773 1670 793 ε
1685 760 1712 793 51
1727 760 1835 794 adhuc

245 823 322 856 facis
336 849 344 863 ,
359 827 443 855 certe
457 832 521 854 uon
537 833 570 854 es
584 821 756 865 poenitens.
774 833 789 850 »
810 820 891 852 Item
908 819 1118 851 Innocentius
1133 819 1294 852 secundus
1306 820 1316 835 ³
1333 832 1339 851 :
1361 834 1377 851 a
1393 819 1618 852 Admonemus
1632 818 1747 851 fratres
1760 829 1835 850 nos-

245 885 310 913 tros
323 906 331 922 ‚
350 891 390 913 ne
411 880 500 912 salsis
515 879 715 924 poenitentiis
739 878 897 911 laicorum
923 877 1048 910 animas
1065 876 1188 921 decipi,
1206 881 1237 909 ct
1252 877 1286 909 in
1301 877 1467 910 infernum
1493 875 1636 921 pertrahi
1654 875 1830 920 patiantur.

243 938 371 971 Falsam
388 942 496 971 autem
513 937 738 982 poeniteutiam
755 947 822 968 esse
838 939 962 968 constat
976 961 983 976 ,
1000 946 1075 967 cum
1091 935 1206 978 spretis
1225 934 1376 979 pluribus
1398 935 1437 967 de
1465 945 1530 967 uno
1555 933 1623 967 solo
1644 932 1836 978 poenitentia

244 996 373 1038 agitur;
391 996 442 1028 vel
458 1007 533 1028 cum
548 995 592 1028 sic
611 995 720 1037 agitur
735 994 773 1026 tle
790 1004 856 1026 uno
871 1019 878 1035 ‚
899 997 1017 1025 utnon
1036 992 1219 1025 discedatur
1234 992 1274 1025 ab
1291 992 1366 1025 alio.
1386 1004 1402 1023 »

289 1054 337 1086 Ex
353 1054 524 1098 praemissis
547 1053 717 1097 perspicua
739 1052 775 1083 fit
800 1051 915 1084 notitia
932 1062 1016 1083 verre
1040 1050 1240 1095 poeniteutiae
1255 1050 1305 1082 vel
1320 1049 1558 1082 satisfactionis.
1577 1049 1636 1082 Illa
1652 1049 1742 1082 euim
1758 1060 1836 1082 vera

205 1105 225 1117 Μ
246 1116 292 1145 est
305 1111 495 1156 poenitentia
508 1137 515 1151 ,
533 1121 606 1154 quae
630 1113 798 1154 peccatum
820 1108 928 1141 abolet
946 1121 951 1140 :
969 1108 1057 1152 quod
1079 1108 1135 1140 illa
1159 1107 1228 1140 sola
1252 1107 1351 1148 facit,
1378 1119 1452 1151 quae
1476 1107 1580 1140 scelus
1602 1106 1736 1150 corrigit
1753 1118 1760 1138 τ
1777 1106 1836 1139 illa

245 1180 322 1203 vero
338 1169 442 1202 scelus
456 1168 600 1211 corrigit,
618 1178 690 1211 quac
706 1166 819 1199 odium
835 1165 997 1198 commissi
1016 1165 1180 1197 criminiss
1195 1169 1226 1196 et
1240 1164 1464 1197 committendi
1480 1175 1555 1197 cum
1570 1164 1730 1197 desiderio
1744 1164 1837 1197 satis-

245 1227 384 1260 faciendi
399 1226 504 1259 affert.
527 1226 629 1258 Judas
647 1225 734 1257 enim
760 1223 948 1268 poeuituisse
964 1222 1085 1265 legitur
1100 1222 1168 1254 sine
1184 1222 1383 1255 assecutione
1398 1222 1500 1254 veniae
1513 1248 1521 1262 ,
1545 1221 1624 1266 quia
1651 1221 1707 1254 tali
1732 1221 1837 1266 poeni-

246 1285 347 1318 tentia
363 1296 428 1317 non
444 1283 584 1316 correxit
599 1283 734 1315 crimen.
752 1281 846 1314 Unde
861 1281 1084 1324 Hieronymus
1096 1282 1105 1298 ⁴
1125 1293 1130 1312 :
1148 1294 1163 1311 «
1181 1280 1273 1312 Nihil
1287 1280 1382 1313 Judae
1397 1280 1520 1324 profuit
1534 1290 1605 1313 sera
1619 1279 1811 1324 poenitentia
1825 1305 1833 1321 ,

249 1355 306 1388 per
320 1354 420 1388 quam
437 1342 541 1375 scelus
557 1341 718 1384 corrigere
734 1351 801 1373 non
815 1339 932 1384 potuit.
951 1339 1004 1371 Sic
1019 1338 1151 1383 quando
1167 1338 1266 1371 frater
1281 1343 1389 1383 peccat
1404 1338 1438 1371 in
1454 1339 1600 1380 fratrem,
1615 1343 1650 1371 ut
1664 1337 1836 1371 emendare

246 1413 313 1435 non
327 1401 433 1434 valeat
446 1400 534 1445 quod
547 1399 702 1444 peccavit,
715 1402 819 1443 potest
834 1397 863 1430 ei
873 1396 993 1430 dimitti
1003 1409 1010 1438 ;
1023 1397 1074 1429 sin
1084 1401 1193 1430 autem
1204 1401 1397 1441 permanent
1408 1407 1518 1441 opera,
1530 1396 1651 1429 frustra
1661 1406 1738 1429 voce
1748 1407 1836 1429 assu-

245 1459 346 1493 mitur
361 1458 564 1503 poenitentia,
581 1457 641 1490 hoc
657 1461 703 1489 est
717 1456 805 1500 quod
825 1456 864 1488 de
888 1467 925 1488 eo
940 1455 1162 1488 infelicissimo
1184 1455 1304 1488 dicitur
1317 1458 1327 1474 ⁶
1345 1467 1352 1487 ι
1369 1456 1416 1487 Et
1431 1455 1538 1488 oratio
1556 1454 1626 1498 ejus
1638 1454 1703 1498 fiat
1718 1454 1836 1499 inpec-

246 1523 358 1550 catam
375 1529 385 1548 .·
402 1520 438 1549 ut
462 1527 528 1548 non
551 1515 658 1547 solum
681 1514 854 1546 emendare
879 1513 1066 1558 nequiverit
1089 1513 1282 1557 proditionis
1305 1512 1416 1555 nefas,
1438 1512 1493 1545 sed
1520 1512 1644 1556 proprii
1668 1511 1836 1544 homicidii

245 1575 348 1607 scelus
363 1573 534 1607 addiderit.
553 1585 569 1603 »
588 1572 673 1605 Cave
688 1571 830 1616 qualiter
845 1571 1011 1613 intelligas
1027 1570 1111 1603 illud
1129 1583 1136 1602 :
1160 1584 1176 1602 t<
1191 1570 1235 1603 Ut
1253 1571 1425 1603 emendare
1451 1581 1515 1603 uon
1540 1570 1647 1602 valeat
1661 1569 1749 1614 quod
1766 1580 1837 1614 pec-

245 1633 348 1674 cavit,
366 1646 382 1664 »
401 1635 460 1664 etc.
478 1631 551 1663 Non
573 1630 661 1662 enim
686 1628 869 1662 emendatio
891 1628 944 1660 hic
967 1628 1180 1671 intelligenda
1199 1632 1245 1661 est
1260 1628 1306 1661 rei
1321 1628 1457 1672 demptoe
1484 1628 1738 1672 recompensatio
1753 1641 1762 1670 ;
1779 1627 1835 1661 sed

245 1690 355 1723 delicti
371 1688 577 1734 exprobratio
595 1692 626 1720 et
640 1687 852 1728 abominatio,
865 1698 939 1719 cum
956 1686 1182 1719 satisfactionis
1197 1686 1368 1719 desiderio.
1386 1686 1494 1718 Demit
1514 1685 1604 1718 enim
1619 1685 1740 1730 injuste
1760 1685 1835 1730 quis

245 1748 344 1781 alicui
358 1747 445 1792 quod
463 1747 633 1779 restituere
657 1756 722 1778 non
750 1745 854 1786 valet,
881 1749 916 1776 ut
941 1744 1165 1786 oeuh1m,vel
1191 1744 1312 1785 vitam,
1330 1748 1361 1776 et
1384 1744 1595 1788 hujusmodi3
1621 1747 1653 1776 et
1675 1747 1784 1776 tamen
1807 1743 1834 1776 si

247 1806 440 1851 poenituerit
456 1805 574 1849 peccati
596 1815 671 1836 cum
698 1814 808 1836 amore
830 1802 999 1845 condignae
1023 1802 1268 1843 satisfactionis,
1285 1802 1413 1835 veniam
1436 1802 1544 1834 habet.
1562 1801 1627 1834 Nec
1650 1800 1722 1834 ideo
1746 1800 1836 1845 quis-

245 1875 345 1910 quam
361 1867 469 1908 putet,
485 1862 544 1906 qui
566 1872 636 1894 rem
657 1860 797 1893 alienam
823 1860 943 1905 injuste
968 1860 1138 1893 abstulerit
1161 1872 1260 1905 quam
1285 1860 1419 1893 reddere
1441 1864 1562 1905 potest,
1579 1860 1618 1893 de
1633 1859 1692 1892 illo
1708 1862 1835 1903 peccato

245 1922 400 1967 poenitere
430 1931 465 1953 ac
488 1919 618 1952 veniam
644 1919 799 1963 consequi
819 1945 827 1959 ,
854 1918 916 1951 nisi
941 1918 1091 1951 restituat
1114 1918 1272 1951 ablatum.
1299 1931 1316 1949 «
1330 1917 1484 1957 Quandiu
1509 1917 1598 1950 enim
1614 1917 1624 1933 ⁶
1638 1928 1689 1950 res
1704 1921 1836 1962 propter

245 1991 344 2025 quam
363 1982 530 2024 peccatum
551 1982 618 2019 est,
636 1988 702 2011 non
721 1976 889 2020 redditur,
914 1977 940 2010 si
963 1976 1055 2010 reddi
1078 1980 1202 2021 potest,
1228 1987 1295 2009 non
1319 1976 1428 2020 agitur
1452 1975 1665 2021 poenitentia,
1691 1974 1746 2009 sed
1769 1974 1833 2008 fin-

245 2038 346 2081 gitur.
365 2050 381 2068 »

428 2156 634 2189 EXPOSITIO
657 2156 820 2189 TEXTUS.
1067 2165 1156 2194 rum,
1168 2157 1199 2186 et
1208 2155 1434 2186 consuetudine
1447 2154 1603 2186 Ecclesia-2..
1620 2153 1721 2184 Habet
1730 2155 1838 2186 autem

1067 2212 1137 2242 haec
1150 2220 1222 2251 pars
1236 2213 1371 2251 quatuor
1388 2221 1394 2239 :
1412 2210 1445 2241 in
1468 2210 1571 2250 prima
1592 2209 1681 2249 ponit
1701 2210 1839 2241 rationes

1067 2273 1139 2305 quae
1158 2264 1305 2295 videntur
1320 2264 1421 2294 facere
1435 2263 1474 2293 ad
1488 2263 1544 2302 huj
1551 2272 1587 2292 us
1609 2263 1767 2303 opinionis
1781 2263 1838 2294 de-

281 2320 385 2360 Supra
397 2319 558 2359 respondit
573 2318 724 2357 Magister
739 2319 855 2349 rationi
871 2321 1009 2359 sumptae
1067 2318 1259 2354 tensionem3
1278 2317 1310 2348 in
1326 2316 1463 2347 secunda
1478 2325 1554 2347 vero
1569 2316 1657 2356 ponit
1671 2324 1764 2347 veras
1775 2324 1838 2347 res·

241 2383 281 2405 ex
296 2382 383 2404 sacra
402 2372 579 2412 Scriptura;
604 2372 636 2402 in
656 2371 716 2402 hac
737 2374 824 2411 parte
844 2373 1011 2412 respondet
1067 2372 1250 2411 ponsiones,
1266 2371 1308 2401 ibi
1326 2381 1332 2402 :
1350 2370 1546 2410 Responderi
1567 2372 1686 2409 potest,
1703 2371 1778 2407 ete.;
1803 2369 1836 2400 in

240 2427 416 2458 rationibus
426 2426 561 2466 sumptis
573 2435 613 2456 ex
627 2425 867 2456 auctoritatibus
883 2426 1010 2456 Sancto·
1067 2424 1157 2455 tertia
1172 2424 1331 2464 improbat
1351 2423 1477 2462 falsam,
1494 2432 1644 2462 gravem,
1670 2425 1701 2453 et
1722 2422 1837 2463 proba-

1067 2477 1162 2508 bilem
1176 2476 1426 2517 responsionem,
1440 2476 1482 2507 ibi
1497 2487 1505 2507 t
1524 2475 1718 2512 Quibusdam
1731 2477 1835 2508 tamen

276 2525 282 2539 ¹
304 2524 337 2546 De
358 2531 406 2546 ver.
428 2525 451 2546 et
472 2523 530 2553 fals.
552 2523 650 2547 Poenit..
669 2530 691 2545 c.
717 2528 742 2551 x,
761 2529 786 2546 u.
808 2524 888 2547 25.—-
907 2524 915 2537 ἲ
935 2525 1009 2554 Aug„

243 2565 317 2583 serm.
332 2564 432 2589 cccxc1,
445 2558 479 2582 al.
492 2558 564 2582 hom.
580 2564 631 2586 xm,
646 2558 711 2581 iuter
726 2558 800 2581 Hom.
815 2564 838 2588 L,
849 2559 875 2582 111
888 2559 968 2589 princ.
980 2554 1010 2577 ⁷—
1068 2559 1203 2582 (Jomment.
1228 2558 1253 2581 in
1277 2557 1378 2587 Μαίη,
1393 2562 1475 2586 xxvii,
1494 2558 1517 2580 4.
1537 2569 1567 2574 —
1583 2557 1591 2570 ⁸
1610 2556 1650 2580 Ps.
1671 2560 1747 2584 criu,
1765 2556 1788 2579 7.
1805 2568 1836 2572 —

243 2593 249 2607 ¹
264 2595 299 2618 De
313 2594 412 2623 Paenz't„
426 2593 483 2618 dist.
506 2599 529 2623 V,
546 2600 567 2617 c.
587 2593 689 2617 Fratres
707 2594 810 2617 nostros.
825 2606 855 2611 —
873 2593 882 2609 ⁵
895 2594 1008 2624 Hieron„
1067 2595 1076 2609 ⁴
1090 2596 1162 2625 Aug„
1175 2594 1208 2618 ad
1220 2593 1313 2618 Maced.
1328 2594 1476 2624 Epist.1.1x,
1489 2592 1521 2616 al.
1538 2597 1611 2622 cun,
1625 2598 1647 2615 c.
1663 2597 1698 2622 vx,
1712 2597 1738 2615 n.
1754 2592 1792 2615 20.

339 2239 405 2265 Alias
420 2247 519 2272 quoque
533 2240 693 2264 auctoritates
706 2239 845 2270 inducunt,
860 2241 908 2264 etc.

1889 2164 1934 2184 irisi
1952 2180 1957 2186 .
