2017 2948
269 111 328 139 690

268 177 348 213 tate;
371 174 424 205 sed
439 176 565 205 tenetur
579 174 722 205 confiteri
741 174 791 204 vel
812 183 853 204 ex
871 174 1036 212 charitate,

268 227 317 259 vel
331 237 370 258 ex
386 227 587 268 dispositione
603 228 641 259 ad
651 227 836 258 charitati-m
853 227 1038 265 disponente

266 280 474 318 sufficienter,
499 281 549 311 vel
569 280 744 311 secundum
772 279 1035 319 probabilitatem,

264 334 315 365 vel
329 334 503 364 secundum
519 334 694 365 veritatem.

305 390 334 417 1.
350 387 397 418 Ad
414 387 491 418 illud
510 388 593 428 quod
615 388 763 427 objicitur
779 387 811 417 in
827 386 1034 423 contrarium,

263 440 347 479 quod
367 450 431 471 non
450 442 619 471 confitetur
640 440 701 470 nisi
721 440 908 476 suscitatus,
928 439 1035 469 dicen-

262 492 339 523 dum
361 494 445 533 quod
470 496 558 524 vocat
578 493 762 525 suscitatum
786 493 974 532 dispositum
996 492 1034 523 ad

261 545 461 584 charitatem,
485 546 538 586 qui
555 547 624 585 jam
647 546 755 585 incipit.
774 545 937 582 suscitari,
961 554 1034 576 cum

260 599 408 630 atteritur
421 608 476 638 per
491 598 647 636 dolorem,
664 601 694 629 et
711 599 744 628 in
759 598 952 628 consessione
966 598 1033 638 ple-

259 660 398 691 rumque
413 652 522 691 recipit
537 652 647 682 vitam.

298 707 328 735 ἓ.
345 704 392 735 Ad
409 704 488 736 illud
509 705 593 744 quod
614 705 763 744 objicitur
783 704 821 734 (le
845 703 936 734 laude
958 712 1031 743 spe-

257 758 356 796 ciosa,
372 758 542 789 dicendum
558 759 642 798 quod
667 758 737 788 laus
753 760 800 787 est
819 757 960 797 speciosa
973 756 1032 787 du-

258 810 397 850 pliciter:
421 811 470 842 vel
493 811 669 842 secundum
690 810 937 850 acceptationem
961 809 1029 847 Dei,

256 863 306 894 vel
330 864 505 895 secundum
529 863 753 894 conscientiam
780 862 947 893 laudantis.
976 862 1031 892 Illa

256 919 302 947 est
317 917 457 956 speciosa
468 917 644 947 secundum
657 916 905 955 acceptationem
917 914 980 950 Dei.
999 915 1031 945 in

254 978 318 1008 qua
332 971 475 1008 peccator
490 970 525 998 fit
538 970 659 1005 justus,
675 968 725 999 vel
744 977 841 1007 quam
856 968 929 997 facit
945 970 1030 1006 post-

253 1031 350 1062 quam
366 1023 548 1061 estJustus3
573 1022 634 1052 alia
655 1031 730 1052 vero
750 1024 797 1051 cst
818 1021 957 1060 speviosa
972 1029 1022 1051 se-

253 1076 394 1106 cundum
415 1075 573 1114 judicium
604 1074 800 1104 eonscientiae
828 1076 962 1110 noslrae,
994 1074 1025 1103 in

252 1137 316 1168 qua
344 1127 534 1158 conscientia
562 1129 592 1157 et
621 1126 768 1157 voluntas
795 1126 969 1156 conformat
995 1134 1028 1155 se

251 1181 338 1211 laudi
365 1181 482 1211 divinae
508 1180 683 1210 secundum
707 1189 798 1209 suam
820 1179 1028 1209 existimatio-

251 1241 323 1262 nem
335 1243 341 1263 :
355 1235 386 1263 ct
401 1232 439 1262 ad
451 1232 534 1262 hanc
547 1231 775 1271 speciositatem
793 1233 951 1267 tenemur,
963 1238 1027 1260 non

251 1285 290 1316 ad
306 1285 403 1322 illam,
420 1285 495 1324 quia
508 1284 667 1314 nescimus
679 1292 751 1323 quae
768 1283 850 1313 Deus
864 1281 1003 1322 acceptat
1019 1293 1025 1313 z

251 1338 410 1368 credimus
426 1340 531 1368 tamen
546 1337 761 1377 probabiliter,
778 1336 862 1376 quod
878 1336 959 1367 Deus
976 1345 1026 1366 ac-

831 106 1139 138 SENleN'uARUM
1165 108 1236 138 ΗΒ.
1260 108 1308 138 lV.

1094 176 1206 214 ceptat,
1223 174 1271 204 vel
1285 183 1420 214 semper,
1438 175 1486 205 vel
1502 175 1693 214 frequenter,
1710 186 1782 216 quae
1797 187 1868 209 con-

1094 228 1225 258 seientia
1240 231 1323 258 recta
1337 228 1505 267 approbat;
1525 229 1631 258 tamen
1647 229 1817 260 nescimus.

1134 284 1162 311 3.
1179 280 1226 310 Ad
1247 280 1321 310 illud
1345 281 1428 320 quod
1443 280 1590 320 oincitur
1612 281 1650 311 (lc
1676 281 1801 320 ordine,
1818 283 1868 314 di-

1093 333 1230 363 cendum
1247 333 1331 372 quod
1346 333 1493 364 contritio
1517 333 1591 363 dicit
1605 333 1679 371 duo,
1704 335 1780 374 quia
1794 334 1869 366 dicit

1093 386 1209 425 pcccati
1230 386 1483 423 detestationem,
1502 388 1532 416 et
1549 385 1624 415 dicit
1642 386 1755 424 gratiae
1770 387 1867 418 infor-

1092 439 1266 469 mationem
1281 451 1287 470 :
1305 440 1425 470 ratione
1441 439 1533 478 primi
1549 440 1672 478 oportet
1683 439 1769 479 quod
1783 448 1868 479 prae-

1093 491 1192 527 cedat,
1220 491 1363 531 alioquin
1387 491 1538 521 consessio
1566 495 1612 520 est
1638 491 1697 521 sub
1722 492 1864 530 fictione;

1092 544 1212 573 ratione
1225 544 1355 574 secundi
1371 552 1436 574 non
1450 545 1586 583 oportet,
1599 544 1674 583 quia
1685 544 1718 574 in
1732 544 1792 575 hoc
1802 553 1866 575 non

1090 597 1230 627 consistit
1248 597 1343 635 fictio,
1356 606 1430 627 cum
1445 606 1539 627 nemo
1555 596 1632 628 illud
1650 597 1688 636 (a)
1704 606 1737 629 se
1749 597 1865 629 habere

1090 650 1179 680 sciat.

1129 704 1158 733 4.
1177 702 1223 732 Ad
1239 702 1314 732 illud
1330 702 1414 741 quod
1430 702 1577 741 objicitur
1599 702 1637 732 de
1651 702 1862 740 absolutione,

1088 755 1255 786 dicendum
1272 755 1356 794 quod
1377 764 1472 785 nemo
1492 756 1603 795 recipit
1621 756 1785 794 effectum,
1803 756 1864 786 nisi

1088 808 1273 838 charitatem
1286 808 1417 845 habeat,
1440 808 1550 838 saltem
1566 808 1598 838 in
1613 808 1768 848 principio
1785 818 1862 840 con-

1088 861 1242 898 fessionis,
1255 861 1305 891 vel
1323 861 1355 890 in
1371 861 1485 898 medio,
1500 861 1549 891 vel
1566 861 1599 891 in
1614 862 1688 892 fine.
1707 860 1795 892 Multi
1811 871 1863 893 au-

1087 917 1150 945 tem
1173 914 1289 944 habent
1308 914 1340 944 in
1361 914 1438 950 tine,
1463 913 1518 953 qui
1534 916 1640 944 tamen
1660 923 1724 945 non
1746 914 1863 946 liabent

1087 968 1119 997 in
1145 967 1316 1007 principio;
1344 969 1375 997 et
1400 966 1451 997 ulii
1476 976 1508 997 se
1533 967 1665 997 credunt
1687 967 1804 998 habere
1829 968 1861 998 in

1086 1020 1240 1059 principio
1255 1022 1283 1049 et
1300 1019 1483 1058 infi11e‚‹1ui
1500 1019 1638 1049 fortassis
1653 1029 1716 1050 non
1727 1020 1859 1058 habent;

1086 1075 1116 1103 ct
1131 1073 1229 1112 aliqui
1246 1082 1310 1102 non
1325 1073 1452 1109 liabent,
1467 1081 1525 1102 nec
1538 1073 1671 1103 credunt
1685 1082 1718 1104 se
1729 1072 1857 1104 habere.

1086 1124 1183 1155 Primi
1204 1135 1269 1155 non
1292 1125 1454 1155 incurrunt
1478 1125 1648 1163 offensam,
1672 1126 1726 1156 sed
1751 1126 1859 1166 acqui-

1086 1180 1161 1208 runt
1182 1179 1337 1216 gratiam3
1366 1178 1493 1208 secundi
1521 1179 1660 1209 evadunt
1688 1179 1855 1217 offensam,

1085 1230 1230 1269 quamvis
1250 1239 1314 1261 non
1334 1230 1499 1270 acquirant
1514 1231 1664 1269 gratiam3
1687 1231 1769 1262 tertii
1784 1240 1859 1262 vero

1085 1292 1149 1314 non
1166 1283 1333 1323 acquirunt
1348 1283 1497 1322 gratiam,
1515 1284 1569 1314 sed
1587 1284 1688 1314 iram:
1705 1286 1736 1314 et
1748 1284 1792 1314 sic.
1805 1293 1859 1324 pa-

1084 1338 1150 1366 tent
1165 1336 1298 1375 objecta.

944 1460 1063 1496 PARS
1098 1460 1163 1497 ΙΙΙ.

532 1550 569 1571 DE
590 1549 699 1571 TERTIO
720 1548 880 1577 ARTICULO,
905 1548 1034 1570 SClLlCET
1056 1549 1096 1570 AN
1119 1549 1274 1570 SUFFICIAT
1295 1549 1454 1571 CONFlTERI
1476 1550 1576 1571 LAICO.

134 1657 238 1680 ΛΜΨ,
303 1629 414 1670 Nunc,
432 1628 624 1673 priusquam
650 1628 825 1672 praemissis
847 1628 1094 1661 auctoritatibus
1110 1655 1117 1671 ,
1136 1640 1208 1673 qum
1225 1629 1274 1661 his
1289 1630 1508 1662 contradicere
1526 1630 1680 1662 videntur
1694 1656 1702 1670 ‚
1719 1641 1850 1674 respon—

130 1688 206 1708 ‘³⁰¹·⁴''¹‘
219 1686 237 1704 ‘³'
258 1687 393 1720 deamus
406 1712 414 1727 ‚
433 1686 562 1718 tertiam
577 1686 792 1729 spiaestionem
808 1685 1008 1718 intueamur.
1025 1686 1120 1725 Quod
1137 1687 1224 1718 enim
1241 1687 1382 1719 secunda
1397 1687 1533 1731 quaestio
1549 1688 1748 1728 continebat,
1764 1687 1849 1720 scili-

258 1748 306 1776 cet
321 1755 362 1776 an
377 1743 447 1775 sine
471 1743 671 1775 confessione
686 1768 694 1784 ,
712 1747 742 1775 et
756 1743 880 1786 judicio
902 1744 1076 1776 sacerdotis
1102 1744 1162 1776 soli
1193 1744 1256 1776 Deo
1279 1744 1427 1777 confiteri
1451 1744 1636 1786 sufficeret,
1660 1745 1847 1789 expeditum

257 1806 322 1841 est3
339 1805 370 1833 et
385 1800 599 1833 certificatum
617 1800 790 1844 praemissis
804 1800 1004 1842 testimonis,
1017 1801 1105 1845 quod
1120 1813 1186 1834 non
1202 1801 1326 1834 sufficit
1340 1802 1489 1834 confiteri
1505 1802 1570 1834 Deo
1588 1802 1657 1834 sine
1670 1802 1846 1844 saecrdote3

257 1869 316 1891 nec
330 1862 376 1891 est
392 1869 467 1891 vere
481 1857 618 1890 humilis
633 1862 664 1889 et
684 1857 844 1901 poenitens
858 1883 865 1899 ,
882 1858 909 1890 si
932 1869 998 1890 non
1016 1859 1178 1891 desiderat
1200 1863 1231 1891 et
1245 1859 1385 1903 requirit
1405 1859 1580 1892 sacerdotis
1591 1859 1766 1902 judicium.
1784 1859 1848 1893 Sed

258 1915 422 1959 numquid
437 1926 531 1958 aeque
546 1915 631 1948 valet
646 1915 745 1947 alicui
760 1915 910 1948 confiteri
930 1916 1015 1948 socio
1033 1916 1084 1949 vel
1101 1917 1249 1960 proximo
1265 1928 1344 1958 suo,
1361 1917 1475 1949 saltem
1488 1928 1564 1949 cum
1578 1916 1666 1950 deest
1679 1917 1847 1950 sacerdos?

257 1973 342 2006 Sane
358 1972 399 2005 ad
412 1972 473 2005 hoc
488 1976 592 2015 potest
606 1972 668 2004 dici
682 1998 690 2013 ‚
707 1972 795 2016 quod
811 1973 984 2005 sacerdotis
1002 1985 1140 2006 examen
1154 1974 1391 2018 requirendum
1407 1979 1454 2006 est
1468 1974 1627 2013 studiose,
1645 1975 1722 2019 quia
1743 1986 1848 2008 sacer-

257 2029 388 2062 dotibus
411 2029 566 2062 concessit
591 2029 599 2044 ¹
615 2029 702 2061 Dens
726 2033 915 2073 potestatem
937 2030 1063 2073 ligandi
1084 2035 1181 2075 atque
1203 2032 1352 2064 solvendi
1370 2044 1376 2064 :
1395 2035 1426 2064 et
1440 2032 1512 2064 ideo
1526 2032 1646 2075 quibus
1661 2032 1723 2076 ipsi
1737 2032 1847 2064 dimit·

142 2107 198 2133 ΜΡ
209 2114 236 2126 m,
256 2090 350 2128 tunt,
368 2091 399 2119 et
412 2087 499 2119 Deus
520 2087 667 2119 dimittit.
695 2087 729 2119 Si
753 2091 860 2119 tamen
877 2088 1015 2121 defuerit
1031 2090 1178 2122 sacerdos
1192 2115 1199 2131 ,
1217 2089 1366 2133 proximo
1382 2089 1432 2122 vel
1449 2089 1534 2121 socio
1549 2093 1596 2121 est
1610 2089 1756 2122 facienda
1769 2100 1845 2122 con-

129 2137 167 2157 ⁸³⁰'
255 2144 362 2177 fessio.
381 2144 444 2177 Sed
460 2149 550 2176 curet
571 2145 710 2188 quisque
729 2145 927 2178 sacerdotem
951 2157 1096 2190 quaerere
1111 2173 1118 2185 ‚
1136 2147 1193 2190 qni
1216 2147 1294 2179 sciat
1309 2147 1411 2189 ligare
1432 2151 1463 2178 et
1477 2147 1611 2180 solvere.
1629 2146 1741 2178 Talem
1755 2147 1843 2180 enim

255 2213 321 2235 esse
336 2206 482 2246 oportet,
498 2202 557 2246 qui
580 2202 720 2234 aliorum
747 2202 885 2235 crimina
909 2203 1077 2246 dijudicat.
1101 2203 1196 2236 Unde
1220 2205 1428 2247 Augustinus
1442 2205 1452 2220 ²
1468 2216 1474 2236 :
1493 2217 1509 2235 «
1527 2204 1590 2243 Qui
1605 2204 1676 2237 vult
1694 2204 1842 2237 confiteri

254 2263 383 2303 peccata
398 2263 434 2291 ut
447 2258 595 2292 inveniat
608 2259 746 2301 gratiam
762 2286 769 2299 ,
787 2264 913 2303 quaerat
935 2261 1133 2294 sacerdotem
1150 2261 1207 2305 qui
1223 2261 1301 2293 sciat
1315 2261 1417 2304 ligare
1432 2266 1463 2293 et
1477 2261 1602 2294 solvere
1616 2287 1624 2302 ,
1642 2273 1682 2294 ne
1696 2272 1771 2294 cum
1787 2272 1842 2294 ne-

251 2317 379 2360 gligens
393 2316 477 2349 circa
492 2327 524 2348 se
539 2316 702 2358 extiterit,
720 2317 906 2359 negligatur
929 2318 969 2349 ab
986 2329 1022 2351 eo
1034 2345 1042 2360 ‚
1061 2319 1118 2363 qui
1134 2329 1210 2351 eum
1228 2319 1479 2351 misericorditer
1498 2323 1608 2351 monet
1631 2323 1662 2352 et
1684 2319 1783 2363 petit,
1800 2330 1840 2352 ne

249 2374 347 2407 ambo
363 2374 396 2406 in
412 2373 540 2406 foveam
555 2373 690 2416 cadant,
708 2384 807 2416 quam
823 2375 942 2406 stultus
958 2376 1079 2408 evitare
1095 2376 1213 2408 noluit.
1231 2376 1335 2409 Tanta
1356 2376 1465 2420 itaque
1482 2376 1530 2409 vis
1549 2376 1758 2409 confessionis
1773 2381 1836 2418 est,

249 2434 286 2463 ut
302 2432 329 2464 si
345 2432 434 2464 deest
448 2431 594 2464 sacerdos
607 2458 615 2473 ‚
632 2430 827 2464 confiteatur
842 2433 1001 2475 proximo.
1019 2433 1109 2477 Saepe
1125 2434 1212 2466 enim
1227 2434 1405 2477 contingit,
1422 2433 1510 2478 quod
1526 2434 1687 2478 poenitens
1701 2444 1766 2467 non
1781 2445 1838 2478 po-

248 2491 308 2521 test
330 2489 543 2523 verecundari
562 2500 671 2521 coram
694 2488 857 2521 sacerdote
870 2515 878 2530 ‚
895 2502 994 2534 quem
1017 2490 1212 2523 desideranti
1228 2502 1286 2524 nec
1302 2495 1430 2535 tempus
1444 2517 1452 2532 ,
1468 2502 1527 2523 nec
1540 2491 1631 2524 locus
1645 2491 1749 2524 offert.
1768 2490 1834 2522 Etsi

279 2573 283 2584 ¹
300 2572 399 2597 Mamm
416 2578 467 2601 ΔῊΗ,
484 2572 561 2594 1÷›.-
573 2573 581 2587 ὲ
597 2573 648 2594 lum
665 2573 753 2595 auctor
764 2571 808 2594 lib.
823 2572 852 2595 ‹it—
868 2580 915 2595 twr.
935 2575 956 2595 vl
971 2573 1030 2603 suls.
1048 2574 1148 2604 Pafum,
1165 2582 1186 2597 (·.
1202 2581 1225 2602 x,
1244 2583 1268 2597 ιι,
1284 2576 1321 2598 235,
1334 2588 1362 2591 -»
1375 2582 1406 2603 ia)
1425 2575 1463 2597 Al.
1481 2575 1503 2597 iu
1521 2585 1546 2597 >v
