2017 2948
121 1214 225 1234 Fundam.

236 117 293 146 352

233 190 308 217 non,
326 179 450 210 videtur
465 186 521 218 per
535 176 767 217 Augustinum,
787 174 825 206 de
841 174 1004 214 Baptismo

231 233 437 273 parvulorum
449 232 474 262 ¹:
490 243 504 259 «
517 230 669 262 Parvulos
683 229 740 259 etsi
755 228 898 259 nondum
914 226 1002 264 fides,

233 295 306 326 quae
320 286 353 315 in
367 285 563 316 credentium
580 284 739 314 voluntate
761 280 902 311 consistit
914 304 921 318 ‚
935 281 1004 319 J'am

233 343 339 370 tamen
349 339 448 378 ipsius
458 338 529 369 fidei
540 338 772 367 sacramentum
783 334 890 365 fideles
901 333 1001 364 facit.»

235 393 321 431 Ergo
336 402 400 423 non
417 392 534 422 habent
549 390 694 421 habitum
712 388 793 419 fidei.

275 448 304 476 2.
322 445 399 475 Item
410 445 529 475 ratione
545 444 681 481 videtur,
693 442 768 482 quia
779 442 882 472 virtus
893 442 940 471 est
953 440 1007 471 ha-

235 500 320 530 bitus
338 511 344 530 ;
361 499 413 529 sed
430 498 555 528 habitus
575 496 678 527 reddit
694 494 866 535 potentiam
883 493 1006 524 facilem

235 555 272 584 acl
297 563 377 593 opus
401 563 408 583 ε
437 552 490 583 sed
517 552 586 582 lxaec
614 559 679 581 non
706 551 754 580 est
780 549 813 579 in
842 548 976 588 parvulo
999 558 1005 578 :

236 617 326 647 vrgo,
345 609 403 637 etc.

275 663 304 691 3.
322 660 400 690 Item
417 659 518 690 virtus
534 660 581 688 est
593 657 722 688 habitus
736 656 894 696 perfectus
907 679 916 693 ‚
932 655 1009 694 quia

238 715 338 744 virtus
360 715 423 750 est,
439 720 512 751 quae
538 711 709 741 habentem
736 709 867 749 perficit,
886 710 916 738 et
936 709 1005 747 eJus

236 776 316 806 opus
348 766 469 796 bonum
496 764 597 794 reddit
619 774 625 793 :
650 762 704 793 sed
728 761 874 802 perfectio
911 761 1008 791 moris

238 819 454 859 praesupponit
465 816 688 857 perfectionem
697 817 820 845 naturae
831 825 837 844 ;
848 823 926 853 ergo
935 823 1008 844 cum

239 874 414 914 inparvulo
424 883 488 904 non
508 873 546 902 sit
559 871 706 911 perfectio
721 873 856 908 naturae,
875 879 933 900 nec
951 870 1011 899 erit

239 930 269 959 in
285 938 321 960 eo
334 929 481 969 perfectio
496 927 594 958 moris
607 929 656 957 :et
671 927 725 965 sic,
736 928 795 957 etc.

278 985 307 1013 4.
326 982 402 1012 item
418 982 519 1012 virtus
532 983 579 1011 est
597 980 727 1010 habitus
747 978 897 1019 potentiae
917 977 1010 1008 moti-

239 1044 308 1066 vae:
326 1035 379 1065 sed
393 1035 555 1073 cognitiva
570 1032 718 1073 praecedit
735 1032 887 1062 motivam
906 1043 912 1061 :
931 1039 1010 1069 ergo

239 1097 313 1119 cum
329 1087 453 1127 parvuli
474 1096 537 1117 non
560 1087 623 1116 sint
645 1084 860 1124 susceptibiles
884 1084 1012 1114 habitus

241 1141 405 1180 ‹·0gnitivi,
420 1150 477 1171 nec
493 1141 587 1171 erunt
599 1139 723 1169 motivi.

281 1196 411 1227 Contra:
424 1194 706 1236 perAugustinum
717 1193 759 1224 act
771 1192 1009 1230 Bonifacz'um’:

245 1262 259 1278 «
274 1250 478 1289 Regenerans
494 1248 623 1288 spiritus
638 1248 670 1277 in
686 1246 862 1285 majoribus
877 1245 1010 1276 offeren-

241 1304 340 1341 tibus,
358 1306 388 1333 et
412 1302 552 1343 parvulis
577 1301 691 1331 oblatis
713 1299 894 1331 communis
919 1301 1008 1329 est.»

243 1357 325 1396 Ergo
341 1357 489 1387 cumdem
504 1355 652 1385 effectum
666 1354 759 1384 habet
777 1353 808 1383 in
825 1352 966 1390 magnis,
983 1353 1013 1380 et

241 1409 358 1448 parvis.

279 1464 355 1492 ltcm
377 1461 498 1492 ratione
511 1460 655 1495 videtur,
677 1458 752 1498 quia
772 1457 948 1497 baptismus
971 1456 1014 1485 ita

241 1515 447 1546 facitevolare
457 1514 639 1554 parvulum,
653 1512 679 1541 si
696 1512 861 1545 moriatur,
878 1511 913 1539 ut
927 1508 1014 1538 adul-

242 1572 310 1599 tum
326 1579 332 1598 ε
351 1568 404 1598 sed
420 1568 552 1598 virtutes
568 1568 643 1596 sunt
660 1573 772 1604 pennae
787 1564 824 1593 ad
839 1562 1012 1593 volandum

242 1622 275 1652 in
291 1621 407 1652 coelum
422 1631 428 1651 ε
446 1629 523 1659 ergo
540 1618 692 1659 parvulus
706 1617 802 1647 habet
827 1616 970 1652 virtutes,
989 1614 1012 1643 si

243 1676 430 1714 baptizatur.

284 1728 361 1758 Item
375 1727 551 1767 baptismus
562 1726 642 1757 delet
652 1723 809 1764 originale
820 1723 852 1753 in
864 1722 1012 1762 parvulo:

242 1782 295 1813 sed
306 1781 462 1820 originale
472 1789 534 1810 non
547 1780 649 1810 solum
664 1778 780 1808 animae
791 1775 1011 1812 substantiam,

243 1836 296 1866 sed
311 1835 406 1866 etiam
418 1834 572 1874 potentias
583 1833 737 1863 deformat
752 1831 785 1861 in
797 1829 904 1870 pueris
917 1840 923 1859 1
937 1837 1015 1867 ergo

243 1889 268 1919 si
283 1889 457 1928 baptismus
471 1889 518 1917 est
532 1887 705 1926 perfectum
722 1883 910 1919 remedium,
921 1882 1017 1912 refor-

244 1946 310 1973 mat
335 1942 489 1981 potentias
508 1951 514 1970 :
545 1939 599 1970 sed
626 1937 775 1979 potentiae
802 1936 1016 1967 reformantur

246 1994 405 2024 habitibus
416 1993 572 2023 virtutum
586 2002 592 2022 :
603 1999 681 2029 ergo
692 1989 869 2029 baptismus
879 1987 932 2017 dat
941 1995 1014 2026 par-

245 2047 329 2078 vulis
344 2047 471 2077 habitus
486 2046 655 2076 virtutum.

287 2100 363 2130 Item
387 2099 563 2139 baptismus
588 2097 660 2127 facit
684 2095 855 2135 parvulum
880 2093 1017 2131 dignum

246 2156 278 2185 et
293 2153 444 2183 idoneum
455 2152 494 2182 ad
509 2152 596 2182 dotes
611 2149 733 2189 gloriae,
745 2156 817 2188 quae
833 2148 908 2177 sunt
923 2145 1015 2183 visio⁷

247 2207 387 2244 dilectio,
400 2206 497 2236 tentio
514 2215 522 2236 ς
540 2204 593 2235 sed
613 2203 652 2234 ad
671 2203 826 2233 visionem
842 2198 1019 2239 disponitur

248 2260 320 2298 fide,
334 2259 372 2290 ad
388 2259 588 2289 dilectionem
602 2256 770 2292 charitate,
786 2254 825 2285 ad
842 2252 1018 2284 tentionem

249 2322 303 2353 spe
318 2323 324 2342 ε
343 2321 422 2351 ergo
436 2310 588 2351 parvulus
602 2310 698 2340 habet
711 2309 844 2339 virtutes
859 2304 1017 2343 theologi-

250 2375 313 2403 cas,
329 2367 359 2396 et
374 2365 450 2395 alias
463 2372 519 2403 per
531 2371 737 2402 consequens.

285 2465 289 2477 ¹
311 2464 385 2494 Aug„
413 2462 443 2485 (Ie
463 2461 529 2485 verb.
550 2461 644 2492 Aposl.‚
670 2466 746 2483 serm.
774 2465 827 2487 xiv,
857 2466 879 2481 c.
904 2462 958 2484 xlx,
988 2455 1020 2479 al.

251 2506 328 2522 serm.
351 2504 458 2528 ccxctv,
485 2505 511 2520 u.
543 2498 586 2526 17;
611 2496 644 2518 arl
674 2496 765 2524 Roms,
789 2494 861 2524 epist.
886 2497 969 2522 xxm,
989 2490 1020 2514 al.

251 2540 340 2565 xcxm,
355 2541 380 2557 u.
399 2537 420 2557 9,
433 2534 479 2550 —2
490 2535 565 2563 Aug„
580 2531 613 2555 ad
627 2531 720 2561 Bonis„
740 2530 812 2560 ‹›pist.
829 2528 880 2557 cit,
897 2535 922 2551 n.
938 2528 960 2550 ΕΞ.

794 105 1102 138 SENTENTtARUM
1126 105 1198 136 LlB.
1225 105 1273 136 lV.

1333 228 1557 261 CONCLUSlt).

1064 316 1173 342 Parvuli
1202 317 1230 342 in
1253 316 1386 350 baptismo
1409 316 1545 349 recipiunt
1564 315 1641 349 plene
1663 322 1718 341 rem
1741 322 1833 342 sacra-

1098 363 1197 393 menti,
1223 362 1323 387 scilicet
1349 361 1470 395 (sa-aliam
1496 367 1553 386 cum
1580 359 1742 390 virtutibus,
1767 360 1835 386 sicut

1098 406 1204 439 adnltz'3
1221 407 1343 440 quamrt's
1356 412 1405 439 per
1419 412 1461 431 eas
1476 412 1527 430 non
1543 407 1695 439 operentur.

1105 491 1194 531 Resp.
1213 491 1251 521 ad
1269 499 1340 529 arg.
1357 490 1492 527 Quidam
1513 489 1677 526 dixerunt,
1704 489 1836 520 virtutes
1851 501 1955 528 Opiniot.

1063 544 1204 584 parvulis
1232 543 1299 574 dari
1329 545 1485 582 quantum
1513 542 1552 572 ad
1586 541 1741 580 radicem,
1771 551 1835 572 non

1063 599 1217 637 quantum
1233 597 1272 627 ad
1285 596 1432 634 habitus,
1449 595 1524 635 qnia
1545 595 1638 625 datur
1663 595 1708 625 eis
1733 595 1837 634 gratia

1064 651 1170 681 delens
1183 650 1319 690 culpam,
1337 658 1400 679 non
1416 651 1452 679 ut
1472 648 1642 679 habilitans
1659 649 1813 688 potentias
1826 674 1833 687 ,

1064 704 1139 744 quia
1158 703 1306 743 potentiae
1330 704 1404 733 sunt
1424 701 1533 741 ligatae
1549 712 1555 731 :
1573 701 1656 732 unde
1675 710 1740 732 non
1762 704 1837 733 sunt

1064 758 1148 787 natae
1164 755 1340 792 liabilitari3
1358 754 1410 785 sed
1437 763 1510 784 cum
1534 754 1683 793 potentiae
1705 754 1834 785 solvun-

1065 810 1128 847 tur,
1147 809 1251 847 gratia
1266 809 1463 839 ramiticatur
1473 808 1506 838 in
1521 808 1649 838 habitus
1664 807 1834 838 virtutum.

1066 861 1126 893 Sed
1141 862 1210 893 haec
1224 862 1336 902 positio
1356 871 1420 892 non
1436 863 1536 901 potest
1551 862 1651 899 stare,
1668 861 1746 900 quia
1759 862 1836 891 tunc
1851 868 1949 896 improb.

1065 916 1178 955 aliquis
1194 915 1313 946 babens
1328 915 1479 953 virtutes,
1497 914 1523 944 si
1540 914 1719 953 ligarentur
1740 914 1775 944 in
1799 923 1836 945 co

1066 969 1214 1008 potentiae
1228 978 1283 1008 per
1298 969 1461 999 stultitiam
1471 992 1480 1006 ,
1497 968 1548 998 vel
1562 967 1677 998 furiam
1687 991 1696 1005 ,
1713 967 1838 998 amitte-

1066 1024 1112 1052 ret
1128 1031 1181 1052 eas
1198 1031 1205 1051 :
1224 1022 1308 1061 quod
1328 1021 1460 1052 stultum
1478 1023 1524 1051 cst
1542 1021 1661 1058 dicere,
1679 1029 1753 1051 cum
1773 1020 1838 1051 sola

1067 1075 1159 1115 culpa
1176 1075 1360 1114 perdantur.
1378 1075 1447 1105 Alia
1463 1074 1576 1114 positio
1591 1076 1653 1111 est,
1666 1073 1750 1113 quod
1763 1073 1837 1104 dan·
1853 1080 1958 1107 opi-³³⁰2.

1067 1130 1121 1158 tur
1137 1128 1277 1167 parvulis
1294 1130 1450 1167 quantuni
1467 1127 1503 1158 ad
1521 1127 1666 1157 habitum
1681 1151 1688 1164 ‚
1705 1127 1759 1157 sed
1774 1135 1837 1157 non
1855 1110 1950 1138 Improb.

1068 1184 1223 1221 quantum
1239 1181 1275 1212 ad
1293 1191 1398 1211 usum.
1413 1181 1472 1211 Sed
1488 1183 1564 1211 tunc
1580 1181 1746 1220 quaeritur,
1761 1180 1836 1220 quid

1069 1236 1200 1264 vocatur
1222 1234 1264 1263 ibi
1285 1243 1362 1264 usus
1379 1245 1385 1264 :
1403 1236 1458 1264 aut
1484 1234 1614 1264 facultas
1639 1233 1768 1271 utendi,
1785 1237 1839 1264 aut,

1069 1289 1155 1317 actus
1175 1298 1180 1317 z
1199 1287 1223 1316 si
1239 1287 1379 1325 facultas,
1397 1288 1472 1317 tunc
1494 1287 1549 1326 qui
1573 1286 1666 1316 habet
1679 1286 1837 1324 habitum,

1069 1340 1163 1371 habet
1179 1340 1370 1377 facultatem,
1388 1349 1445 1370 nec
1455 1342 1502 1370 est
1517 1340 1732 1378 distinguere;
1749 1340 1774 1370 si
1789 1348 1839 1370 ac-

1069 1397 1131 1432 tus,
1146 1395 1198 1425 sed
1221 1395 1317 1424 adulti
1341 1403 1403 1425 non
1427 1403 1550 1433 semper
1568 1395 1703 1423 utuntur
1715 1393 1840 1423 virtuti—

1069 1448 1140 1485 bus,
1152 1450 1184 1477 ut
1194 1448 1320 1487 quando
1329 1447 1586 1485 abisintendunt,
1597 1449 1627 1476 et
1637 1449 1741 1477 tamen
1759 1455 1842 1477 com-

1070 1500 1150 1540 plete
1166 1501 1284 1531 habent
1298 1501 1437 1531 habitus.
1459 1499 1489 1530 Si
1507 1509 1584 1530 usus
1605 1501 1735 1530 voratur
1750 1507 1840 1539 quae-

1070 1553 1141 1583 dam
1157 1554 1342 1584 assuefactio
1357 1554 1460 1583 addita
1477 1553 1603 1583 muneri
1622 1552 1752 1583 virtutis
1763 1575 1772 1589 ,
1797 1551 1840 1582 si-

1071 1609 1123 1637 cut
1148 1607 1298 1646 patientia
1322 1607 1434 1636 dicitur
1459 1607 1551 1636 fuisse
1578 1607 1609 1636 in
1634 1605 1714 1643 Jol),
1739 1605 1841 1635 adhuc

1070 1669 1133 1690 non
1161 1660 1269 1697 solvit,v
1299 1660 1373 1699 quia
1397 1660 1465 1689 haec
1487 1668 1549 1689 non
1573 1662 1619 1689 est
1639 1659 1671 1688 iu
1694 1653 1842 1688 om‘nibus

1071 1713 1186 1743 adultis
1201 1713 1301 1743 bonis.
1323 1713 1427 1743 Tertia
1440 1713 1553 1752 positio
1569 1714 1634 1751 est,
1658 1712 1743 1751 quod
1760 1711 1838 1742 dan·
1855 1717 1933 1745 Opinio
1943 1717 1964 1737 ³.

1072 1768 1124 1797 tur
1143 1767 1187 1796 eis
1208 1767 1352 1802 babitus,
1376 1767 1429 1796 scd
1449 1766 1623 1796 secundum
1644 1767 1760 1795 statum
1778 1765 1839 1795 im-

1072 1819 1270 1859 perfectionis
1285 1830 1291 1849 :
1310 1819 1394 1850 unde
1406 1819 1533 1850 habitus
1544 1819 1601 1849 iste
1616 1819 1706 1859 quasi
1718 1818 1842 1849 medius

1072 1874 1119 1903 est
1135 1873 1217 1903 inter
1237 1873 1410 1913 potentiam
1433 1873 1551 1903 nudam
1571 1874 1601 1903 et
1622 1872 1756 1912 perfecte
1778 1872 1841 1902 dis-

1072 1926 1208 1965 positam
1221 1950 1228 1964 ,
1250 1926 1331 1956 sicut
1347 1928 1393 1956 est
1410 1926 1497 1956 visus
1517 1926 1550 1956 in
1568 1925 1658 1956 oculo
1673 1925 1760 1956 canis
1772 1927 1844 1955 ante

1072 1989 1194 2010 nonum
1219 1980 1313 2010 diem.
1345 1979 1404 2010 Sed
1431 1980 1490 2009 ista
1514 1979 1625 2019 positio
1651 1987 1715 2009 non
1744 1979 1843 2018 potest
1861 1983 1956 2011 Improb-

1074 2036 1156 2064 stare
1171 2033 1406 2070 convenienter,
1423 2032 1498 2071 quia
1511 2031 1659 2071 perfectio
1674 2023 1843 2061 habituum

1074 2086 1253 2116 infusorum
1270 2086 1356 2116 venit
1374 2094 1415 2115 ex
1435 2086 1522 2124 parte
1538 2084 1671 2123 gratiae:
1693 2086 1722 2114 et
1741 2092 1798 2123 per
1813 2084 1844 2115 id

1075 2139 1161 2178 quod
1176 2139 1293 2169 habent
1308 2139 1427 2177 absque
1441 2137 1611 2176 additione,
1629 2139 1762 2176 possunt
1776 2146 1845 2177 par-

1075 2192 1141 2223 vuli
1154 2192 1234 2222 bene
1248 2192 1371 2230 operari
1386 2216 1392 2228 ,
1411 2200 1483 2221 cum
1497 2192 1678 2221 creverunt.
1697 2189 1733 2220 Et
1747 2199 1843 2230 prop·
1862 2194 1964 2230 Deterrui-

1075 2247 1160 2276 terea
1174 2244 1343 2275 dicendum
1359 2247 1415 2281 est,
1433 2244 1518 2284 quod
1532 2244 1647 2274 dantur
1660 2243 1704 2274 eis
1719 2243 1846 2274 habitus
1860 2229 1924 2247 '¹⁸⁰⁰'

1075 2298 1203 2339 perfecti
1218 2298 1391 2335 virtutum,
1411 2298 1490 2327 sicut
1505 2298 1536 2327 et
1552 2297 1681 2335 adultis,
1698 2296 1845 2336 quamvis

1076 2361 1133 2392 per
1153 2352 1223 2382 illos
1243 2360 1307 2381 non
1329 2354 1510 2390 operentur.
1534 2350 1665 2390 Propter
1681 2349 1764 2390 quod
1785 2358 1843 2380 no-

1077 2405 1230 2443 tandum,
1256 2405 1340 2444 quod
1365 2405 1512 2444 potentiae
1539 2404 1655 2434 animae
1681 2401 1846 2442 dupliciter

1078 2458 1303 2498 impediuntur,
1318 2467 1357 2488 ne
1371 2458 1473 2488 debite
1485 2457 1639 2487 exeantin
1649 2457 1736 2486 actus
1748 2463 1822 2485 suos
1837 2464 1844 2485 :

1078 2520 1143 2541 uno
1162 2511 1256 2542 modo
1271 2534 1280 2549 ,
1293 2519 1312 2541 a
1325 2511 1464 2550 corporis
1479 2509 1712 2549 imperfectione
1726 2509 1757 2538 et
1773 2516 1845 2539 cor—

1080 2565 1224 2604 ruptione
1237 2588 1245 2601 ‚
1261 2567 1291 2594 et
1309 2564 1352 2593 sic
1368 2564 1586 2603 impediuntur
1602 2562 1632 2591 iu
1649 2561 1800 2601 parvulis,
1817 2565 1847 2592 et
