2017 2948
103 1707 208 1728 Fundam.

222 143 279 172 594

221 207 408 239 adveniente
419 230 428 245 ‚
445 208 577 246 possunt
592 206 674 236 bona
688 212 786 243 opera
803 202 990 241 computari.

261 262 292 292 2.
310 259 387 291 Item
411 259 586 299 baptismus
607 260 751 297 acceptus
774 266 793 286 a
815 256 888 286 sicto
903 257 994 285 extra

221 313 406 345 charitatem
418 337 426 351 ,
441 313 625 344 adveniente
644 310 796 341 charitate
811 308 919 347 incipit
935 317 993 338 va-

221 368 305 399 lere:
323 376 402 406 ergo
417 366 572 404 similiter,
589 374 662 396 cum
678 362 846 393 satisfactio
861 361 899 391 sit
915 370 994 401 opus

222 420 458 457 sacramentale,
475 419 589 459 poterit
601 417 706 448 valere
721 414 908 445 adveniente
923 413 994 444 clia-

221 475 324 506 ritate.
340 474 372 506 Si
388 476 423 505 tu
440 474 524 504 dicas
544 472 628 512 quod
642 480 705 501 non
721 471 767 499 est
781 468 882 499 simile
894 492 902 505 ,
919 467 994 507 quia

220 527 254 558 in
280 527 437 568 baptismo
463 525 660 565 imprimitur
684 523 864 558 cliaracter3
884 522 994 551 contra

220 580 280 611 hoc
295 582 341 611 est
364 580 402 611 de
424 578 639 616 restitutione,
655 585 727 616 quie
754 577 830 605 tunc
850 573 934 605 valet
954 573 993 603 ad

219 633 353 664 salutem
365 657 374 672 ,
388 641 461 664 eum
480 631 608 663 advenit
629 629 765 660 charitas
775 652 782 665 ,
799 636 857 658 1100
871 627 994 667 oportet

218 687 336 717 iterari.

261 742 289 770 3.
316 738 394 770 Item
419 738 541 769 facilius
561 739 609 768 est
636 737 668 766 in
692 737 806 765 natura
830 733 993 764 vivificare

219 793 304 833 quod
322 801 386 823 non
400 792 491 830 vixit,
507 800 603 831 quam
619 789 703 830 quod
718 787 798 818 vixit
812 789 841 817 et
854 789 899 817 est
913 795 994 817 mor-

219 848 310 878 tuum
322 870 330 885 ,
347 846 414 877 sive
429 845 656 876 mortificatum
670 854 676 873 z
694 841 834 882 primum
847 840 932 871 enim
948 843 994 870 est

218 900 378 939 naturale,
403 899 577 930 secundum
598 905 692 937 super
716 897 865 925 naturam
884 905 890 924 :
913 902 993 933 ergo

218 963 291 984 cum
316 962 411 994 opera
438 952 625 983 mortificata
640 974 647 988 ,
674 948 860 979 adveniente
888 947 992 978 chari-

218 1008 295 1044 tate,
314 1006 528 1044 vivificentur,
549 1004 646 1034 multo
664 1001 767 1041 magis
780 1002 905 1031 mortua
918 1023 926 1037 ‚
942 1000 992 1031 rel

219 1059 329 1090 saltem
343 1059 516 1098 aequaliter.

259 1112 288 1141 4.
307 1110 384 1141 Item
398 1110 519 1140 bonum
535 1108 634 1139 moris
655 1109 759 1147 magis
774 1107 991 1147 propinquum

219 1165 266 1194 est
281 1163 393 1203 gratia:
405 1187 413 1201 ,
429 1171 524 1202 quam
537 1161 658 1191 boumn
670 1163 794 1190 naturae
808 1170 815 1190 t
834 1158 887 1189 sed
906 1159 995 1187 natu-

220 1216 299 1248 ralia
320 1216 527 1247 vivificantur
542 1238 550 1251 ,
572 1216 602 1244 et
628 1213 731 1252 gratia
755 1212 967 1243 reformantur
985 1221 990 1240 :

220 1278 300 1309 ergo
314 1272 344 1300 et
358 1269 444 1299 bona
458 1268 491 1298 in
506 1276 623 1307 genere
634 1266 724 1306 prius
737 1265 828 1295 facta.

260 1324 289 1354 5.
305 1324 382 1353 Item
395 1321 474 1352 ratio
490 1329 588 1360 quare
603 1319 684 1350 Deus
698 1319 831 1350 remittit
846 1317 972 1357 culpam
984 1340 992 1354 ,

220 1378 251 1406 et
274 1384 338 1406 non
362 1373 495 1405 remittit
514 1382 660 1413 poenam,
687 1374 748 1410 est,
767 1380 807 1402 ne
830 1372 993 1410 peccatum

221 1430 384 1459 remaneat
398 1426 593 1467 impunitum
609 1437 615 1456 :
632 1433 712 1464 ergo
733 1424 758 1455 si
779 1425 836 1454 iste
851 1425 994 1463 peccator

221 1481 353 1520 punitus
367 1482 493 1511 estante
506 1480 679 1511 adventum
691 1478 813 1518 gratiae,
828 1485 994 1516 nunquam

222 1535 314 1566 debet
328 1533 434 1573 puniri
450 1535 520 1572 post
541 1532 678 1571 gratiam
696 1542 702 1561 z
723 1531 774 1561 vel
791 1531 823 1560 in
839 1533 926 1570 parte
941 1530 994 1560 de-

222 1587 288 1625 bet,
304 1589 359 1617 aut
374 1586 463 1617 nullo
484 1584 577 1615 modo
601 1584 707 1624 puniri
726 1583 831 1621 debet,
854 1585 908 1613 aut
931 1592 995 1613 non

222 1642 348 1671 tantum
363 1650 370 1670 z
387 1648 467 1677 ergo
479 1638 564 1668 bona
579 1646 675 1675 opera
690 1638 923 1675 computantur.

264 1693 378 1724 Contra
395 1703 401 1722 :
419 1691 507 1728 Quod
525 1690 611 1721 nullo
624 1689 718 1719 modo
733 1689 830 1726 vivit,
846 1697 904 1719 1100
919 1690 963 1718 est
977 1697 995 1718 a

200 1760 202 1762 >
223 1745 377 1786 principio
396 1745 545 1780 vivente,
569 1752 627 1774 nec
649 1742 743 1772 habet
762 1741 935 1781 potentiam
957 1740 995 1771 ad

222 1799 347 1836 vitam,
366 1806 431 1828 non
453 1798 554 1836 potest
578 1795 732 1826 vivificari
756 1805 762 1825 z
789 1795 844 1825 sed
867 1794 927 1825 tale
949 1796 996 1824 est

223 1861 302 1891 opus
316 1853 406 1882 extra
421 1850 607 1881 charitatem
621 1849 739 1879 Iactum
755 1857 762 1878 :
780 1856 870 1885 ergo,
887 1849 944 1877 etc.

263 1904 341 1935 Item
361 1912 456 1934 omne
476 1911 556 1943 opus
580 1901 825 1932 satisfactorium
839 1903 885 1931 est
899 1900 996 1931 meri-

223 1958 341 1989 torium
357 1967 364 1988 :
381 1957 435 1988 sed
451 1956 575 1987 nullum
600 1956 646 1986 est
661 1953 861 1985 meritorium
879 1954 940 1984 nisi
956 1963 996 1984 ex

223 2011 374 2042 charitate
391 2021 398 2042 :
416 2010 467 2040 sed
483 2019 563 2049 opus
584 2008 660 2039 illud
676 2017 741 2037 non
756 2007 815 2037 fuit
835 2016 874 2037 ex
891 2007 994 2037 chari-

223 2066 300 2102 tate,
313 2073 371 2094 nec
384 2062 522 2102 amplius
543 2064 643 2101 potest
659 2070 743 2098 esse,
763 2060 838 2100 quia
853 2059 996 2099 impossi-

223 2116 285 2146 bile
303 2115 446 2156 estquod
461 2116 562 2145 mutet
574 2113 733 2153 originem
750 2124 756 2142 :
776 2122 854 2151 ergo
876 2112 995 2152 impos-

223 2169 313 2200 sibile
335 2171 382 2200 est
408 2169 489 2199 inter
518 2176 613 2207 opera
641 2166 848 2197 satisfactoria
865 2175 994 2205 compu-

222 2222 294 2252 tari.

263 2275 341 2306 Item
354 2276 497 2314 peccator
511 2275 583 2303 ante
599 2271 843 2302 satisfactionem
859 2272 993 2302 05101111-

223 2330 319 2368 gatus
342 2328 382 2358 ad
398 2336 524 2368 poenam
546 2325 703 2356 infinitam
721 2336 727 2356 :
745 2325 796 2355 sed
814 2326 853 2355 ab
869 2325 991 2356 infinito

220 2381 301 2413 nihil
311 2381 461 2412 adimitur
473 2390 480 2412 :
493 2389 570 2420 ergo
581 2381 876 2419 quantumcumque
887 2388 991 2419 peeca-

219 2436 268 2466 tor
283 2444 316 2465 se
329 2435 461 2474 affligat,
478 2437 602 2465 tenetur
616 2432 655 2462 ad
671 2431 828 2471 aequalem
843 2441 986 2471 poenam:

779 132 1087 167 SENTt-:NTIARUM
1112 132 1182 163 1218.
1208 131 1257 162 lV.

1049 197 1403 240 improportionabiliter
1422 204 1504 236 opus
1525 197 1615 227 extra
1635 194 1818 227 charitatem

1049 254 1166 284 sactum
1183 263 1190 283 z
1215 252 1267 282 sed
1288 250 1373 291 quod
1394 247 1747 290 improportionabiliter
1765 258 1819 280 ex-

1049 307 1129 337 cedit
1145 305 1242 340 aliud,
1255 314 1318 335 non
1328 303 1476 334 accrescit
1486 312 1526 334 ex
1539 302 1699 332 additione
1713 301 1818 333 illius:

1048 369 1126 399 ergo
1135 362 1443 400 quantumcumque,
1451 356 1501 388 vel
1509 363 1821 396 quaecumqueopera

1049 414 1155 443 sec-erit
1181 415 1253 443 ante
1281 412 1463 442 charitatem
1481 435 1491 448 ‚
1521 410 1602 440 nihil
1634 408 1754 440 addunt
1781 407 1821 439 ad

1048 476 1143 507 opera
1159 468 1227 506 post
1242 466 1429 496 charitatem
1441 489 1448 502 ,
1465 464 1545 494 sicut
1561 472 1617 494 nec
1632 464 1767 503 punctus
1781 461 1820 493 ad

1048 521 1165 551 lineam
1181 531 1188 550 ε
1205 528 1285 558 ergo
1298 519 1328 549 111
1345 518 1484 549 1111111001
1499 517 1614 548 dehent
1626 515 1817 556 computari.

1319 631 1546 665 CONCLUSIO.

1051 720 1135 747 Valde
1153 719 1292 754 probabile
1311 720 1349 745 est
1369 718 1440 752 quod
1459 716 1595 752 quodlibet
1609 723 1675 751 opus
1689 716 1819 748 satisfac-

1094 765 1192 791 torium
1205 765 1310 797 factum
1321 764 1398 790 (κείνα
1411 762 1580 794 charitatem,
1592 760 1750 788 adveniente
1758 760 1820 787 cha-

1084 809 1164 835 ritate
1181 809 1323 835 reviviscat
1335 816 1342 832 :
1357 806 1401 834 sed
1414 807 1496 833 tutius
1511 807 1547 832 est
1559 805 1710 840 oppositum
1724 807 1817 832 tenere.

1089 892 1180 932 Resp.
1205 892 1243 923 ad
1266 901 1336 931 arg.
1358 890 1531 922 Dicendum
1551 889 1635 930 quod
1659 889 1741 920 circa
1762 888 1822 920 hoe

1048 946 1106 977 ruit
1129 945 1246 985 duplex
1270 945 1387 985 opinio.
1409 943 1477 974 Una
1493 942 1623 983 quidem
1644 942 1718 980 tuit,
1736 941 1820 982 quod
1835 953 1900 981 09:11.
1921 957 1939 975 t.

1048 1008 1128 1039 opus
1142 998 1402 1036 satisfactorium,
1419 998 1577 1038 quantum
1590 997 1636 1027 est
1649 995 1688 1027 de
1700 1004 1760 1026 sua
1775 1003 1822 1026 ra-

1048 1053 1132 1084 tione
1148 1053 1282 1092 perfecta
1295 1076 1302 1089 ,
1320 1053 1462 1082 meretur
1476 1050 1676 1080 collationem
1696 1048 1820 1088 gloriae,

1048 1109 1079 1138 et
1102 1109 1242 1137 meretur
1261 1105 1480 1136 remissionem
1501 1112 1603 1144 poenae
1620 1106 1628 1122 ¹
1647 1114 1654 1134 ε
1680 1103 1819 1134 collatio-

1048 1169 1121 1190 nem
1137 1159 1266 1198 gloriae,
1283 1158 1358 1198 qnia
1377 1159 1411 1188 fit
1426 1167 1466 1189 ex
1481 1157 1648 1194 charitate;
1667 1156 1821 1188 remissio-

1050 1222 1121 1243 nem
1139 1212 1336 1252 pcenae‚quia
1352 1212 1387 1241 fit
1401 1211 1434 1241 in
1451 1211 1601 1241 charitate
1616 1210 1648 1240 in
1663 1212 1820 1250 quantum

1049 1264 1275 1296 sacramentale
1299 1266 1345 1294 est
1362 1274 1369 1294 :
1393 1266 1423 1294 et
1437 1264 1508 1294 ideo
1523 1263 1655 1301 sufficit,
1671 1263 1755 1303 quod
1769 1264 1822 1294 fiat

1049 1319 1082 1350 in
1101 1319 1251 1349 charitate
1267 1320 1423 1358 quantum
1436 1317 1475 1348 ad
1487 1317 1563 1354 1100,
1579 1316 1663 1356 quod
1677 1325 1733 1356 per
1746 1316 1822 1348 cha-

1049 1373 1173 1403 ritatem
1187 1381 1282 1411 poena
1299 1371 1402 1402 debita
1416 1371 1618 1402 satisfacienti
1633 1370 1673 1401 sit
1688 1379 1820 1410 propor-

1050 1426 1206 1457 tionabilis
1221 1434 1324 1465 poenae
1340 1434 1438 1465 qnam
1453 1424 1606 1455 sustinet:
1622 1423 1730 1454 dicunt
1742 1433 1821 1464 ergo

1050 1480 1134 1520 quod
1150 1488 1245 1519 opera
1262 1478 1315 1508 illa
1331 1477 1486 1509 vivificari
1502 1479 1657 1517 quantum
1670 1476 1710 1507 ad
1725 1476 1820 1507 meri-

1051 1535 1140 1568 tum,
1167 1532 1217 1563 vel
1240 1532 1485 1562 retributionem
1507 1530 1579 1561 vitae
1605 1532 1753 1569 aeternae,
1775 1532 1823 1561 est

1052 1585 1263 1624 impossibile,
1282 1584 1358 1624 quia
1372 1593 1437 1614 non
1451 1584 1580 1614 fuerunt
1595 1592 1634 1614 ex
1650 1583 1820 1621 charitate;

1051 1640 1079 1668 et
1096 1638 1235 1678 amplius
1250 1637 1443 1677 impossibile
1461 1638 1507 1666 est
1522 1645 1589 1666 esse
1603 1646 1643 1667 ex
1657 1637 1819 1668 charitate.

1052 1691 1111 1722 Sed
1122 1694 1278 1730 quantum
1289 1690 1328 1721 ad
1340 1690 1491 1720 meritum
1501 1689 1696 1720 remissionis
1704 1698 1819 1729 poenae‚

1051 1745 1125 1784 quia
1138 1753 1201 1774 non
1216 1743 1375 1774 eratfilius
1389 1742 1526 1773 defectus
1539 1766 1546 1780 ‚
1562 1743 1622 1772 nisi
1638 1742 1714 1782 quja
1728 1751 1822 1782 poena

1051 1806 1114 1827 non
1131 1799 1197 1827 erat
1213 1795 1504 1836 proportionabssis3
1521 1795 1579 1825 isto
1590 1795 1690 1834 posito
1704 1795 1738 1826 in
1752 1795 1823 1826 cha-

1052 1850 1159 1888 ritate,
1178 1852 1209 1881 et
1224 1859 1316 1890 poena
1330 1850 1409 1879 sacta
1424 1847 1697 1888 proportionabili,
1715 1848 1823 1879 vivifi-

1052 1905 1164 1934 cantur
1181 1904 1219 1943 (a)
1236 1904 1393 1943 quantum
1408 1901 1447 1931 ad
1463 1901 1533 1939 hoc,
1545 1901 1630 1941 quod
1645 1901 1823 1941 computari

1052 1956 1167 1987 debent
1188 1957 1221 1986 in
1243 1958 1371 1986 sortem.
1390 1954 1428 1985 Et
1452 1955 1495 1985 ita
1511 1954 1602 1985 aliter
1620 1955 1823 1986 vivificantur

1051 2019 1149 2049 quam
1164 2018 1260 2049 opera
1279 2009 1467 2038 mortificata
1478 2031 1486 2045 ,
1502 2007 1576 2048 quia
1594 2007 1648 2038 illa
1665 2008 1704 2039 ad
1729 2010 1820 2039 aeter-

1052 2072 1126 2093 nam
1150 2062 1392 2092 retributionem
1406 2085 1413 2098 ‚
1438 2061 1507 2092 haec
1532 2061 1636 2091 solum
1657 2061 1696 2092 ad
1721 2070 1822 2101 poenae

1051 2115 1279 2145 dimissionem.
1303 2114 1373 2144 Alia
1397 2117 1443 2145 est
1462 2114 1592 2154 positio,
1620 2114 1704 2154 quod
1728 2123 1822 2146 omne
1837 2128 1901 2155 opii..
1921 2130 1940 2149 2.

1050 2176 1130 2207 opus
1162 2167 1403 2197 satisfactorium
1436 2169 1483 2198 est
1517 2167 1715 2198 meritorium
1747 2167 1822 2199 vitae

1050 2223 1196 2257 aeternae,
1221 2222 1251 2250 et
1275 2221 1397 2260 oportet
1421 2220 1490 2250 11011
1513 2229 1553 2250 ex
1575 2219 1727 2251 charitate
1751 2229 1822 2251 mo-

1050 2276 1142 2305 vente
1159 2273 1292 2313 imperio
1307 2275 1488 2312 conjimcto,
1502 2272 1553 2304 vel
1567 2273 1676 2304 saltem
1686 2273 1819 2314 praevio,

1049 2326 1100 2358 vel
1123 2327 1226 2366 primo
1247 2337 1254 2356 ;
1280 2326 1360 2356 sicut
1384 2328 1431 2356 est
1454 2326 1492 2356 de
1515 2335 1570 2364 eo,
1588 2326 1643 2366 qui
1672 2326 1759 2357 vadit
1781 2326 1821 2357 ad

1049 2380 1369 2410 Sanctum-Jacobum
1387 2390 1394 2410 :
1418 2379 1504 2410 unde
1523 2379 1633 2411 dicunt
1646 2380 1731 2420 quod
1745 2379 1820 2411 talia

1047 2432 1134 2463 nullo
1156 2432 1248 2463 modo
1269 2432 1490 2470 vivificantur,
1506 2442 1564 2463 nec
1582 2435 1817 2473 computantur.

217 2496 297 2527 ergo
310 2497 373 2518 non
387 2487 503 2518 debent,
516 2486 590 2517 talia
603 2493 697 2525 opera
713 2486 900 2523 computari.

258 2539 335 2570 Item
350 2549 431 2580 opus
450 2549 490 2571 ex
504 2539 655 2570 charitate
674 2536 846 2577 procedens
867 2538 989 2570 excedit

249 2601 254 2614 ¹
270 2601 341 2625 Hane
356 2601 415 2625 dicit.
427 2602 570 2626 Alexander
583 2607 638 2624 esse
652 2599 740 2623 salsam
753 2599 985 2629 «111-011101111οᾱ001.

1047 2486 1154 2518 Prima
1162 2487 1275 2527 positio
1286 2489 1332 2518 est
1344 2486 1483 2518 multum
1493 2487 1676 2527 probabilis,
1686 2486 1740 2518 sed
1748 2486 1818 2518 haec
1835 2495 1926 2530 cangio

1045 2539 1185 2571 securior
1196 2542 1254 2572 est.
1845 2532 1930 2553 viunno-

1834 2563 1892 2578 ΙΙΙῚὝΙ.

1075 2604 1108 2633 (α)
1120 2603 1178 2626 Caet.
1195 2602 1254 2626 edil.
1265 2602 1403 2627 viViticant.
