2017 2948
54 1186 115 1207 Ratio
135 1187 155 1206 3.

585 154 678 185 DIST.
704 155 725 185 1.
752 154 866 185 PART.
892 154 928 184 H.
954 154 1041 185 ART.
1068 154 1090 184 l.
1115 153 1262 191 QUAEST.
1287 156 1339 186 111.

163 224 328 264 profitetur
341 223 438 254 homo
450 247 457 259 ,
479 221 605 262 quando
620 221 704 260 quod
718 221 851 252 interius
866 230 933 251 cre-

163 277 227 314 dit,
244 276 384 307 exterius
399 275 595 313 manifestat,
614 274 683 305 ideo
698 276 839 314 tempore
854 274 935 314 legis

163 333 288 361 naturae
299 330 425 360 fuerunt
434 329 526 368 signa
535 328 574 358 ad
584 328 644 358 hoc
655 328 932 358 manifestandum.

164 382 266 413 Etiam
293 382 507 413 honorabatur
532 382 567 411 ut
592 380 791 420 Redemptor,
820 383 850 411 et
875 381 935 411 1100

165 436 259 466 modo
282 436 340 466 tria
365 435 626 465 considerantur:
653 434 879 474 Redemptum,
906 436 936 465 et

165 488 224 519 hoc
246 499 302 529 per
320 488 576 525 decimationem,
598 487 694 518 homo
710 487 795 518 enim
811 487 936 527 signifi—

166 545 256 573 catur
283 551 338 582 per
363 541 516 571 decimam
549 540 734 571 drachmani
762 540 934 580 perditam;

167 595 232 634 ipse
255 594 366 625 modus
388 593 582 631 redimendi,
608 596 638 623 et
657 593 717 624 1100
732 602 787 633 per
803 593 937 624 oblatio-

167 657 239 678 nem
253 659 260 686 3
277 648 381 687 ipsum
393 647 541 687 pretium,
555 647 654 677 ethoc
666 656 721 686 per
734 646 935 684 sacrificium,

167 701 200 731 in
216 711 279 741 quo
294 703 360 731 erat
375 700 540 739 sanguinis
555 700 677 730 effusio.
696 700 733 730 Et
746 700 804 730 ista
817 700 938 739 profes-

168 754 214 783 sio
233 755 264 784 in
284 753 467 793 hujusmodi
488 753 588 792 signis
604 753 743 783 maxime
765 753 939 783 necessaria

167 808 234 836 erat
244 806 381 846 proipsis
391 806 580 845 imperfectis
591 817 597 836 :
610 806 753 845 perfectis
763 806 847 836 enim
858 806 940 836 Deus

168 858 321 889 revelavit
337 860 531 889 sacramenta
547 858 638 894 fidei,
655 858 844 898 imperfectis
859 859 940 889 cela-

168 911 225 943 vit.
252 910 339 942 Unde
361 911 501 942 minores
524 911 729 942 adhaerebant
747 911 819 941 fidei
838 912 938 950 majo-

168 973 241 995 rum
254 989 261 1001 ,
278 966 308 995 et
322 964 490 995 credebant
504 964 654 1004 implicite
667 987 675 1001 ‚
692 966 722 994 et
738 963 818 994 sicut
834 963 938 1003 impli-

169 1018 228 1048 cite
243 1017 410 1048 credebaut
420 1041 428 1055 ,
444 1017 486 1047 sic
503 1017 596 1056 signa
608 1017 680 1048 data
694 1019 768 1047 sunt
783 1016 827 1047 eis
842 1027 860 1047 a
874 1026 942 1047 ma-

166 1071 300 1110 joribus,
317 1070 350 1100 in
361 1070 476 1110 quibus
488 1070 583 1100 fidem
597 1070 748 1110 implicite
760 1071 942 1110 profiteren-

170 1125 234 1154 tur.
248 1123 353 1154 Tertia
366 1123 446 1153 ratio
458 1125 506 1153 est
518 1123 592 1154 vitae
605 1124 739 1162 agendae
754 1123 920 1154 instructio
933 1133 941 1153 :

171 1176 250 1207 sicut
266 1176 351 1207 enim
373 1176 487 1215 aliquis
507 1185 571 1207 non
588 1179 710 1216 poterat
732 1177 794 1207 Deo
820 1177 943 1217 placere

171 1230 240 1260 sine
256 1230 316 1260 fide
330 1254 337 1268 ,
355 1239 411 1260 nec
426 1239 443 1260 a
459 1232 584 1269 peccato
604 1239 774 1269 resurgere
795 1230 861 1260 51110
882 1230 944 1261 fide

173 1282 408 1323 Redemptor'ts3
425 1283 467 1313 sic
479 1292 535 1313 nec
546 1283 672 1313 inbono
685 1285 766 1313 stare
782 1283 848 1313 sine
860 1283 944 1314 bono

173 1345 267 1376 opere
281 1346 287 1366 :
306 1337 336 1366 et
351 1336 420 1366 ideo
433 1336 503 1365 fidei
519 1336 641 1376 adJecta
655 1337 727 1366 sunt
743 1336 853 1374 signa,
871 1345 945 1376 ([11ῑο

173 1389 389 1430 significarent
408 1398 462 1427 ea,
487 1398 560 1428 quse
580 1389 755 1419 necessaria
780 1391 852 1419 suut
872 1398 945 1419 cum

173 1442 233 1472 fide
248 1453 254 1472 1
278 1442 346 1473 haec
365 1444 473 1472 autem
488 1443 547 1472 tria
562 1445 635 1472 sunt
655 1443 687 1472 in
706 1442 798 1472 corde
809 1466 816 1479 ,
842 1445 871 1472 et
887 1443 945 1473 tria

173 1498 245 1525 sunt
256 1495 407 1525 exterius.
421 1497 498 1531 Quae
508 1495 568 1524 tria
580 1495 613 1524 in
629 1495 731 1532 corde,
748 1495 798 1525 bis
812 1504 946 1534 sequen-

173 1549 256 1579 tibus
270 1549 450 1587 signantur.
475 1548 508 1578 ln
531 1548 738 1578 decimatione
760 1549 945 1588 [1000111110-

173 1602 311 1641 cognitio
322 1626 330 1639 ,
349 1603 379 1631 et
393 1603 463 1641 ejus
484 1601 642 1639 dimissio,
664 1601 740 1640 quia
754 1601 786 1631 in
801 1611 837 1632 ea
853 1602 946 1632 datur

174 1655 236 1686 Deo
255 1655 338 1695 quod
359 1656 529 1695 perfectum
544 1656 575 1685 et
590 1654 673 1693 quod
695 1655 816 1685 bonum
831 1658 895 1693 est,
915 1658 946 1686 et

173 1710 314 1739 remanet
332 1707 422 1738 nobis
437 1708 521 1747 quod
537 1709 581 1737 est
596 1708 815 1747 imperfectum
829 1717 836 1738 :
862 1709 945 1739 unde

173 1762 372 1800 significatur
393 1761 477 1801 quod
496 1761 579 1791 bona
599 1763 723 1791 tantum
740 1763 813 1791 sunt
827 1771 845 1791 a
861 1761 922 1792 Deo
936 1786 942 1798 ,

174 1814 228 1845 sed
252 1814 334 1844 mala
357 1823 375 1844 a
396 1814 498 1844 nobis.
525 1813 666 1852 Rursus,
691 1814 725 1844 in
748 1815 945 1853 separatione

175 1868 304 1899 decimae
315 1868 412 1908 partis
426 1868 459 1898 in
470 1870 592 1907 partem
607 1867 672 1905 Dei,
689 1867 833 1906 signatur
843 1876 945 1898 reces-

175 1930 230 1952 sus
243 1931 262 1951 a
277 1923 414 1960 peccato.
433 1921 467 1950 ln
487 1920 638 1950 sacrificio
654 1920 801 1959 signatur
821 1921 945 1951 interna

174 1974 319 2005 contritio
331 1998 338 2012 ,
370 1974 445 2014 quia
456 1976 464 1992 ¹
495 1974 693 2013 sacrificium
720 1974 780 2005 Deo
807 1974 946 2013 spiritus

174 2029 402 2061 contribulatus
415 2052 423 2066 ,
442 2031 472 2059 et
486 2028 622 2060 exterior
637 2029 738 2059 carnis
754 2029 923 2060 maceratio
933 2052 943 2067 ,

175 2083 249 2123 quia
270 2082 468 2114 occidebatur
484 2091 601 2122 pecus:
625 2082 710 2113 unde
729 2083 946 2114 mortificanda

175 2139 249 2167 sunt
270 2136 413 2167 membra
434 2138 583 2167 nosti—21²:
608 2135 795 2168 Eccltibecttz's
815 2144 946 2176 corpora

177 2193 281 2221 vestra
305 2189 458 2227 hostiam,
483 2190 541 2220 etc.
568 2187 605 2219 ln
629 2188 805 2227 oblatione,
830 2190 946 2221 mentis

177 2243 321 2281 devotio,
344 2246 374 2273 et
395 2243 532 2273 exterior
550 2243 634 2273 bona
651 2243 810 2283 operatio;
832 2252 904 2283 quae
920 2243 946 2273 si

177 2296 280 2327 adsint
297 2305 370 2326 cum
387 2295 448 2326 fide
461 2319 468 2332 ‚
489 2295 648 2326 sufficiunt
667 2296 706 2326 ad
728 2296 872 2328 salutem.
896 2296 947 2328 Sic

178 2359 256 2389 ergo
275 2351 376 2389 patet,
397 2357 470 2388 quae
490 2348 530 2379 sit
546 2349 625 2380 ratio
647 2349 854 2380 institutionis
877 2349 946 2381 illo-

178 2412 263 2440 rum,
277 2401 393 2432 scilicet
405 2400 458 2431 Dei
468 2400 696 2438 honorificatio,
712 2401 783 2432 fidei
796 2402 947 2442 Redemp-

178 2456 255 2487 toris
270 2454 438 2495 professio,
456 2454 529 2484 vitae
544 2455 675 2492 agendae
689 2454 865 2485 instructio.
889 2456 947 2485 Se-

178 2509 281 2540 01111110
295 2508 386 2538 debet
400 2506 516 2536 attendi
534 2507 645 2537 modus
660 2507 842 2539 instituendi
856 2518 861 2538 :
884 2517 947 2539 non

212 2586 300 2612 ¹Psal.
320 2593 345 2617 L,
362 2587 398 2611 19.
418 2597 448 2602 —-
465 2585 474 2601 ²
493 2585 571 2615 Rom„
590 2591 635 2615 xii,
659 2588 679 2609 1.
700 2598 729 2603 -
746 2585 753 2599 ³
768 2587 845 2618 Hug.‚
865 2587 908 2611 lib.
929 2589 947 2616 Ι,

181 2632 206 2655 p.
224 2624 289 2654 Vlll,
305 2630 328 2646 e.
342 2628 389 2646 xu.

280 2675 355 2698 rou.
379 2674 414 2697 v.

1701 159 1759 190 2¹13

991 222 1077 252 enim
1089 221 1233 252 instituta
1246 224 1321 253 sunt
1333 232 1389 263 per
1402 224 1533 255 modum
1548 225 1706 266 praecepti,
1724 227 1760 257 ut

991 273 1064 304 dicit
1078 273 1170 313 Hugo
1181 275 1191 291 ³
1207 286 1213 305 :
1228 274 1357 306 «Primo
1372 277 1522 316 parvulos
1537 278 1666 310 consilio
1685 288 1761 310 eru·
1778 295 1883 316 c„„s;d,2

991 327 1088 365 divit,
1108 328 1158 358 vel
1179 329 1331 367 nutrivit;
1347 341 1361 358 »
1382 329 1515 369 loquens
1534 340 1592 370 pro
1610 332 1669 362 illis
1682 356 1689 370 ‚
1705 333 1762 373 qui

991 381 1120 411 fuerunt
1136 383 1277 421 tempore
1292 382 1371 421 legiS
1390 384 1524 414 naturae.
1547 383 1585 414 Et
1599 384 1625 414 si
1639 394 1763 424 quaeras

992 435 1150 474 quomodo
1160 459 1170 473 ,
1187 435 1356 466 dicendum
1370 436 1455 476 quod
1469 437 1546 467 fides
1560 437 1713 477 dictabat,
1728 441 1765 470 ut

993 487 1097 518 visum
1115 490 1172 525 est,
1188 490 1218 518 et
1232 491 1346 519 natura
1361 490 1571 529 consonabat,
1587 493 1618 521 et
1632 490 1766 530 inspira-

994 541 1036 571 tio
1056 541 1273 572 auctoritatem
1289 542 1402 572 dabat:
1423 544 1454 573 et
1473 542 1543 573 ideo
1556 552 1612 583 per
1633 543 1766 575 modum

994 594 1113 624 consilii
1128 594 1200 625 data
1215 597 1323 633 erant,
1340 597 1370 626 et
1383 595 1444 626 hoc
1459 605 1516 635 per
1529 596 1719 636 superiores,
1733 597 1767 628 in

994 646 1110 686 quibus
1121 650 1188 678 erat
1200 648 1277 678 fides
1290 648 1447 688 explicita.
1458 648 1564 680 Tertio
1578 649 1767 681 attendenda

995 700 1042 730 est
1055 700 1192 731 efficacia
1205 700 1237 731 in
1252 701 1320 739 his,
1338 704 1368 732 et
1382 702 1568 740 notandum,
1584 703 1670 742 quod
1684 703 1723 734 de
1734 712 1767 734 se
1783 719 1887 742 Comma

995 752 1117 783 nullam
1140 754 1297 785 habebant
1311 755 1484 786 efficaciam
1497 756 1693 795 mundandi,
1710 765 1768 788 seu

996 807 1146 845 curandi,
1165 807 1215 838 vel
1226 808 1442 847 justificandi,
1458 809 1512 840 sed
1526 809 1630 840 solum
1647 809 1768 841 ratione

996 859 1070 890 fidei
1085 859 1303 900 Redemptoris
1317 872 1324 891 ε
1345 870 1411 892 11011
1424 862 1510 893 enim
1524 864 1614 894 erant
1627 862 1770 895 instituta

997 912 1110 943 adhoc
1122 936 1130 950 ,
1147 913 1200 944 sed
1215 914 1252 944 ad
1269 914 1354 952 haec,
1371 923 1443 954 quae
1458 915 1608 955 praedicta
1621 918 1707 947 sunt.
1723 917 1771 948 Ex

997 965 1046 996 his
1057 967 1165 1005 patent
1177 966 1299 1006 obJecta
1313 977 1320 997 z
1335 967 1423 1003 Quod
1436 967 1523 998 enim
1535 968 1642 1008 objicit
1654 969 1770 1010 primo,

998 1018 1084 1059 quod
1100 1028 1164 1050 non
1179 1022 1253 1050 sunt
1267 1020 1305 1051 de
1317 1021 1500 1052 necessitate
1511 1045 1520 1060 ‚
1536 1021 1772 1055 concedendum

998 1074 1054 1103 est.

1040 1126 1069 1156 1.
1096 1126 1142 1156 Ad
1167 1125 1245 1156 illud
1268 1126 1350 1166 quod
1375 1127 1526 1167 objicitur
1549 1127 1587 1158 de
1610 1127 1749 1168 Hugone
1762 1151 1772 1167 ,

999 1178 1084 1218 quod
1105 1179 1284 1210 remedium
1306 1182 1374 1211 erat
1396 1180 1583 1219 decimatio,
1604 1180 1774 1212 dicendum

999 1231 1083 1271 quod
1098 1241 1155 1262 ncc
1170 1232 1346 1271 decimatio,
1363 1242 1421 1264 nec
1436 1233 1627 1264 sacrificium
1640 1236 1707 1265 erat
1718 1244 1775 1274 per

1000 1293 1032 1314 se
1053 1284 1250 1324 remedium,
1272 1285 1326 1316 sed
1347 1287 1472 1317 tantum
1487 1287 1609 1317 ratione
1627 1287 1723 1318 fidei:
1745 1290 1776 1319 et

1000 1338 1076 1378 quia
1091 1338 1199 1368 omnia
1212 1338 1265 1368 illa
1286 1338 1346 1369 tria
1367 1340 1458 1369 erant
1473 1340 1566 1379 signa
1579 1340 1774 1381 redemptio-

1000 1391 1049 1421 nis
1060 1414 1069 1428 ,
1092 1391 1162 1421 ideo
1182 1391 1428 1423 indeterminate
1450 1392 1527 1423 fides
1543 1402 1618 1424 cum
1633 1394 1775 1434 quolibet

1000 1444 1133 1474 istorum
1149 1445 1305 1475 mundare
1319 1447 1451 1484 poterat.

1040 1500 1068 1528 2.
1087 1496 1135 1527 Ex
1150 1498 1210 1528 hoc
1225 1498 1319 1528 etiam
1334 1500 1420 1538 patet
1434 1499 1520 1530 aliud
1535 1500 1572 1530 de
1588 1500 1754 1533 iteratione
1764 1526 1773 1540 ‚

1000 1551 1153 1589 quoniam
1161 1551 1230 1581 ideo
1239 1553 1384 1590 poterant
1392 1552 1509 1591 iterari,
1523 1554 1599 1593 quia
1608 1563 1675 1586 non
1685 1558 1775 1587 erant

1001 1603 1166 1634 medicinae
1176 1613 1215 1635 ex
1223 1613 1257 1635 se
1266 1604 1422 1645 impositae
1433 1608 1541 1638 contra
1552 1608 1700 1640 morbum
1710 1619 1774 1641 non

999 1657 1186 1688 iteral‘iilem.

1041 1712 1069 1741 3.
1085 1711 1132 1741 Ad
1146 1710 1222 1741 illud
1236 1711 1320 1751 quod
1333 1712 1489 1752 quaeritur
1500 1713 1538 1744 de
1550 1714 1668 1746 virtute
1680 1717 1774 1747 sacri-

1000 1763 1061 1793 ficii
1076 1787 1083 1800 ,
1103 1763 1272 1795 dicendum
1286 1765 1371 1804 quod
1387 1765 1489 1797 virtus
1504 1767 1649 1798 sacrificii
1664 1768 1715 1800 vel
1729 1769 1775 1800 di-

1000 1816 1082 1847 citur
1096 1816 1149 1847 hic
1164 1817 1241 1847 fides
1252 1841 1260 1855 ,
1277 1826 1352 1857 quae
1367 1818 1498 1850 faciebat
1512 1820 1700 1852 sacrificium
1717 1832 1773 1854 va-

1000 1870 1063 1901 lere
1073 1894 1082 1908 ,
1108 1870 1159 1901 vel
1181 1870 1295 1901 dicitur
1318 1871 1442 1902 interna
1465 1873 1580 1904 mentis
1605 1875 1752 1907 contritio
1763 1901 1771 1914 ‚

1000 1932 1073 1962 quae
1084 1923 1216 1953 faciebat
1226 1923 1365 1954 exterius
1375 1925 1564 1957 sacrificium
1574 1926 1753 1960 virtuosum
1764 1940 1771 1960 :

1000 1977 1031 2006 et
1045 1976 1119 2016 quia
1131 1976 1247 2007 adultis
1260 1978 1435 2009 necessaria
1445 1981 1512 2010 erat
1524 1980 1669 2012 contritio
1681 1991 1774 2022 prop-

1000 2030 1048 2059 ter
1061 2029 1181 2060 actuale
1191 2053 1200 2067 ,
1224 2029 1293 2060 ideo
1308 2030 1480 2070 Gregorius
1494 2032 1569 2064 dicit
1582 2024 1773 2066 sacrificium

999 2091 1124 2114 curasse
1139 2084 1285 2122 maiores,

1039 2138 1069 2166 4.
1087 2136 1175 2174 Quod
1188 2136 1335 2176 objicitur
1345 2138 1429 2177 quod
1440 2132 1629 2171 sacrificium
1643 2143 1711 2172 erat
1723 2143 1774 2174 via

1000 2189 1137 2228 erroris,
1159 2190 1329 2221 dicendum
1348 2191 1433 2231 quod
1448 2201 1563 2224 verum
1583 2196 1629 2225 est
1643 2195 1704 2225 illis
1719 2197 1773 2236 qui

1001 2243 1193 2282 accipiebant
1212 2243 1317 2283 ipsum
1332 2246 1367 2275 ut
1380 2254 1449 2275 rem
1462 2269 1469 2282 ‚
1493 2246 1548 2277 sed
1569 2256 1634 2278 non
1648 2247 1699 2279 his
1717 2249 1774 2289 qui

1001 2297 1195 2336 accipiebant
1216 2299 1252 2327 ut
1272 2297 1425 2336 signum:
1451 2300 1482 2330 et
1502 2300 1578 2339 quia
1594 2301 1701 2332 fideles
1720 2312 1772 2333 ac-

1001 2349 1161 2389 cipiebant
1180 2350 1219 2380 ut
1239 2349 1392 2388 signum,
1414 2350 1484 2382 ideo
1502 2352 1547 2383 eis
1562 2362 1627 2384 non
1641 2356 1708 2385 erat
1722 2355 1775 2386 via

1001 2403 1127 2434 erroris.

1042 2458 1070 2486 5.
1093 2456 1141 2486 Ad
1156 2456 1231 2487 illud
1247 2457 1332 2496 quod
1346 2457 1503 2497 objicitur,
1519 2459 1604 2498 quod
1619 2463 1686 2491 erat
1698 2470 1772 2493 con-

1002 2510 1051 2539 tra
1063 2509 1222 2548 pietatem,
1238 2508 1407 2540 dicendum
1422 2511 1506 2549 quod
1516 2520 1582 2542 non
1591 2513 1637 2542 est
1647 2522 1773 2551 verum,

1003 2562 1078 2602 quia
1092 2562 1169 2593 adeo
1181 2562 1387 2593 abundabant
1401 2563 1560 2601 animalia,
1576 2567 1606 2595 et
1620 2575 1775 2606 pauperes

1006 2615 1049 2644 ita
1059 2615 1149 2654 pauci
1162 2618 1262 2651 erant,
1277 2616 1358 2654 quod
1370 2616 1544 2647 sufficiebat
1556 2618 1662 2657 pietati
1672 2629 1772 2660 quan-

1639 2675 1678 2704 ¹8
