2017 2948
239 189 278 217 72
795 182 1104 214 SENTENTIARUM
1126 182 1200 213 LlB.
1226 182 1277 213 ΙΙΙ.

237 255 306 285 tum
321 253 457 284 habeant
471 262 489 283 a
507 252 621 291 gratia,
636 251 679 280 sic
692 259 802 280 omnes
816 250 910 280 sininl
927 251 1003 279 sunt

238 307 372 345 origine,
389 306 464 345 quia
485 314 595 335 omnes
610 304 735 334 habitus
757 303 887 341 gratuiti
909 301 1004 331 simul

237 359 447 389 infunduntur
462 359 564 389 infusa
583 358 697 397 gratia,
714 366 785 396 qnae
801 359 847 386 est
862 357 1003 395 ipsorum

238 412 440 452 principium.
457 411 491 443 Si
506 421 581 442 vero
593 412 762 450 loquamur
775 410 812 440 de
828 409 902 448 ipsis
918 408 1004 438 habi-

237 464 323 495 tibus
337 465 493 496 donorum
509 467 539 495 et
549 465 705 495 virtutum
721 463 752 493 in
769 462 1003 501 comparatione

237 517 276 548 ad
300 521 465 557 sequentes
485 527 581 555 usus,
615 517 657 547 sic
686 516 920 547 concedendum
946 517 1003 552 est,

237 571 321 611 quod
341 571 472 601 virtutes
493 570 675 610 praecedunt
694 570 785 600 dona.
812 569 897 599 Licet
920 568 1005 597 enim

237 626 324 654 aetus
337 623 471 663 alicujus
486 624 561 653 doni
573 622 714 662 specialis
728 621 883 661 praecedat
898 623 1005 651 actum

237 676 372 715 alicujus
387 676 523 712 virtutis,
550 676 629 705 sicut
651 677 738 704 actus
763 674 884 703 timoris
899 676 1005 703 actum

236 730 302 769 spei
320 741 327 760 z
345 730 420 769 quia
443 732 549 759 tamen
564 732 653 759 actus
668 729 779 768 primae
794 728 932 765 virtutis,
957 727 1006 757 vi-

236 783 346 813 delicet
361 783 445 820 fidei,
460 782 608 822 praecedit
618 784 724 812 actum
737 782 831 822 primi
846 782 931 818 doni,
949 781 1007 811 sci-

236 836 307 866 licet
321 835 454 872 timoris,
480 838 509 865 et
524 835 714 874 generaliter
731 837 820 865 actus
837 835 1005 874 cujuslibet

236 888 362 918 virtutis
376 888 525 928 praecedit
539 891 645 919 actum
661 888 734 919 doni
750 888 809 917 sibi
825 897 1006 927 correspon-

237 941 348 979 dentis,
363 942 445 972 sicut
457 944 544 972 actus
557 942 680 982 primus
693 942 840 982 praecedit
851 942 1004 979 medium,

237 994 310 1024 hinc
339 997 386 1025 est
411 995 495 1034 quod
521 995 711 1034 generaliter
741 996 867 1026 concedi
893 997 1004 1035 potest,

237 1047 320 1085 qnod
337 1048 463 1078 habitus
488 1048 655 1085 virtutum,
679 1058 735 1088 per
757 1049 1007 1088 comparationes

237 1101 377 1131 adactus
392 1103 421 1131 et
436 1110 523 1138 usus,
550 1101 671 1140 priores
693 1104 767 1132 sunt
788 1104 931 1141 respectu
951 1103 1006 1132 do-

237 1162 351 1183 norum
366 1165 371 1183 :
387 1156 417 1183 et
432 1154 491 1184 hoc
505 1154 574 1184 dico
587 1157 731 1194 respectu
745 1155 901 1194 eiusdem.
921 1155 1007 1185 Unde

237 1207 442 1237 concedendae
472 1210 546 1237 sunt
570 1209 707 1238 rationes
729 1211 759 1238 et
793 1209 1005 1247 auctoritates,

237 1268 308 1298 quae
324 1260 561 1290 adducebantur
576 1262 613 1291 ad
630 1264 751 1300 partem
768 1262 870 1292 istam.

277 1315 305 1343 1.
323 1313 370 1343 Ad
396 1313 471 1343 illud
494 1324 573 1353 ergo
589 1314 672 1353 qnod
697 1315 799 1354 primo
814 1315 960 1354 objicitur
976 1316 1008 1346 in

237 1366 442 1404 contrarium,
456 1368 539 1406 quod
555 1368 587 1397 in
598 1368 688 1398 donis
703 1371 748 1398 est
760 1369 918 1399 inchoatio
930 1370 1008 1400 bene

237 1419 364 1458 agendi,
381 1420 442 1450 dici
467 1423 568 1460 potest
589 1422 672 1460 qnod
691 1422 773 1452 dona
788 1423 830 1452 ibi
846 1423 1009 1462 accipiun-

238 1474 290 1502 tur
307 1481 363 1512 pro
386 1473 580 1503 virtutibus:
603 1476 658 1504 aut
680 1475 704 1504 si
730 1475 930 1514 accipiuntur
953 1485 1009 1515 pro

238 1525 329 1556 donis
343 1527 468 1566 proprie
478 1527 579 1563 dictis,
595 1529 769 1558 secundum
785 1529 870 1568 quod
884 1530 1010 1560 videtur

239 1579 343 1609 littera
357 1580 538 1618 praecedens
551 1581 666 1619 dicere,
683 1584 760 1612 tunc
770 1583 911 1621 operatio
924 1593 1011 1613 man-

241 1631 387 1662 datorum
403 1632 446 1662 ibi
471 1635 530 1663 stat
553 1643 616 1663 non
632 1643 689 1673 pro
704 1635 852 1674 qualibet,
879 1637 931 1666 sed
954 1646 1011 1676 pro

241 1685 422 1724 operatione
437 1686 593 1726 expedita,
620 1687 651 1717 in
667 1697 730 1727 qua
749 1689 892 1719 consistit
906 1693 1012 1720 noster

242 1738 409 1776 prosectuS,
435 1748 490 1778 per
513 1741 562 1778 cuj
570 1749 606 1770 us
620 1749 827 1780 progressum
842 1742 1012 1773 beatitudi-

242 1790 331 1820 dines
354 1791 604 1831 subsequuntur.
637 1792 723 1823 Unde
746 1804 852 1834 preces
873 1796 935 1826 illae
952 1797 1011 1826 im-

244 1847 402 1884 petrantes
421 1846 453 1875 in
472 1846 643 1876 virtutibus
662 1848 842 1878 radicantur
863 1860 869 1879 :
894 1850 1013 1890 alioqui

244 1906 309 1927 non
332 1897 552 1937 impetrarent,
577 1909 633 1930 nec
659 1901 825 1932 efficaciter
853 1912 1013 1933 mereren-

245 1951 307 1980 tur.

286 2005 315 2033 2.
335 2004 382 2034 Ad
397 2005 472 2035 illud
488 2007 571 2045 quod
587 2008 746 2046 objicitur,
763 2010 848 2049 quod
864 2011 953 2049 prius
969 2014 1015 2041 est

246 2057 361 2094 sanari,
379 2067 475 2096 quani
494 2059 573 2089 bene
588 2062 722 2099 operari,
740 2062 907 2093 dicendum
930 2065 1013 2102 quod

246 2109 325 2139 illud
340 2113 385 2141 est
407 2120 520 2141 verum
546 2113 583 2143 de
599 2114 734 2152 quadam
762 2116 905 2154 sanitate,
932 2117 1015 2147 etde

247 2163 385 2201 quadam
401 2165 530 2195 sanitate
543 2166 656 2196 salsum
670 2170 726 2197 est.
743 2168 797 2199 Est
812 2169 895 2199 enim
910 2170 1014 2200 sanari

247 2225 265 2246 a
280 2216 402 2253 morbo,
418 2220 448 2247 et
462 2220 506 2248 est
521 2220 623 2249 sanari
636 2229 653 2249 a
666 2221 792 2260 sequela
804 2222 918 2253 morbi.
937 2224 1013 2254 Cum

247 2282 326 2311 ergo
351 2273 465 2303 dicitnr
490 2273 573 2312 quod
599 2274 686 2312 prius
708 2277 755 2305 est
777 2276 893 2313 sanari,
917 2286 1014 2316 quani

248 2329 328 2358 hene
351 2328 490 2367 operari,
516 2328 683 2360 dicendum
703 2331 786 2369 quod
808 2331 865 2361 hoc
889 2335 935 2362 nst
957 2342 1015 2363 ve·-

236 2384 321 2412 'rum
345 2381 382 2412 de
415 2381 576 2412 sanatione
606 2391 677 2421 quae
690 2384 843 2414 ·c0nsistit
872 2385 904 2415 in
924 2395 1015 2417 amo-

250 2435 332 2465 tione
346 2434 449 2466 morbi
465 2436 495 2465 et
510 2435 622 2475 culpze,
640 2444 702 2465 non
719 2438 824 2467 antem
840 2438 876 2467 dc
889 2447 926 2468 ea
941 2448 1013 2478 quae

1060 249 1201 279 consistit
1217 249 1249 279 in
1263 249 1422 280 amotione
1438 249 1659 290 symptomatis
1674 251 1704 279 et
1719 257 1828 288 seque-

1060 302 1110 332 lae.
1135 302 1212 332 Cum
1236 305 1342 332 autem
1358 303 1472 333 dicitur
1486 302 1570 342 quod
1594 302 1677 333 dona
1699 303 1774 332 sunt
1787 301 1826 332 ad

1060 357 1247 395 sanandum,
1260 358 1319 388 hoc
1330 368 1393 389 non
1407 358 1598 397 intelligitur
1613 358 1651 388 de
1666 357 1828 388 sanatione

1061 410 1163 449 primo
1175 410 1279 448 modo,
1298 411 1350 441 sed
1365 411 1502 441 secundo
1516 410 1619 441 modo.
1638 409 1676 440 Et
1687 410 1732 440 sic
1744 411 1828 449 patet

1061 463 1145 502 quod
1160 463 1212 493 illa
1228 464 1308 494 ratio
1323 473 1387 494 non
1404 463 1574 494 concludit.

1102 519 1130 547 3.
1146 517 1193 547 Ad
1209 517 1285 547 illud
1301 517 1384 557 quod
1404 517 1563 557 ohJicitnr,
1581 516 1664 556 quod
1679 515 1768 556 prius
1781 517 1829 546 est

1061 570 1217 600 declinare
1231 580 1248 600 a
1264 571 1358 607 malo,
1382 580 1479 610 quam
1501 571 1601 600 facere
1621 570 1754 606 bonum,
1779 568 1828 598 di-

1061 623 1196 654 cendum
1212 624 1295 663 quod
1311 624 1369 654 hoc
1386 626 1431 654 est
1448 632 1577 660 verum;
1604 622 1657 652 sed
1672 621 1829 652 declinare

1061 687 1078 707 a
1098 677 1182 707 malo
1203 686 1267 707 non
1291 677 1491 707 solummodo
1513 680 1559 706 est
1582 676 1751 713 donorum,
1775 675 1830 706 sed

1061 731 1155 761 etiam
1171 731 1340 768 virtutum,
1357 730 1437 760 sicut
1452 731 1535 769 patet
1549 729 1586 759 de
1603 728 1786 768 poenitentia
1799 730 1831 758 et

1057 784 1192 823 Justitia.
1209 783 1298 820 Quod
1314 785 1421 813 autem
1438 782 1603 813 declinatio
1617 791 1636 812 a
1648 781 1732 812 malo
1744 781 1831 812 attri-

1063 837 1179 867 buatur
1201 836 1327 874 timori,
1350 836 1409 867 hoc
1436 837 1481 865 est
1506 837 1633 875 propter
1656 834 1831 874 expeditio-

1062 900 1147 927 nem,
1164 891 1239 930 quia
1252 890 1375 921 donum
1396 889 1519 920 timoris
1533 889 1605 919 facit
1619 897 1638 918 a
1657 888 1740 918 malo
1755 887 1832 918 faci-

1062 944 1134 974 liter
1146 944 1312 974 declinare.

1103 999 1131 1027 4.
1148 997 1195 1027 Ad
1210 997 1286 1026 illud
1301 996 1383 1036 quod
1399 995 1558 1034 objicitur,
1574 994 1658 1034 quod
1674 1003 1833 1034 generans

1063 1052 1109 1080 est
1123 1050 1211 1089 prius
1235 1051 1397 1088 generato,
1423 1048 1591 1078 dicendum
1608 1047 1693 1087 quod
1713 1050 1760 1078 est
1773 1056 1833 1078 ve-

1063 1112 1135 1133 rum
1150 1103 1188 1133 de
1203 1112 1239 1133 eo
1254 1102 1338 1142 quod
1358 1104 1404 1132 est
1428 1101 1617 1140 generaliter
1641 1100 1832 1140 principium

1065 1156 1239 1195 generandi
1253 1156 1412 1196 reliquum
1425 1166 1431 1185 z
1447 1155 1500 1185 sed
1513 1154 1643 1185 scientia
1654 1163 1718 1184 non
1731 1156 1779 1184 est
1788 1153 1832 1184 sic

1063 1209 1253 1249 principium
1275 1209 1357 1238 [idei.
1383 1207 1463 1238 Nam
1483 1208 1516 1237 in
1541 1207 1651 1237 eodem
1676 1206 1764 1246 prius
1787 1207 1834 1236 est

1064 1263 1151 1300 fides,
1167 1271 1263 1301 qnam
1278 1261 1318 1291 sit
1333 1261 1471 1298 scicntia,
1487 1269 1559 1300 quae
1585 1263 1632 1290 est
1646 1260 1719 1290 fidei
1735 1268 1833 1298 gene-

1064 1316 1174 1346 rativa.
1194 1314 1279 1345 Unde
1301 1315 1436 1345 verbum
1450 1314 1623 1353 Augustini
1644 1312 1834 1352 intelligitur

1065 1369 1168 1400 solum
1193 1368 1441 1408 particulariter,
1469 1370 1499 1397 et
1522 1369 1667 1406 respectu
1691 1366 1832 1396 diverso-

1067 1432 1150 1459 rum,
1168 1422 1243 1462 quia
1257 1421 1386 1451 scientia
1401 1421 1433 1450 in
1448 1420 1649 1460 praedicante,
1668 1419 1720 1449 via
1733 1421 1781 1450 est
1793 1419 1833 1450 ad

1066 1476 1285 1514 generandum
1300 1475 1395 1505 fidem
1408 1474 1441 1504 in
1456 1473 1612 1504 audiente.

1106 1531 1131 1559 5.
1158 1529 1204 1559 Ad
1228 1528 1304 1559 illud
1321 1528 1407 1567 quod
1431 1528 1543 1558 ultimo
1566 1526 1725 1565 objicitur,
1750 1525 1835 1565 quod

1068 1582 1243 1612 intellectus
1281 1581 1429 1621 praecedit
1462 1581 1628 1617 affectum,
1665 1579 1835 1609 dicendum

1067 1636 1150 1675 quod
1170 1644 1283 1666 verum
1308 1637 1354 1665 est
1369 1636 1524 1674 quantum
1539 1633 1577 1663 ad
1592 1635 1680 1663 actus
1692 1634 1724 1663 et
1744 1632 1835 1662 habi-

1067 1692 1128 1727 tus,
1148 1690 1203 1729 qui
1222 1691 1296 1719 sunt
1311 1689 1454 1728 ejtisdem
1469 1686 1724 1718 coordinationis.
1747 1685 1836 1716 Unde

1068 1743 1209 1782 cognitio
1222 1743 1364 1781 dirigens
1379 1742 1415 1771 ad
1429 1741 1626 1771 affectionem
1639 1741 1686 1770 est
1700 1739 1744 1769 illi
1757 1747 1838 1778 prae-

1069 1796 1214 1834 ambula,
1246 1798 1373 1836 propter
1401 1794 1484 1834 quod
1510 1794 1598 1834 prius
1627 1794 1673 1823 est
1700 1792 1838 1830 credere,

1069 1858 1288 1891 quamamare
1306 1861 1312 1880 ;
1339 1850 1392 1879 scd
1408 1849 1445 1880 de
1468 1847 1631 1878 habitibus
1655 1849 1686 1877 et
1705 1847 1839 1884 actibus,

1070 1906 1121 1945 qui
1138 1914 1203 1935 non
1218 1905 1291 1935 sunt
1305 1903 1447 1942 ejusdem
1461 1900 1679 1937 ordinationis,
1697 1908 1763 1930 non
1780 1899 1837 1930 ha-

1070 1960 1122 1989 bet
1146 1958 1330 1994 veritatem,
1361 1956 1436 1995 quia
1459 1964 1523 1985 non
1554 1956 1601 1984 est
1621 1953 1710 1993 prius
1734 1953 1841 1984 videre

1072 2012 1181 2048 Deum,
1199 2020 1296 2050 quam
1311 2018 1418 2040 amare
1434 2009 1552 2045 Deum3
1569 2008 1668 2037 immo
1683 2016 1700 2037 e
1715 2008 1840 2037 eontra-

1071 2065 1129 2095 rio.
1148 2064 1185 2095 Et
1206 2064 1357 2104 quoniam
1381 2062 1506 2092 habitus
1530 2061 1687 2091 donorum
1708 2061 1739 2089 et
1753 2061 1842 2089 aetus

1072 2127 1135 2148 non
1150 2120 1223 2147 sunt
1243 2117 1384 2155 ejusdem
1400 2114 1642 2146 coordinationis
1658 2121 1732 2144 cum
1746 2112 1841 2142 habi-

1072 2171 1155 2201 tibus
1171 2172 1201 2200 et
1216 2171 1337 2200 actibus
1351 2170 1520 2205 virtutum,
1544 2167 1619 2207 qnia
1635 2169 1723 2197 actus
1736 2166 1840 2196 virtu-

1072 2225 1110 2254 tis
1126 2225 1242 2254 suntin
1253 2224 1356 2263 primo
1367 2223 1481 2262 gradu,
1496 2224 1585 2252 actus
1595 2229 1670 2251 vero
1683 2220 1840 2251 donorum

1072 2279 1106 2308 in
1131 2277 1248 2315 medio;
1275 2277 1348 2307 hinc
1372 2279 1417 2306 est
1441 2275 1526 2315 quod
1551 2284 1615 2305 non
1642 2276 1688 2304 est
1713 2282 1840 2304 necesse

1072 2333 1152 2363 dona
1168 2340 1233 2362 esse
1249 2331 1353 2370 priora
1373 2329 1555 2365 virtutibus,
1579 2328 1726 2368 quamvis
1747 2327 1839 2358 habi-

1072 2388 1122 2415 tus
1136 2385 1181 2415 illi
1198 2384 1303 2423 magis
1323 2383 1492 2422 respiciant
1513 2381 1718 2418 intellectum,
1734 2382 1765 2411 et
1789 2379 1841 2410 isti

1072 2438 1177 2477 magis
1190 2437 1355 2477 respiciant
1371 2436 1531 2466 aflectum.
