2017 2948
839 170 1028 203 DISTINCT.
1054 171 1091 202 Π.

167 238 318 269 cumcisio
332 239 447 269 dicitur
460 239 599 270 ordinari
614 238 653 269 ad
675 238 823 269 effectum
847 238 936 268 abla-

167 291 262 322 tionis
276 292 388 332 culpae,
404 301 469 322 non
482 292 557 330 quia
571 292 678 331 ipsum
691 291 795 322 solum
808 291 934 329 habeat,

168 344 222 375 sed
241 345 317 385 quia
335 344 437 375 solum
460 345 556 375 habet
580 345 783 383 completum.
802 344 840 375 Et
861 345 937 384 quia

169 399 402 428 sacramentum
415 406 480 428 non
497 406 591 428 omne
608 397 768 436 significat
782 398 868 437 quod
886 398 934 427 fa-

168 450 223 489 cit,
248 450 299 481 scd
324 450 408 490 quod
432 450 574 490 plenius,
599 452 630 480 et
655 450 821 489 perfectius
842 450 932 487 facit;

168 503 237 534 ideo
251 503 284 534 in
299 502 537 533 circumcisione
552 503 655 533 solum
670 504 716 533 est
731 503 863 542 signum
878 502 932 532 ab·

166 556 292 586 lationis
304 555 526 596 principaliter.
542 555 580 586 Et
594 565 650 595 per
662 556 723 586 hoc
737 557 846 595 patent
859 564 936 586 auc-

167 608 306 639 toritates
327 611 358 639 et
380 609 501 648 objecta
517 619 524 639 t
543 609 619 648 quia
637 618 696 640 nec
720 609 828 640 Glossa
840 633 847 647 ,
877 618 935 639 nec

168 660 318 700 Magister
329 661 500 693 voluerunt
511 671 631 701 negare
646 662 731 702 quod
742 661 830 693 nullo
841 662 935 693 modo

167 715 295 746 daretur
327 715 430 754 gratia
462 715 651 753 hahilitans,
685 715 738 745 sed
772 715 857 755 quod
892 715 936 746 ita

166 777 281 808 parum
299 767 482 805 habilitans,
506 770 535 798 et
556 768 599 798 ita
622 777 735 807 parum
757 769 935 808 reprimens

166 820 451 860 concupiscentiam
462 844 470 859 ,
499 821 582 860 quod
615 820 718 851 solum
753 821 934 852 merebatur

165 872 226 904 dici
247 873 382 904 deletiva
398 874 516 912 culpae,
534 883 596 904 non
618 873 814 904 habilitativa
827 875 934 913 poten-

163 926 228 957 tiae.

202 982 231 1010 2.
248 979 296 1011 Ad
312 979 387 1010 illud
403 980 489 1020 quod
505 980 655 1020 objicitur
669 979 707 1010 de
722 979 932 1018 significatio-

163 1043 217 1072 ne,
234 1035 317 1073 patet
331 1033 505 1073 responsio,
521 1034 605 1073 quod
621 1033 706 1064 istud
721 1033 813 1064 debet
827 1042 931 1063 sacra-

1707 173 1761 204 281

993 240 1138 269 mentum
1153 238 1335 277 significare
1347 262 1356 276 ,
1371 240 1456 278 quod
1473 240 1565 279 plene
1586 242 1616 271 et
1630 240 1765 280 persecte

993 292 1079 329 facit,
1100 300 1165 322 non
1188 300 1284 323 omne
1297 292 1382 331 quod
1402 292 1475 323 facit
1498 302 1538 323 ex
1562 294 1766 334 consequenti

993 345 1060 376 sive
1079 345 1270 385 imperfecte.

1034 402 1063 429 3.
1092 398 1139 429 Ad
1168 398 1246 429 illud
1267 398 1352 438 quod
1376 399 1541 437 objicitur,
1572 399 1655 438 quosl
1684 400 1765 430 Deus

993 451 1152 482 subtrahit
1179 452 1335 491 gratiam,
1367 453 1399 482 et
1427 460 1493 481 non
1516 452 1589 482 facit
1614 452 1741 492 culpam
1755 478 1763 491 ,

993 513 1084 543 ergo,
1102 507 1174 543 etc„
1192 504 1361 535 (licendum
1373 504 1458 544 quod
1475 504 1555 535 Deus
1569 505 1682 536 dicitur
1694 506 1766 536 sub-

992 558 1118 588 trahere
1138 557 1293 596 gratiam,
1310 566 1374 588 non
1389 557 1465 597 quia
1482 557 1615 597 perimat
1636 557 1742 588 datam
1755 581 1763 594 ,

993 610 1047 641 sed
1059 610 1135 650 quia
1150 610 1234 641 ultra
1255 619 1320 640 non
1345 610 1497 650 apponit:
1514 610 1568 640 sed
1587 610 1685 640 homo
1708 619 1764 650 per

992 663 1119 703 culpam
1140 663 1268 703 perimit
1288 663 1394 694 datam
1418 674 1425 694 z
1454 663 1543 694 etita
1559 672 1622 694 non
1647 672 1765 694 conve—

992 717 1085 747 niunt
1100 717 1133 747 in
1147 717 1260 747 effectu
1275 716 1358 748 Deus
1373 719 1403 747 et
1419 717 1522 756 culpa.

1031 772 1060 800 4.
1078 770 1126 800 Ad
1141 769 1292 800 ultimum
1311 770 1495 807 dicendum,
1511 769 1595 809 quod
1618 769 1696 799 illud
1713 770 1762 799 ni-

990 823 1035 853 hil
1049 822 1145 860 valet,
1162 822 1237 862 quia
1252 823 1332 853 sicut
1347 822 1432 853 solus
1447 823 1529 853 Deus
1544 823 1596 852 dat
1611 822 1761 861 gratiam,

990 875 1033 905 ita
1048 875 1134 906 solus
1149 875 1229 906 delet
1244 875 1436 915 oppositum.
1461 875 1568 906 Unde¹
1586 886 1593 905 ι
1611 875 1676 915 Εῃο
1692 884 1761 907 sum

989 928 1047 967 qui
1060 927 1144 959 deleo
1159 928 1370 967 iniquitates,
1389 930 1447 958 etc.
1466 927 1622 959 Praeterea
1636 951 1643 963 ,
1661 928 1687 958 si
1709 928 1761 958 illa

988 980 1101 1020 positio
1116 982 1196 1011 esset
1210 989 1286 1011 vera
1300 1004 1309 1018 ,
1329 989 1497 1020 nunquam
1519 990 1620 1020 agens
1641 981 1759 1020 princi-

987 1033 1056 1072 pale
1072 1033 1194 1073 aliquid
1208 1033 1367 1073 abjiceret.

697 1197 1120 1244 DISTINCTIO
1166 1198 1213 1242 II

232 1323 269 1344 DE
293 1322 497 1345 SACRAMENTIS
521 1322 610 1345 NovAE
633 1321 736 1352 LEGls;
763 1322 859 1351 QUOT,
884 1322 922 1343 ET
946 1321 1012 1348 QUAE
1035 1321 1121 1351 SINT3
1148 1321 1328 1344 POTISSIMUM
1352 1322 1432 1344 VERO
1458 1323 1494 1344 ΒΕ
1523 1323 1668 1346 BAPTISMO
1682 1339 1689 1353 ,

613 1376 661 1397 [131
685 1375 796 1397 AGITUR
821 1375 913 1398 ETIAM
936 1376 974 1397 DE
998 1375 1144 1397 BAPTISMO
1167 1376 1302 1397 JOANNIS.

210 1480 283 1513 Jam
298 1480 337 1512 ad
353 1479 562 1512 Sacramenta
576 1490 670 1512 novae
689 1479 783 1522 Legis
799 1479 1000 1520 accedamus,
1013 1489 1085 1523 quae
1097 1482 1174 1511 sunt
1188 1479 1402 1522 Baptisimus,
1416 1480 1641 1521 Confirmatio,
1660 1480 1758 1513 Panis

167 1537 358 1579 benedictio,
378 1537 409 1569 id
426 1540 485 1577 est,
500 1536 715 1578 Eucharistia,
731 1536 941 1577 Paenitentia,
958 1535 1076 1568 Unctio
1091 1540 1247 1584 extrema,
1265 1537 1365 1579 Ordo,
1380 1537 1593 1582 Conjugium.
1609 1537 1756 1577 Quorum

167 1595 231 1628 alia
245 1595 426 1628 remedium
441 1598 553 1626 contra
576 1598 741 1638 peccatum
766 1594 923 1638 praebent,
939 1598 970 1627 et
993 1595 1131 1637 gratiam
1154 1594 1347 1638 adjutricem
1372 1596 1558 1637 conferunt,
1583 1600 1619 1628 ut
1638 1596 1759 1640 baptis-

168 1665 261 1694 mus3
278 1653 341 1686 alia
355 1653 389 1685 in
404 1652 586 1685 remedium
617 1656 742 1684 tantum
757 1654 767 1669 ‘³
780 1656 869 1693 sunt,
889 1656 925 1685 ut
939 1652 1131 1696 conjugium

166 1711 268 1751 ciunt,
282 1714 319 1743 ut
333 1709 537 1742 Eucharistia
551 1713 582 1743 et
592 1709 691 1743 Ordo.

1162 1664 1168 1684 :
1199 1652 1263 1685 alia
1290 1653 1396 1695 gratia
1413 1657 1444 1686 et
1471 1653 1593 1687 virtute
1616 1665 1675 1687 nos
1695 1654 1760 1687 ful-

1778 1493 1808 1514 De
1814 1500 1882 1514 sacra·

1777 1526 1854 1545 mentis

1778 1556 1798 1576 in
1813 1562 1860 1582 spc-

1777 1587 1836 1608 ciali.

211 1768 247 1801 Si
260 1779 338 1800 vero
352 1768 525 1812 quaeritur,
542 1778 643 1811 quare
658 1779 724 1800 non
750 1768 872 1800 fuerint
887 1767 956 1800 haec
970 1771 1170 1800 sacramenta
1194 1768 1343 1800 instituta
1357 1779 1433 1801 mox
1449 1772 1519 1812 post
1534 1769 1677 1802 hominis
1690 1770 1759 1814 lap-
1801 1784 1870 1808 Quare

167 1837 253 1866 sum,
265 1837 340 1858 cum
357 1826 391 1858 in
405 1825 456 1857 his
469 1825 509 1857 sit
520 1825 647 1868 justitia
662 1829 693 1857 et
704 1825 792 1858 salus
803 1837 811 1866 3
823 1825 962 1858 dicimus
977 1827 987 1843 ³
1005 1838 1021 1856 «
1034 1835 1100 1857 non
1115 1827 1189 1857 ante
1204 1824 1382 1858 adventum
1397 1826 1529 1867 Christi,
1542 1827 1599 1870 qui
1616 1828 1756 1870 gratiam

167 1883 289 1925 attulit,
305 1883 417 1926 gratiae
432 1882 640 1915 Sacramenta
653 1882 751 1914 fuisse
765 1882 885 1924 danda,
897 1892 970 1926 quae
984 1893 1023 1914 ex
1038 1882 1141 1926 ipsius
1158 1886 1258 1915 morte
1274 1886 1304 1915 et
1319 1883 1465 1926 passione
1475 1884 1631 1917 virtutem
1646 1885 1760 1918 sortita

167 1945 255 1974 sunt.
273 1953 289 1970 >³
308 1940 456 1973 Christus
479 1943 587 1972 autem
603 1939 715 1972 venire
732 1940 851 1981 noluit,
868 1943 1043 1984 antequam
1060 1939 1158 1972 homo
1181 1939 1220 1972 de
1239 1940 1310 1983 lege
1331 1941 1474 1973 naturali
1499 1946 1530 1974 et
1551 1943 1669 1987 scripta
1683 1954 1760 1976 con·
1778 1942 1884 1962 ‘infimi‘

167 1999 364 2039 vinceretur,
381 1997 470 2042 quod
484 2001 600 2031 neutra
613 1998 724 2042 juvari
738 2002 855 2042 posset.

1779 1821 1826 1835 mox
1837 1816 1884 1841 post

1788 1846 1879 1866 hominis

1794 1883 1866 1897 casum

1778 1915 1820 1928 nou
1840 1908 1884 1929 sue-

1778 1976 1830 1994 tuta.

1778 2040 1837 2065 Quod
1852 2047 1883 2061 sa-

211 2056 288 2088 Fuit
308 2059 417 2088 tamen
440 2055 632 2099 conjugium
653 2060 728 2088 ante
752 2058 919 2099 peccatum
943 2055 1129 2087 institutum
1145 2059 1167 2096 ⁶,
1184 2066 1250 2088 non
1279 2055 1394 2100 utique
1409 2061 1541 2101 propter
1561 2058 1755 2101 remedium,
1777 2078 1872 2092 eramen-

1776 2105 1820 2123 tuin
1834 2109 1882 2123 con-

166 2113 220 2146 sed
236 2113 276 2145 ad
290 2112 453 2154 officium3
473 2117 543 2157 post
556 2118 721 2158 peccatum
739 2124 813 2146 vero
837 2113 901 2145 fuit
924 2112 965 2145 ad
986 2112 1167 2145 remedium
1190 2117 1302 2146 contra
1328 2114 1466 2147 carnalis
1489 2116 1757 2159 concupiscentia}
1773 2135 1828 2161 Νη
1844 2135 1882 2155 sust

166 2170 403 2214 corruptelam;
419 2171 458 2203 dc
473 2183 538 2215 quo
550 2182 609 2205 suo
625 2172 694 2204 loco
711 2170 721 2187 ⁵
735 2171 956 2204 tractabimus.

1776 2168 1824 2186 ante
1835 2172 1882 2192 pec-

1776 2200 1853 2217 catum.

211 2228 304 2261 Nunc
318 2240 394 2261 vero
408 2229 447 2262 de
462 2230 612 2274 baptismi
628 2234 828 2263 sacramento
844 2230 1024 2269 videamus,
1038 2229 1126 2273 quod
1142 2229 1226 2262 inter
1240 2240 1334 2262 novae
1349 2230 1461 2272 gratia}
1478 2236 1678 2264 sacramenta
1691 2232 1757 2276 pri-
1778 2247 1806 2267 ηρ,
1831 2247 1881 2274 bap.

168 2297 260 2319 mum
279 2289 336 2317 est.
358 2285 562 2330 Baptismum
580 2287 680 2330 igitur
701 2287 821 2321 Christi
845 2287 986 2320 Joannes
1014 2298 1072 2319 suo
1095 2286 1256 2331 baptismo
1280 2288 1525 2331 praenuntiavit,
1546 2289 1603 2332 qui
1630 2289 1756 2333 primus
1775 2281 1789 2298 ‘¹

168 2343 345 2387 baptizasse
359 2342 492 2385 legitur,
509 2344 563 2377 sed
579 2345 612 2377 in
626 2357 724 2389 aqua,
741 2345 854 2378 nonin
869 2346 998 2389 spiritu,
1015 2345 1099 2377 sicut
1114 2344 1181 2388 ipsc
1196 2344 1241 2377 ait
1255 2348 1265 2364 ⁶
1283 2356 1289 2377 :
1307 2346 1379 2389 qu
1397 2346 1527 2390 baptizo
1542 2358 1596 2379 vos
1611 2347 1646 2379 in
1668 2358 1755 2391 aqua

167 2402 202 2434 in
214 2400 460 2445 paenitentiam.
478 2400 555 2434 Sola
568 2402 655 2435 enim
670 2413 805 2446 corpora
819 2403 983 2443 abluebat,
1002 2415 1020 2436 a
1034 2403 1171 2447 peccatis
1186 2414 1263 2436 vcro
1278 2415 1344 2436 non
1360 2404 1550 2437 mundabat.
1572 2405 1756 2449 Baptismus

166 2458 301 2491 ,loannis
315 2462 382 2490 erat
397 2458 431 2490 in
448 2458 684 2501 poenitentiam,
700 2471 767 2493 non
782 2460 817 2493 in
835 2460 1076 2501 remissionem;
1100 2459 1282 2504 baptismus
1301 2472 1377 2494 vero
1401 2461 1521 2494 Christi
1540 2462 1574 2494 in
1595 2462 1757 2496 remissio—

169 2527 242 2549 nem
260 2527 267 2548 :
289 2515 368 2560 quia
389 2514 530 2548 Joannes
544 2515 712 2560 baptizans
725 2517 887 2560 homines,
903 2519 943 2551 ad
967 2518 1194 2563 poenitentiam
1219 2518 1374 2560 vocabat;
1399 2523 1431 2551 et
1454 2530 1536 2563 quos
1556 2519 1753 2564 baptizabat,

196 2611 202 2625 ¹
217 2609 256 2633 Isa
269 2627 277 2637 ,
292 2615 364 2639 ιιιιιι,
380 2611 418 2633 25.
428 2622 457 2627 -
470 2609 477 2623 ²
487 2610 542 2633 Non
557 2612 655 2634 tenetur
669 2611 709 2635 hie
722 2611 818 2642 magist.
830 2626 854 2629 —
872 2613 879 2625 ³
893 2613 969 2642 ling„
983 2612 1025 2635 lib.
1043 2613 1069 2643 l,
1084 2613 1146 2642 part.
1163 2617 1192 2641 11,
1209 2618 1230 2636 c.
1245 2617 1334 2636 v111.-
1353 2613 1362 2628 ⁸
1373 2612 1423 2636 Gon
1436 2631 1442 2643 ‚
1460 2618 1488 2642 11,
1503 2614 1576 2636 ἐμ-
1589 2613 1599 2630 ⁸
1612 2613 1673 2637 nist.
1688 2619 1757 2640 xxvi,

165 2655 191 2663 -
210 2646 219 2659 ⁶
234 2644 389 2675 Matth.‚111,
408 2646 447 2673 11;
461 2644 525 2673 Act..
543 2651 598 2675 x1x,
615 2647 640 2674 4;
656 2646 740 2677 donn„
755 2652 770 2674 ι,
787 2648 825 2676 26,
845 2649 883 2671 33.

1793 2284 1845 2298 smo-
