2017 2948
517 168 611 199 DlST.
635 168 726 200 XVII.
751 168 866 200 PART.
890 167 942 198 111.
966 167 1055 198 ART.
1081 167 1102 197 l.
1127 166 1277 203 oUAEsT.
1304 166 1338 196 ll.

133 235 171 266 ad
187 236 306 266 bonum
318 235 460 266 trahunt.
480 234 566 266 Unde
583 235 651 265 dico
667 235 764 275 quod,
785 245 900 266 secun-

133 288 209 318 dum
228 288 435 318 intentionem
453 287 631 327 privilegii,
648 288 823 318 sacerdotes
842 297 899 326 pa-

134 340 287 371 rochiales
301 341 375 379 jure
398 349 456 370 suo
477 349 540 370 non
564 341 744 380 privantur,
766 341 830 370 imo
855 341 900 371 sa-

134 393 281 423 ciendum
295 394 341 423 est
355 401 478 431 semper
490 393 574 431 quod
587 402 605 422 a
619 393 683 422 suis
699 393 901 432 parochianis

133 445 237 476 debita
251 446 296 475 eis
311 446 486 475 reverentia
500 445 687 475 exhiheatur
698 469 707 483 ,
725 455 782 476 nec
792 448 901 476 contra

134 498 193 529 hoc
207 498 412 538 privilegium
427 498 505 528 illud
521 498 603 528 facit.
625 498 695 528 Ideo
708 498 900 529 credendum

134 553 190 589 est,
201 551 285 591 quod
299 560 409 581 omnes
425 551 607 590 parochiani
621 551 898 591 quandocumque,

134 606 164 634 et
186 604 447 644 quotiescumque
468 604 583 635 talibus
607 606 833 641 confiteantur,
855 607 899 635 te-

134 659 249 687 nentur
259 657 472 688 sacerdotibns
488 658 623 697 propriis
634 658 788 694 confiteri,
801 658 825 688 si
841 658 903 687 sint

135 711 226 746 boni,
249 713 279 741 et
296 711 416 747 idonei,
439 712 470 741 et
492 711 552 750 ipsi
576 711 723 749 exigunt,
750 720 806 741 nec
826 711 903 741 alias

134 764 273 794 contenti
293 766 365 794 sunt
383 774 390 794 z
406 766 436 794 et
456 764 516 794 hoc
531 764 599 794 dico
619 764 727 794 saltem
751 763 847 794 semel
870 763 903 793 in

134 826 218 847 anno
227 817 266 847 de
280 817 341 846 illis
355 817 498 856 peccatis,
517 825 589 856 quae
604 816 721 846 habent
741 818 817 846 tunc
832 817 853 846 ¹,
871 816 903 846 Si

135 872 242 900 autem
252 869 462 909 parochianus
469 869 565 899 habet
573 878 701 899 causam
712 869 901 907 legitimam,

135 924 262 962 propter
278 932 375 962 quam
397 922 625 953 rationabiliter
649 922 768 961 refugit
785 922 902 961 ipsum,

135 975 186 1005 vel
200 975 275 1014 quia
303 975 446 1005 sollicitat
469 975 508 1005 ad
524 975 664 1012 malum,
683 975 731 1005 vel
761 975 835 1014 quia
863 975 901 1005 ti-

136 1030 200 1057 met
233 1028 458 1058 revelationem
487 1027 690 1058 confessionis
702 1051 710 1064 ,
741 1027 791 1058 vel
827 1027 903 1066 quia

135 1080 271 1120 simplex
299 1083 344 1110 est
373 1083 402 1110 et
432 1080 544 1117 idiota;
571 1080 639 1110 dico
674 1080 758 1119 quod
789 1080 905 1110 conses-

135 1143 200 1171 sus,
216 1134 331 1164 iterum
348 1142 411 1163 non
426 1135 566 1168 tenetur,
584 1133 707 1163 etiamsi
722 1132 832 1171 exigat
854 1142 903 1162 sa-

135 1186 254 1224 cerdos,
263 1186 338 1225 quia
347 1186 380 1215 in
390 1185 529 1216 favorem
540 1185 677 1216 clavium
686 1195 833 1225 expresse
846 1185 905 1215 hoc

135 1238 342 1278 privilegium
370 1239 480 1268 datum
503 1240 559 1269 est.
592 1238 744 1277 Alioquin
757 1262 764 1275 ,
791 1239 816 1268 si
841 1248 904 1269 non

135 1291 231 1321 habet
244 1291 498 1329 excusationem,
517 1294 547 1321 et
561 1291 639 1331 ⁴ipso
654 1292 801 1331 exigente
828 1293 905 1323 nolit

137 1344 290 1381 confiteri,
301 1344 357 1374 vix
371 1344 531 1375 crederem
547 1345 640 1375 talem
656 1354 823 1385 personam
839 1355 905 1375 esse

138 1407 211 1429 vere
225 1397 438 1437 poenitentem.
457 1398 529 1428 Ideo
540 1398 690 1429 omnibus
704 1408 818 1430 sanum
834 1409 906 1430 con-

136 1452 242 1482 silium
258 1453 319 1489 est,
345 1452 430 1492 quod
446 1453 609 1483 remittant
628 1453 665 1483 ad
690 1454 835 1493 proprios
854 1464 903 1484 sa-

136 1505 286 1541 cerdotes,
303 1507 339 1535 ut
355 1505 458 1536 sinon
474 1506 537 1536 sint
555 1507 693 1536 contenti
713 1506 765 1537 illa
786 1509 904 1538 confes-

136 1558 234 1595 sione,
262 1558 377 1589 iterum
398 1559 558 1590 audiatur.
581 1559 711 1596 Quando
727 1569 807 1599 ergo
821 1569 906 1600 quae-

137 1612 218 1642 ritur
238 1614 348 1643 utrum
372 1614 516 1643 teneatur
539 1613 679 1643 confiteri
704 1615 832 1653 proprio
854 1623 903 1644 sa-

137 1664 265 1702 cerdoti,
285 1665 454 1695 dicendum
483 1665 567 1704 quod
594 1665 620 1695 si
644 1665 843 1704 intelligatur
867 1667 905 1697 de

138 1717 332 1748 confessione
347 1718 380 1748 in
394 1727 457 1757 qua
477 1720 523 1748 est
543 1718 715 1756 absolutio,
732 1721 762 1749 et
784 1719 821 1749 de
837 1728 906 1759 pro—

137 1770 205 1810 prio
216 1770 374 1800 sacerdote
392 1770 483 1809 largo
499 1770 592 1800 modo
607 1771 776 1809 sumendo,
791 1771 907 1802 scilicet

136 1823 191 1863 qni
209 1823 303 1853 habet
317 1825 502 1862 potestatem
516 1823 717 1861 absolvendi,
731 1824 800 1855 dico
820 1826 906 1865 quod

137 1877 274 1913 tenetur,
290 1885 346 1906 nec
357 1876 471 1906 sufficit
481 1876 532 1906 alii
548 1876 702 1907 confiteri.
719 1877 752 1907 Si
767 1887 844 1909 vero
860 1879 906 1909 in-

137 1928 299 1967 telligatur
313 1929 350 1959 de
366 1929 551 1968 parochIali,
570 1929 613 1959 sic
627 1939 691 1960 non
707 1934 753 1960 est
768 1940 905 1969 genera-

136 1981 207 2012 liter
222 1990 349 2019 verum,
366 1983 401 2012 ut:
419 1982 525 2012 visum
541 1984 608 2012 est:
627 1985 727 2022 potest
744 1984 828 2014 enim
854 1985 905 2015 alii

138 2034 277 2064 confiteri
281 2057 291 2072 ,
307 2043 372 2064 non
386 2034 489 2065 solum
504 2044 543 2065 ex
556 2035 681 2066 licentia
694 2037 774 2075 ejus,
792 2046 905 2067 verum

138 2088 232 2117 etiam
245 2096 285 2117 ex
299 2087 423 2118 licentia
433 2088 615 2127 superioris.
635 2088 723 2119 Unde
739 2091 905 2121 consilium

138 2140 278 2171 dandum
293 2143 339 2171 est
353 2141 512 2180 omnibus,
527 2142 642 2181 quibus
661 2142 807 2173 imminet
822 2144 908 2182 peri-

138 2195 247 2224 cutum
260 2193 345 2233 quod
368 2197 531 2225 recurrant
549 2195 586 2225 ad
606 2196 794 2235 superiores,
815 2197 841 2226 si
856 2206 905 2227 sa-

139 2246 247 2277 cerdos
266 2255 329 2277 non
349 2247 418 2278 vult
436 2248 480 2278 eis
503 2248 662 2279 licentiam
689 2249 762 2279 dare
774 2274 783 2287 ,
803 2250 852 2281 vel
868 2251 906 2281 ad

140 2308 193 2330 eos
207 2300 260 2339 qui
276 2299 394 2330 habent
406 2303 591 2340 potestatem
606 2302 786 2340 dioecesani,
803 2304 854 2333 vel
869 2304 905 2334 ad

141 2353 407 2392 poenitentiarium
423 2353 541 2384 domini
557 2363 647 2394 papae
663 2366 670 2384 :
688 2355 827 2394 alioquin
842 2366 909 2387 non

142 2408 272 2446 possunt
284 2406 404 2436 absolvi
420 2407 460 2436 ab
474 2407 554 2445 aliis,
573 2408 650 2447 quin
664 2410 832 2439 teneantur
847 2410 907 2449 ipsi

141 2458 250 2488 saltem
265 2459 360 2489 semel
382 2460 536 2490 confiteri.
561 2460 701 2491 Concedo
723 2470 810 2500 crgo,
829 2462 910 2493 sicut

141 2511 310 2542 ostendunt
323 2512 471 2550 rationes,
483 2513 566 2552 quod
581 2513 613 2543 in
627 2523 701 2543 casu
718 2514 796 2544 bene
811 2517 911 2554 potest

176 2594 180 2605 ¹
197 2592 256 2616 iiaee
271 2592 340 2622 opin.
357 2599 424 2616 nunc
444 2599 496 2616 uon
510 2594 619 2621 tenetur,
640 2596 662 2615 ct
682 2595 769 2618 contra
789 2594 855 2619 illam
874 2599 912 2618 cst

142 2627 308 2652 consuetudo.

1665 168 1723 197 699

954 235 1096 266 confiteri
1109 234 1172 271 alii,
1187 242 1244 263 nec
1254 234 1379 264 tenetur
1388 234 1529 263 confiteri
1541 233 1668 272 proprio
1678 241 1726 263 sa—

954 289 1089 325 cerdoti·,
1106 288 1140 318 in
1155 295 1229 317 casu
1239 295 1315 316 vero
1330 288 1431 325 potest
1452 286 1592 316 confiteri
1610 286 1675 323 alii,
1693 288 1724 316 et

955 343 1060 371 tamen
1076 341 1180 371 adhue
1194 341 1319 370 tenetur
1335 339 1461 378 proprio
1482 338 1634 368 sacerdoti
1649 347 1723 368 con-

955 394 1048 431 fiteri,
1066 395 1193 433 propter
1207 392 1266 422 hoc
1276 391 1361 430 quod
1377 391 1458 420 alius
1471 400 1534 421 non
1544 391 1640 421 habet
1655 400 1725 421 auc-

955 447 1116 477 toritatem
1133 444 1319 485 plenariam.

998 503 1011 529 1
1029 501 1096 529 eta.
1108 498 1155 528 Ad
1170 497 1246 527 illud
1256 506 1336 535 ergo
1351 496 1434 536 quod
1447 496 1595 534 objicitur
1608 496 1723 534 primo,

955 552 1039 591 quod
1062 552 1152 581 debet
1175 559 1366 589 cognoscere
1383 549 1506 579 vultum
1522 548 1642 587 pecoris
1656 572 1663 585 ‚
1682 548 1726 578 di·

956 604 1090 634 cendum
1116 603 1198 643 quod
1220 603 1287 642 ipse
1306 602 1440 632 absolvit
1469 601 1528 640 (a),
1547 601 1623 630 dum
1645 600 1727 630 alius

956 657 1058 687 vicem
1077 657 1145 695 ejus
1169 656 1293 695 supplet
1311 666 1317 685 z
1341 657 1371 685 et
1393 655 1467 692 hoc,
1484 654 1611 691 quando
1632 662 1725 692 supe-

956 709 1021 739 rior
1035 709 1184 749 prfelatus
1195 732 1205 746 ,
1222 708 1271 738 vel
1286 708 1405 738 habens
1419 707 1577 737 licentiam
1593 706 1632 736 ab
1646 706 1725 745 ipso,

957 762 1008 793 vel
1023 772 1041 792 a
1056 762 1185 801 praelato
1196 785 1204 799 ,
1221 761 1307 792 audit
1322 772 1328 791 :
1345 763 1375 791 et
1390 761 1459 790 ideo
1476 760 1541 799 ipse
1562 769 1624 789 non
1639 762 1727 789 tene-

957 817 1010 845 tur
1024 815 1148 848 audire,
1167 823 1224 844 nec
1236 814 1317 844 alius
1332 813 1486 843 confiteri.

997 869 1026 898 3.
1042 868 1089 898 Ad
1104 867 1182 897 illud
1197 867 1280 906 qnod
1294 866 1455 906 objicitur,
1473 865 1557 904 qnod
1577 874 1640 895 non
1656 874 1728 904 pos-

958 920 998 950 sit
1011 920 1153 950 confiteri
1170 920 1223 949 alii
1236 920 1302 949 sine
1317 919 1440 949 licentia
1454 927 1510 957 per
1527 918 1726 955 decretalem,

958 973 1081 1003 etiamsi
1096 981 1222 1002 causam
1238 972 1352 1002 habeat
1364 995 1372 1008 ,
1388 971 1472 1001 unde
1484 971 1575 1000 dicit:
1599 982 1613 998 «
1628 970 1727 1008 Petat,

958 1028 988 1056 et
1009 1025 1169 1055 obtineat:
1188 1036 1202 1052 »
1224 1024 1391 1054 dicendum
1413 1024 1498 1062 quod
1522 1024 1604 1053 ratio
1624 1023 1729 1053 reddi-

960 1081 1011 1108 tur
1024 1079 1056 1108 in
1070 1078 1179 1108 eadem
1195 1077 1359 1114 decretali,
1382 1088 1396 1104 «
1411 1077 1484 1116 quia
1499 1077 1580 1107 alius
1593 1085 1656 1106 non
1672 1085 1727 1115 po-

959 1133 1018 1161 test
1044 1131 1230 1161 absolvere:
1248 1141 1261 1158 >³
1286 1130 1370 1160 unde
1391 1130 1531 1169 loquitur
1555 1129 1592 1159 de
1616 1138 1653 1159 eo
1675 1128 1729 1168 qui

960 1193 1024 1214 non
1038 1184 1132 1214 habet
1143 1183 1396 1223 ¹iurisdictionem
1407 1182 1548 1221 aliquam
1559 1191 1654 1221 super
1667 1190 1731 1221 poe-

960 1237 1132 1275 nitentem,
1155 1237 1215 1267 nisi
1238 1246 1294 1276 per
1312 1235 1566 1266 commissionem
1586 1234 1730 1265 sacerdo-

960 1290 1010 1320 tis,
1036 1289 1187 1320 Similiter
1213 1289 1251 1319 ad
1273 1297 1408 1328 sequens
1430 1288 1592 1318 decretum
1614 1287 1731 1318 Urbani

961 1346 1044 1385 patet
1067 1343 1253 1383 responsio,
1277 1344 1353 1382 quia
1376 1341 1568 1380 intelligitur
1592 1341 1630 1371 de
1658 1341 1730 1378 illo,

961 1399 1094 1438 quinon
1118 1397 1212 1428 habet
1236 1397 1420 1437 potestatem
1441 1395 1548 1434 aliquo
1564 1394 1656 1424 modo
1672 1393 1732 1423 nisi

961 1461 1017 1491 per
1031 1451 1224 1481 sacerdotem
1247 1450 1429 1481 absolvendi
1448 1461 1454 1480 :
1477 1444 1510 1479 et
1530 1450 1589 1480 hoc
1616 1446 1729 1489 patebit

961 1507 1076 1537 melius
1093 1507 1193 1544 infra,
1209 1515 1281 1536 cum
1305 1507 1421 1544 agetur
1441 1505 1478 1535 de
1503 1507 1654 1544 potestate
1668 1504 1729 1535 cla-

961 1560 1063 1590 vium.

1001 1615 1020 1642 4
1034 1615 1064 1643 et
1078 1615 1107 1642 5.
1124 1612 1172 1642 Ad
1192 1611 1269 1642 illud
1291 1611 1376 1650 quod
1395 1610 1561 1649 objicitur,
1579 1610 1663 1650 quod
1678 1613 1733 1641 aut

961 1668 1107 1702 tenetur,
1128 1666 1183 1694 aut
1206 1673 1271 1693 non
1293 1665 1434 1700 tenetur,
1459 1663 1627 1693 dicendum
1649 1664 1733 1702 quod

961 1718 1131 1758 aliquando
1154 1718 1301 1753 tenetur,
1323 1716 1377 1746 sed
1403 1717 1510 1745 tamen
1533 1724 1595 1745 non
1619 1716 1735 1745 frustra

961 1773 1014 1803 alii
1039 1772 1208 1802 confitetur
1225 1780 1233 1800 τ
1254 1769 1389 1809 perutile
1410 1769 1495 1799 enim
1522 1770 1569 1798 est
1592 1769 1735 1808 pluribus

962 1824 1176 1856 sacerdotibus
1201 1824 1326 1861 integre
1339 1822 1506 1860 {censilem
1525 1823 1593 1852 tum
1610 1824 1735 1861 propter

962 1877 1257 1917 multiplicationem
1274 1876 1533 1912 intercessorum,
1551 1876 1619 1904 tum
1638 1874 1734 1904 etiam

963 1932 1037 1972 quia
1052 1931 1077 1961 si
1093 1930 1294 1961 devotionem
1309 1928 1443 1966 habeat,
1461 1937 1534 1958 cum
1550 1928 1637 1958 audit
1652 1936 1735 1967 pra}—

963 1985 1149 2016 dicationem
1160 2007 1169 2020 ,
1186 1983 1241 2012 vix
1259 1981 1399 2012 fortassis
1420 1983 1540 2011 tantam
1565 1990 1733 2021 recupera-

963 2039 1008 2069 bit
1021 2049 1028 2075 ;
1045 2041 1113 2068 tum
1130 2036 1205 2076 quia
1218 2037 1384 2075 promovet
1402 2034 1442 2064 ad
1456 2034 1713 2065 humiliationem
1725 2059 1732 2072 ,

964 2094 993 2122 et
1021 2090 1131 2129 gratiae
1164 2089 1328 2119 meliorem
1366 2087 1631 2127 impetrationem.
1664 2088 1733 2117 Ali-

964 2144 1090 2184 quando
1114 2152 1178 2173 non
1201 2144 1342 2179 tenetur,
1366 2144 1402 2171 ut
1423 2141 1735 2180 praedeterminatum

965 2199 1029 2234 est,
1043 2206 1107 2226 non
1126 2196 1200 2234 qnia
1223 2195 1262 2225 sit
1281 2196 1465 2234 exemptus,
1482 2194 1535 2224 sed
1560 2195 1635 2233 quia
1654 2194 1735 2224 alius

965 2259 1004 2280 ex
1019 2258 1113 2279 cansa
1127 2248 1250 2288 supplet
1264 2249 1333 2287 ejus
1348 2248 1499 2277 officium.
1519 2247 1615 2278 Credo
1630 2249 1736 2277 tamen

965 2303 1049 2342 quod
1064 2302 1087 2331 si
1097 2301 1240 2332 sacerdos
1247 2300 1434 2340 parochialis
1448 2300 1487 2329 sit
1499 2300 1639 2338 idoneus,
1651 2299 1735 2339 quod

967 2364 1091 2394 semper
1110 2355 1229 2385 bonum
1254 2356 1300 2384 est
1320 2355 1355 2383 ut
1371 2353 1517 2383 subditus
1533 2353 1572 2383 ad
1598 2362 1672 2383 enm
1686 2362 1734 2383 re—

967 2409 1130 2446 mittatur,
1156 2417 1174 2437 a
1199 2415 1401 2447 quocumque
1425 2406 1594 2443 audiatur,
1627 2406 1658 2435 in
1688 2406 1737 2436 his

967 2471 1039 2501 quae
1053 2462 1091 2492 ad
1113 2461 1217 2501 ipsum
1241 2462 1399 2499 spectant3
1416 2468 1479 2489 non
1494 2461 1600 2489 tamen
1614 2468 1738 2499 semper

968 2517 1013 2545 est
1031 2514 1253 2545 necessarium.
1271 2512 1358 2543 Unde
1371 2514 1565 2551 argumenta
1580 2512 1619 2542 ad
1636 2521 1736 2552 oppo-

969 2569 1066 2599 situm
1085 2577 1149 2599 non
1164 2567 1283 2603 valentg
1301 2566 1376 2606 quia
1390 2566 1555 2597 efficaciori
1572 2565 1666 2597 modo
1680 2574 1735 2596 cu-

1002 2632 1034 2660 (a)
1047 2631 1107 2654 δατ.
1122 2629 1180 2654 edit.
1195 2628 1342 2653 absolvitur.

1745 505 1774 524 Λιί
1785 506 1844 523 iano-

1741 541 1777 554 nes
1806 539 1844 560 pro

1741 565 1835 585 fundam.
