<?xml version="1.0" encoding="UTF-8"?>
<!DOCTYPE html PUBLIC "-//W3C//DTD XHTML 1.0 Transitional//EN"
    "http://www.w3.org/TR/xhtml1/DTD/xhtml1-transitional.dtd">
<html xmlns="http://www.w3.org/1999/xhtml" xml:lang="en" lang="en">
 <head>
  <title>
</title>
<meta http-equiv="Content-Type" content="text/html;charset=utf-8" />
  <meta name='ocr-system' content='tesseract 3.04.00' />
  <meta name='ocr-capabilities' content='ocr_page ocr_carea ocr_par ocr_line ocrx_word'/>
</head>
<body>
  <div class='ocr_page' id='page_1' title='image "./operaomniasixtiv05bonauoft/operaomniasixtiv05bonauoft_0259.png"; bbox 0 0 2017 2948; ppageno 0'>
   <div class='ocr_carea' id='block_1_1' title="bbox 91 621 168 678">
    <p class='ocr_par' dir='ltr' id='par_1_1' title="bbox 91 621 168 678">
     <span class='ocr_line' id='line_1_1' title="bbox 91 621 168 641; baseline -0.013 0"><span class='ocrx_word' id='word_1_1' title='bbox 91 621 168 641; x_wconf 75' lang='lat' dir='ltr'>Forma</span> 
     </span>
     <span class='ocr_line' id='line_1_2' title="bbox 100 652 159 678; baseline 0.034 -8"><span class='ocrx_word' id='word_1_2' title='bbox 100 652 159 678; x_wconf 85' lang='lat' dir='ltr'>quid.</span> 
     </span>
    </p>
   </div>
   <div class='ocr_carea' id='block_1_2' title="bbox 780 170 1188 204">
    <p class='ocr_par' dir='ltr' id='par_1_2' title="bbox 780 170 1188 204">
     <span class='ocr_line' id='line_1_3' title="bbox 780 170 1188 204; baseline 0.005 -2"><span class='ocrx_word' id='word_1_3' title='bbox 780 170 967 202; x_wconf 86' lang='lat' dir='ltr'><strong>DISTINCT.</strong></span> <span class='ocrx_word' id='word_1_4' title='bbox 992 171 1015 201; x_wconf 92' lang='lat' dir='ltr'>I.</span> <span class='ocrx_word' id='word_1_5' title='bbox 1041 171 1139 203; x_wconf 75' lang='lat' dir='ltr'><strong>PARS</strong></span> <span class='ocrx_word' id='word_1_6' title='bbox 1164 173 1188 204; x_wconf 91' lang='lat' dir='ltr'>l.</span> 
     </span>
    </p>
   </div>
   <div class='ocr_carea' id='block_1_3' title="bbox 196 238 967 803">
    <p class='ocr_par' dir='ltr' id='par_1_3' title="bbox 196 238 967 803">
     <span class='ocr_line' id='line_1_4' title="bbox 196 238 966 277; baseline -0.001 -9"><span class='ocrx_word' id='word_1_7' title='bbox 196 241 242 269; x_wconf 85' lang='lat' dir='ltr'>est</span> <span class='ocrx_word' id='word_1_8' title='bbox 257 238 457 277; x_wconf 79' lang='lat' dir='ltr'>perceptibile</span> <span class='ocrx_word' id='word_1_9' title='bbox 467 238 541 269; x_wconf 87' lang='lat' dir='ltr'>visu</span> <span class='ocrx_word' id='word_1_10' title='bbox 555 249 561 269; x_wconf 81' lang='lat' dir='ltr'>z</span> <span class='ocrx_word' id='word_1_11' title='bbox 576 241 606 269; x_wconf 80' lang='lat' dir='ltr'>et</span> <span class='ocrx_word' id='word_1_12' title='bbox 619 241 793 277; x_wconf 88' lang='lat' dir='ltr'>utrumque</span> <span class='ocrx_word' id='word_1_13' title='bbox 807 238 966 269; x_wconf 83' lang='lat' dir='ltr'>concurrit</span> 
     </span>
     <span class='ocr_line' id='line_1_5' title="bbox 197 290 963 330; baseline 0 -10"><span class='ocrx_word' id='word_1_14' title='bbox 197 291 235 321; x_wconf 89' lang='lat' dir='ltr'>ad</span> <span class='ocrx_word' id='word_1_15' title='bbox 251 293 494 320; x_wconf 85' lang='lat' dir='ltr'>sacramentum.</span> <span class='ocrx_word' id='word_1_16' title='bbox 514 290 602 327; x_wconf 85' lang='lat' dir='ltr'>Quod</span> <span class='ocrx_word' id='word_1_17' title='bbox 621 290 769 330; x_wconf 86' lang='lat' dir='ltr'>objicitur</span> <span class='ocrx_word' id='word_1_18' title='bbox 783 291 821 321; x_wconf 91' lang='lat' dir='ltr'>de</span> <span class='ocrx_word' id='word_1_19' title='bbox 835 291 963 320; x_wconf 87' lang='lat' dir='ltr'>charac-</span> 
     </span>
     <span class='ocr_line' id='line_1_6' title="bbox 197 343 963 381; baseline -0.001 -8"><span class='ocrx_word' id='word_1_20' title='bbox 197 346 273 380; x_wconf 84' lang='lat' dir='ltr'>tere,</span> <span class='ocrx_word' id='word_1_21' title='bbox 288 343 454 373; x_wconf 90' lang='lat' dir='ltr'>dicendum</span> <span class='ocrx_word' id='word_1_22' title='bbox 467 343 474 359; x_wconf 89' lang='lat'><strong>¹</strong></span> <span class='ocrx_word' id='word_1_23' title='bbox 486 343 567 381; x_wconf 91' lang='lat' dir='ltr'>quod</span> <span class='ocrx_word' id='word_1_24' title='bbox 580 351 645 373; x_wconf 90' lang='lat' dir='ltr'>non</span> <span class='ocrx_word' id='word_1_25' title='bbox 657 345 703 373; x_wconf 89' lang='lat' dir='ltr'>est</span> <span class='ocrx_word' id='word_1_26' title='bbox 715 345 963 380; x_wconf 86' lang='lat' dir='ltr'>sacramentum,</span> 
     </span>
     <span class='ocr_line' id='line_1_7' title="bbox 197 395 965 435; baseline 0 -10"><span class='ocrx_word' id='word_1_27' title='bbox 197 396 258 426; x_wconf 92' lang='lat' dir='ltr'>nisi</span> <span class='ocrx_word' id='word_1_28' title='bbox 271 395 346 435; x_wconf 89' lang='lat' dir='ltr'>quia</span> <span class='ocrx_word' id='word_1_29' title='bbox 360 404 520 425; x_wconf 82' lang='lat' dir='ltr'>annexum</span> <span class='ocrx_word' id='word_1_30' title='bbox 539 397 584 425; x_wconf 89' lang='lat' dir='ltr'>est</span> <span class='ocrx_word' id='word_1_31' title='bbox 598 395 752 432; x_wconf 81' lang='lat' dir='ltr'>sensibili,</span> <span class='ocrx_word' id='word_1_32' title='bbox 769 395 835 425; x_wconf 89' lang='lat' dir='ltr'>sive</span> <span class='ocrx_word' id='word_1_33' title='bbox 850 395 965 425; x_wconf 86' lang='lat' dir='ltr'>visibili</span> 
     </span>
     <span class='ocr_line' id='line_1_8' title="bbox 197 447 965 487; baseline -0.003 -8"><span class='ocrx_word' id='word_1_34' title='bbox 197 447 360 485; x_wconf 81' lang='lat' dir='ltr'>exteriori,</span> <span class='ocrx_word' id='word_1_35' title='bbox 385 449 415 477; x_wconf 85' lang='lat' dir='ltr'>et</span> <span class='ocrx_word' id='word_1_36' title='bbox 438 447 589 486; x_wconf 75' lang='lat' dir='ltr'>Magister</span> <span class='ocrx_word' id='word_1_37' title='bbox 611 448 725 477; x_wconf 82' lang='lat' dir='ltr'>diffinit</span> <span class='ocrx_word' id='word_1_38' title='bbox 750 448 965 487; x_wconf 78' lang='lat' dir='ltr'>principaliter</span> 
     </span>
     <span class='ocr_line' id='line_1_9' title="bbox 197 499 965 538; baseline -0.001 -7"><span class='ocrx_word' id='word_1_39' title='bbox 197 501 345 531; x_wconf 60' lang='lat' dir='ltr'>exterius</span> <span class='ocrx_word' id='word_1_40' title='bbox 358 499 447 537; x_wconf 82' lang='lat' dir='ltr'>Quod</span> <span class='ocrx_word' id='word_1_41' title='bbox 458 500 606 538; x_wconf 86' lang='lat' dir='ltr'>objicitur</span> <span class='ocrx_word' id='word_1_42' title='bbox 616 500 653 530; x_wconf 91' lang='lat' dir='ltr'>de</span> <span class='ocrx_word' id='word_1_43' title='bbox 668 500 780 536; x_wconf 86' lang='lat' dir='ltr'>forma,</span> <span class='ocrx_word' id='word_1_44' title='bbox 795 500 965 531; x_wconf 88' lang='lat' dir='ltr'>dicendum</span> 
     </span>
     <span class='ocr_line' id='line_1_10' title="bbox 197 553 963 593; baseline -0.003 -9"><span class='ocrx_word' id='word_1_45' title='bbox 197 554 279 593; x_wconf 90' lang='lat' dir='ltr'>quod</span> <span class='ocrx_word' id='word_1_46' title='bbox 294 554 396 583; x_wconf 81' lang='lat' dir='ltr'>forma</span> <span class='ocrx_word' id='word_1_47' title='bbox 414 562 479 583; x_wconf 92' lang='lat' dir='ltr'>uno</span> <span class='ocrx_word' id='word_1_48' title='bbox 494 553 587 583; x_wconf 89' lang='lat' dir='ltr'>modo</span> <span class='ocrx_word' id='word_1_49' title='bbox 602 553 716 584; x_wconf 87' lang='lat' dir='ltr'>dicitur</span> <span class='ocrx_word' id='word_1_50' title='bbox 737 553 885 590; x_wconf 78' lang='lat' dir='ltr'>perfectio</span> <span class='ocrx_word' id='word_1_51' title='bbox 899 554 963 590; x_wconf 66' lang='lat' dir='ltr'>rei,</span> 
     </span>
     <span class='ocr_line' id='line_1_11' title="bbox 197 606 966 645; baseline -0.001 -9"><span class='ocrx_word' id='word_1_52' title='bbox 197 606 256 636; x_wconf 89' lang='lat' dir='ltr'>alio</span> <span class='ocrx_word' id='word_1_53' title='bbox 272 606 365 636; x_wconf 92' lang='lat' dir='ltr'>modo</span> <span class='ocrx_word' id='word_1_54' title='bbox 381 606 579 645; x_wconf 76' lang='lat' dir='ltr'>paradigma,</span> <span class='ocrx_word' id='word_1_55' title='bbox 595 606 662 636; x_wconf 89' lang='lat' dir='ltr'>sive</span> <span class='ocrx_word' id='word_1_56' title='bbox 677 606 856 645; x_wconf 57' lang='lat' dir='ltr'>exemplam</span> <span class='ocrx_word' id='word_1_57' title='bbox 874 606 966 636; x_wconf 89' lang='lat' dir='ltr'>tertio</span> 
     </span>
     <span class='ocr_line' id='line_1_12' title="bbox 197 659 967 698; baseline -0.001 -9"><span class='ocrx_word' id='word_1_58' title='bbox 197 659 290 689; x_wconf 85' lang='lat' dir='ltr'>modo</span> <span class='ocrx_word' id='word_1_59' title='bbox 310 659 425 689; x_wconf 87' lang='lat' dir='ltr'>dicitur</span> <span class='ocrx_word' id='word_1_60' title='bbox 446 659 547 689; x_wconf 87' lang='lat' dir='ltr'>forma</span> <span class='ocrx_word' id='word_1_61' title='bbox 562 659 652 698; x_wconf 83' lang='lat' dir='ltr'>quasi</span> <span class='ocrx_word' id='word_1_62' title='bbox 673 660 753 697; x_wconf 73' lang='lat' dir='ltr'>foris</span> <span class='ocrx_word' id='word_1_63' title='bbox 774 667 920 696; x_wconf 62' lang='lat' dir='ltr'>viennens,</span> <span class='ocrx_word' id='word_1_64' title='bbox 936 659 967 689; x_wconf 87' lang='lat' dir='ltr'>id</span> 
     </span>
     <span class='ocr_line' id='line_1_13' title="bbox 197 711 964 752; baseline 0.001 -11"><span class='ocrx_word' id='word_1_65' title='bbox 197 713 243 741; x_wconf 87' lang='lat' dir='ltr'>est.</span> <span class='ocrx_word' id='word_1_66' title='bbox 256 711 362 750; x_wconf 81' lang='lat' dir='ltr'>aliqua</span> <span class='ocrx_word' id='word_1_67' title='bbox 376 711 549 742; x_wconf 86' lang='lat' dir='ltr'>similitudo</span> <span class='ocrx_word' id='word_1_68' title='bbox 563 713 702 742; x_wconf 74' lang='lat' dir='ltr'>exterius</span> <span class='ocrx_word' id='word_1_69' title='bbox 717 714 944 752; x_wconf 61' lang='lat' dir='ltr'>repraesentans</span> <span class='ocrx_word' id='word_1_70' title='bbox 958 723 964 742; x_wconf 82' lang='lat'>2</span> 
     </span>
     <span class='ocr_line' id='line_1_14' title="bbox 196 763 682 803; baseline 0.002 -10"><span class='ocrx_word' id='word_1_71' title='bbox 196 766 227 793; x_wconf 89' lang='lat' dir='ltr'>et</span> <span class='ocrx_word' id='word_1_72' title='bbox 241 763 285 793; x_wconf 91' lang='lat' dir='ltr'>sic</span> <span class='ocrx_word' id='word_1_73' title='bbox 299 763 451 803; x_wconf 82' lang='lat' dir='ltr'>accipitur</span> <span class='ocrx_word' id='word_1_74' title='bbox 466 764 500 793; x_wconf 92' lang='lat' dir='ltr'>in</span> <span class='ocrx_word' id='word_1_75' title='bbox 513 765 682 803; x_wconf 88' lang='lat' dir='ltr'>proposito.</span> 
     </span>
    </p>
   </div>
   <div class='ocr_carea' id='block_1_4' title="bbox 532 855 666 876">
    <p class='ocr_par' dir='ltr' id='par_1_4' title="bbox 532 855 666 876">
     <span class='ocr_line' id='line_1_15' title="bbox 532 855 666 876; baseline 0.007 -1"><span class='ocrx_word' id='word_1_76' title='bbox 532 855 600 876; x_wconf 85' lang='lat' dir='ltr'><strong>DUB.</strong></span> <span class='ocrx_word' id='word_1_77' title='bbox 621 855 666 876; x_wconf 86' lang='lat'>111.</span> 
     </span>
    </p>
   </div>
   <div class='ocr_carea' id='block_1_5' title="bbox 391 911 781 941">
    <p class='ocr_par' dir='ltr' id='par_1_5' title="bbox 391 911 781 941">
     <span class='ocr_line' id='line_1_16' title="bbox 391 911 781 941; baseline 0.005 -7"><span class='ocrx_word' id='word_1_78' title='bbox 391 911 583 934; x_wconf 77' lang='lat' dir='ltr'>Sacramentum</span> <span class='ocrx_word' id='word_1_79' title='bbox 597 911 650 941; x_wconf 84' lang='lat' dir='ltr'>ejus</span> <span class='ocrx_word' id='word_1_80' title='bbox 663 911 698 934; x_wconf 78' lang='lat' dir='ltr'>rei</span> <span class='ocrx_word' id='word_1_81' title='bbox 709 929 715 940; x_wconf 90' lang='lat'>,</span> <span class='ocrx_word' id='word_1_82' title='bbox 733 913 781 936; x_wconf 84' lang='lat' dir='ltr'>etc.</span> 
     </span>
    </p>
   </div>
   <div class='ocr_carea' id='block_1_6' title="bbox 197 973 969 1811">
    <p class='ocr_par' dir='ltr' id='par_1_6' title="bbox 198 973 968 1175">
     <span class='ocr_line' id='line_1_17' title="bbox 236 973 966 1014; baseline 0 -9"><span class='ocrx_word' id='word_1_83' title='bbox 236 973 366 1005; x_wconf 89' lang='lat' dir='ltr'>Videtur</span> <span class='ocrx_word' id='word_1_84' title='bbox 388 975 470 1004; x_wconf 88' lang='lat' dir='ltr'>male</span> <span class='ocrx_word' id='word_1_85' title='bbox 492 975 609 1012; x_wconf 86' lang='lat' dir='ltr'>dicere,</span> <span class='ocrx_word' id='word_1_86' title='bbox 633 975 709 1014; x_wconf 86' lang='lat' dir='ltr'>quia</span> <span class='ocrx_word' id='word_1_87' title='bbox 730 978 966 1006; x_wconf 86' lang='lat' dir='ltr'>sacramentum</span> 
     </span>
     <span class='ocr_line' id='line_1_18' title="bbox 198 1027 964 1067; baseline 0.001 -10"><span class='ocrx_word' id='word_1_88' title='bbox 198 1030 244 1058; x_wconf 87' lang='lat' dir='ltr'>est</span> <span class='ocrx_word' id='word_1_89' title='bbox 258 1036 308 1057; x_wconf 89' lang='lat' dir='ltr'>res</span> <span class='ocrx_word' id='word_1_90' title='bbox 324 1027 508 1066; x_wconf 88' lang='lat' dir='ltr'>corporalis,</span> <span class='ocrx_word' id='word_1_91' title='bbox 531 1030 560 1057; x_wconf 87' lang='lat' dir='ltr'>et</span> <span class='ocrx_word' id='word_1_92' title='bbox 579 1028 681 1066; x_wconf 81' lang='lat' dir='ltr'>gratia</span> <span class='ocrx_word' id='word_1_93' title='bbox 703 1037 752 1057; x_wconf 82' lang='lat' dir='ltr'>res</span> <span class='ocrx_word' id='word_1_94' title='bbox 773 1029 964 1067; x_wconf 86' lang='lat' dir='ltr'>spiritualis:</span> 
     </span>
     <span class='ocr_line' id='line_1_19' title="bbox 198 1081 968 1121; baseline 0.003 -11"><span class='ocrx_word' id='word_1_95' title='bbox 198 1090 276 1120; x_wconf 84' lang='lat' dir='ltr'>ergo</span> <span class='ocrx_word' id='word_1_96' title='bbox 298 1090 371 1111; x_wconf 89' lang='grc'><strong>0331</strong></span> <span class='ocrx_word' id='word_1_97' title='bbox 393 1081 482 1111; x_wconf 88' lang='lat' dir='ltr'>nulla</span> <span class='ocrx_word' id='word_1_98' title='bbox 506 1082 545 1111; x_wconf 88' lang='lat' dir='ltr'>sit</span> <span class='ocrx_word' id='word_1_99' title='bbox 567 1081 788 1111; x_wconf 87' lang='lat' dir='ltr'>convenientia</span> <span class='ocrx_word' id='word_1_100' title='bbox 810 1082 841 1111; x_wconf 93' lang='lat' dir='ltr'>in</span> <span class='ocrx_word' id='word_1_101' title='bbox 862 1082 968 1121; x_wconf 85' lang='lat' dir='ltr'>aliqua</span> 
     </span>
     <span class='ocr_line' id='line_1_20' title="bbox 198 1135 966 1175; baseline 0.004 -10"><span class='ocrx_word' id='word_1_102' title='bbox 198 1136 346 1175; x_wconf 77' lang='lat' dir='ltr'>qualitate</span> <span class='ocrx_word' id='word_1_103' title='bbox 362 1135 443 1165; x_wconf 87' lang='lat' dir='ltr'>inter</span> <span class='ocrx_word' id='word_1_104' title='bbox 459 1135 510 1166; x_wconf 87' lang='grc'><strong>1113</strong></span> <span class='ocrx_word' id='word_1_105' title='bbox 522 1160 529 1173; x_wconf 99' lang='grc'><strong>,</strong></span> <span class='ocrx_word' id='word_1_106' title='bbox 546 1145 625 1174; x_wconf 81' lang='lat' dir='ltr'>ergo</span> <span class='ocrx_word' id='word_1_107' title='bbox 641 1145 698 1166; x_wconf 90' lang='lat' dir='ltr'>nec</span> <span class='ocrx_word' id='word_1_108' title='bbox 717 1138 762 1166; x_wconf 83' lang='lat' dir='ltr'>est</span> <span class='ocrx_word' id='word_1_109' title='bbox 782 1137 966 1168; x_wconf 80' lang='lat' dir='ltr'>similitudo.</span> 
     </span>
    </p>

    <p class='ocr_par' dir='ltr' id='par_1_7' title="bbox 197 1189 969 1811">
     <span class='ocr_line' id='line_1_21' title="bbox 238 1189 968 1228; baseline 0.004 -10"><span class='ocrx_word' id='word_1_110' title='bbox 238 1189 329 1228; x_wconf 86' lang='lat' dir='ltr'>Resp.</span> <span class='ocrx_word' id='word_1_111' title='bbox 346 1189 518 1219; x_wconf 85' lang='lat' dir='ltr'>Dicendum</span> <span class='ocrx_word' id='word_1_112' title='bbox 538 1189 622 1228; x_wconf 89' lang='lat' dir='ltr'>quod</span> <span class='ocrx_word' id='word_1_113' title='bbox 643 1189 817 1220; x_wconf 85' lang='lat' dir='ltr'>similitudo</span> <span class='ocrx_word' id='word_1_114' title='bbox 841 1190 968 1221; x_wconf 88' lang='lat' dir='ltr'>duobus</span> 
     </span>
     <span class='ocr_line' id='line_1_22' title="bbox 198 1243 968 1274; baseline 0.001 -1"><span class='ocrx_word' id='word_1_115' title='bbox 198 1243 300 1273; x_wconf 89' lang='lat' dir='ltr'>modis</span> <span class='ocrx_word' id='word_1_116' title='bbox 333 1243 505 1273; x_wconf 85' lang='lat' dir='ltr'>attenditur</span> <span class='ocrx_word' id='word_1_117' title='bbox 528 1254 534 1272; x_wconf 82' lang='lat' dir='ltr'><strong><em>z</em></strong></span> <span class='ocrx_word' id='word_1_118' title='bbox 571 1252 634 1273; x_wconf 93' lang='lat' dir='ltr'>uno</span> <span class='ocrx_word' id='word_1_119' title='bbox 668 1243 761 1273; x_wconf 88' lang='lat' dir='ltr'>modo</span> <span class='ocrx_word' id='word_1_120' title='bbox 793 1243 968 1274; x_wconf 87' lang='lat' dir='ltr'>secundum</span> 
     </span>
     <span class='ocr_line' id='line_1_23' title="bbox 198 1295 968 1334; baseline 0.001 -8"><span class='ocrx_word' id='word_1_121' title='bbox 198 1296 296 1326; x_wconf 90' lang='lat' dir='ltr'>unius</span> <span class='ocrx_word' id='word_1_122' title='bbox 318 1296 448 1325; x_wconf 86' lang='lat' dir='ltr'>rationis</span> <span class='ocrx_word' id='word_1_123' title='bbox 480 1295 722 1334; x_wconf 77' lang='lat' dir='ltr'>proprietatem,</span> <span class='ocrx_word' id='word_1_124' title='bbox 746 1295 814 1325; x_wconf 80' lang='lat' dir='ltr'>sive</span> <span class='ocrx_word' id='word_1_125' title='bbox 843 1298 968 1327; x_wconf 84' lang='lat' dir='ltr'>naturae</span> 
     </span>
     <span class='ocr_line' id='line_1_24' title="bbox 198 1348 969 1388; baseline 0.001 -10"><span class='ocrx_word' id='word_1_126' title='bbox 198 1349 481 1388; x_wconf 76' lang='lat' dir='ltr'>participationem3</span> <span class='ocrx_word' id='word_1_127' title='bbox 497 1348 557 1378; x_wconf 87' lang='lat' dir='ltr'>alio</span> <span class='ocrx_word' id='word_1_128' title='bbox 574 1349 667 1378; x_wconf 84' lang='lat' dir='ltr'>modo</span> <span class='ocrx_word' id='word_1_129' title='bbox 683 1348 857 1378; x_wconf 80' lang='lat' dir='ltr'>secuudum</span> <span class='ocrx_word' id='word_1_130' title='bbox 872 1350 969 1379; x_wconf 88' lang='lat' dir='ltr'>unius</span> 
     </span>
     <span class='ocr_line' id='line_1_25' title="bbox 199 1400 968 1440; baseline 0 -9"><span class='ocrx_word' id='word_1_131' title='bbox 199 1402 310 1432; x_wconf 83' lang='lat' dir='ltr'>formae</span> <span class='ocrx_word' id='word_1_132' title='bbox 324 1401 604 1440; x_wconf 82' lang='lat' dir='ltr'>comparationem.</span> <span class='ocrx_word' id='word_1_133' title='bbox 619 1400 725 1431; x_wconf 85' lang='lat' dir='ltr'>Prima</span> <span class='ocrx_word' id='word_1_134' title='bbox 748 1401 862 1431; x_wconf 82' lang='lat' dir='ltr'>dieitur</span> <span class='ocrx_word' id='word_1_135' title='bbox 877 1402 968 1432; x_wconf 90' lang='lat' dir='ltr'>simi-</span> 
     </span>
     <span class='ocr_line' id='line_1_26' title="bbox 198 1456 968 1495; baseline -0.001 -9"><span class='ocrx_word' id='word_1_136' title='bbox 198 1456 298 1486; x_wconf 87' lang='lat' dir='ltr'>litudo</span> <span class='ocrx_word' id='word_1_137' title='bbox 314 1456 538 1495; x_wconf 83' lang='lat' dir='ltr'>proportionis3</span> <span class='ocrx_word' id='word_1_138' title='bbox 566 1456 703 1486; x_wconf 89' lang='lat' dir='ltr'>secunda</span> <span class='ocrx_word' id='word_1_139' title='bbox 726 1456 840 1486; x_wconf 88' lang='lat' dir='ltr'>dicitur</span> <span class='ocrx_word' id='word_1_140' title='bbox 855 1456 968 1486; x_wconf 88' lang='lat' dir='ltr'>simili-</span> 
     </span>
     <span class='ocr_line' id='line_1_27' title="bbox 199 1507 969 1548; baseline -0.001 -9"><span class='ocrx_word' id='word_1_141' title='bbox 199 1509 274 1540; x_wconf 85' lang='lat' dir='ltr'>tudo</span> <span class='ocrx_word' id='word_1_142' title='bbox 294 1507 602 1548; x_wconf 81' lang='lat' dir='ltr'>proportionalitatis.</span> <span class='ocrx_word' id='word_1_143' title='bbox 625 1508 867 1538; x_wconf 78' lang='lat' dir='ltr'>Sacramentum</span> <span class='ocrx_word' id='word_1_144' title='bbox 885 1509 969 1547; x_wconf 82' lang='lat' dir='ltr'>gerit</span> 
     </span>
     <span class='ocr_line' id='line_1_28' title="bbox 199 1561 968 1599; baseline 0.001 -9"><span class='ocrx_word' id='word_1_145' title='bbox 199 1561 439 1591; x_wconf 86' lang='lat' dir='ltr'>similitudinem</span> <span class='ocrx_word' id='word_1_146' title='bbox 460 1561 571 1599; x_wconf 61' lang='lat' dir='ltr'>gratiae</span> <span class='ocrx_word' id='word_1_147' title='bbox 599 1561 737 1591; x_wconf 88' lang='lat' dir='ltr'>secundo</span> <span class='ocrx_word' id='word_1_148' title='bbox 761 1561 875 1599; x_wconf 89' lang='lat' dir='ltr'>modo,</span> <span class='ocrx_word' id='word_1_149' title='bbox 902 1570 968 1591; x_wconf 86' lang='lat' dir='ltr'>non</span> 
     </span>
     <span class='ocr_line' id='line_1_29' title="bbox 199 1614 968 1653; baseline 0.001 -10"><span class='ocrx_word' id='word_1_150' title='bbox 199 1614 312 1653; x_wconf 92' lang='lat' dir='ltr'>primo,</span> <span class='ocrx_word' id='word_1_151' title='bbox 328 1623 385 1653; x_wconf 92' lang='lat' dir='ltr'>pro</span> <span class='ocrx_word' id='word_1_152' title='bbox 401 1623 438 1644; x_wconf 93' lang='lat' dir='ltr'>eo</span> <span class='ocrx_word' id='word_1_153' title='bbox 452 1614 548 1653; x_wconf 89' lang='lat' dir='ltr'>quod,</span> <span class='ocrx_word' id='word_1_154' title='bbox 570 1614 650 1644; x_wconf 85' lang='lat' dir='ltr'>sicut</span> <span class='ocrx_word' id='word_1_155' title='bbox 670 1623 755 1653; x_wconf 85' lang='lat' dir='ltr'>aqua</span> <span class='ocrx_word' id='word_1_156' title='bbox 777 1614 876 1644; x_wconf 87' lang='lat' dir='ltr'>abluit</span> <span class='ocrx_word' id='word_1_157' title='bbox 899 1623 968 1644; x_wconf 87' lang='lat' dir='ltr'>car-</span> 
     </span>
     <span class='ocr_line' id='line_1_30' title="bbox 198 1666 967 1705; baseline 0.003 -9"><span class='ocrx_word' id='word_1_158' title='bbox 198 1675 284 1703; x_wconf 86' lang='lat' dir='ltr'>nem,</span> <span class='ocrx_word' id='word_1_159' title='bbox 300 1666 344 1696; x_wconf 86' lang='lat' dir='ltr'>ita</span> <span class='ocrx_word' id='word_1_160' title='bbox 367 1666 471 1705; x_wconf 85' lang='lat' dir='ltr'>gratia</span> <span class='ocrx_word' id='word_1_161' title='bbox 495 1666 627 1696; x_wconf 88' lang='lat' dir='ltr'>mundat</span> <span class='ocrx_word' id='word_1_162' title='bbox 649 1666 807 1704; x_wconf 85' lang='lat' dir='ltr'>animam;</span> <span class='ocrx_word' id='word_1_163' title='bbox 833 1668 864 1697; x_wconf 84' lang='lat' dir='ltr'>et</span> <span class='ocrx_word' id='word_1_164' title='bbox 885 1667 967 1698; x_wconf 84' lang='lat' dir='ltr'>sicut</span> 
     </span>
     <span class='ocr_line' id='line_1_31' title="bbox 199 1718 965 1757; baseline 0.003 -9"><span class='ocrx_word' id='word_1_165' title='bbox 199 1718 305 1749; x_wconf 87' lang='lat' dir='ltr'>oleum</span> <span class='ocrx_word' id='word_1_166' title='bbox 317 1718 393 1748; x_wconf 88' lang='lat' dir='ltr'>lenit</span> <span class='ocrx_word' id='word_1_167' title='bbox 415 1719 566 1755; x_wconf 76' lang='lat' dir='ltr'>exterius,</span> <span class='ocrx_word' id='word_1_168' title='bbox 584 1719 627 1748; x_wconf 83' lang='lat' dir='ltr'>ita</span> <span class='ocrx_word' id='word_1_169' title='bbox 647 1719 750 1757; x_wconf 81' lang='lat' dir='ltr'>gratia</span> <span class='ocrx_word' id='word_1_170' title='bbox 766 1719 908 1750; x_wconf 78' lang='lat' dir='ltr'>interius.</span> <span class='ocrx_word' id='word_1_171' title='bbox 928 1720 965 1750; x_wconf 82' lang='lat' dir='ltr'>Et</span> 
     </span>
     <span class='ocr_line' id='line_1_32' title="bbox 197 1771 882 1811; baseline 0 -9"><span class='ocrx_word' id='word_1_172' title='bbox 197 1771 265 1802; x_wconf 82' lang='lat' dir='ltr'>haec</span> <span class='ocrx_word' id='word_1_173' title='bbox 278 1771 452 1802; x_wconf 87' lang='lat' dir='ltr'>similitudo</span> <span class='ocrx_word' id='word_1_174' title='bbox 466 1774 511 1802; x_wconf 90' lang='lat' dir='ltr'>est</span> <span class='ocrx_word' id='word_1_175' title='bbox 526 1772 559 1801; x_wconf 91' lang='lat' dir='ltr'>in</span> <span class='ocrx_word' id='word_1_176' title='bbox 578 1774 714 1811; x_wconf 81' lang='lat' dir='ltr'>quatuor</span> <span class='ocrx_word' id='word_1_177' title='bbox 728 1773 882 1803; x_wconf 87' lang='lat' dir='ltr'>terminis.</span> 
     </span>
    </p>
   </div>
   <div class='ocr_carea' id='block_1_7' title="bbox 511 1890 648 1912">
    <p class='ocr_par' dir='ltr' id='par_1_8' title="bbox 511 1890 648 1912">
     <span class='ocr_line' id='line_1_33' title="bbox 511 1890 648 1912; baseline 0 -1"><span class='ocrx_word' id='word_1_178' title='bbox 511 1890 580 1911; x_wconf 83' lang='lat' dir='ltr'><strong>DUB.</strong></span> <span class='ocrx_word' id='word_1_179' title='bbox 604 1891 648 1912; x_wconf 85' lang='lat' dir='ltr'>lv.</span> 
     </span>
    </p>
   </div>
   <div class='ocr_carea' id='block_1_8' title="bbox 373 1962 785 1993">
    <p class='ocr_par' dir='ltr' id='par_1_9' title="bbox 373 1962 785 1993">
     <span class='ocr_line' id='line_1_34' title="bbox 373 1962 785 1993; baseline 0.005 -8"><span class='ocrx_word' id='word_1_180' title='bbox 373 1962 401 1985; x_wconf 89' lang='lat' dir='ltr'>Et</span> <span class='ocrx_word' id='word_1_181' title='bbox 416 1962 477 1985; x_wconf 82' lang='lat' dir='ltr'>cinis</span> <span class='ocrx_word' id='word_1_182' title='bbox 492 1962 576 1986; x_wconf 75' lang='lat' dir='ltr'>vitulae</span> <span class='ocrx_word' id='word_1_183' title='bbox 591 1969 720 1993; x_wconf 79' lang='lat' dir='ltr'>aspersus,</span> <span class='ocrx_word' id='word_1_184' title='bbox 737 1965 785 1987; x_wconf 83' lang='lat' dir='ltr'>etc.</span> 
     </span>
    </p>
   </div>
   <div class='ocr_carea' id='block_1_9' title="bbox 197 2036 964 2502">
    <p class='ocr_par' dir='ltr' id='par_1_10' title="bbox 197 2036 964 2173">
     <span class='ocr_line' id='line_1_35' title="bbox 237 2036 963 2077; baseline 0.006 -11"><span class='ocrx_word' id='word_1_185' title='bbox 237 2036 368 2067; x_wconf 86' lang='lat' dir='ltr'>Videtur</span> <span class='ocrx_word' id='word_1_186' title='bbox 386 2036 499 2067; x_wconf 87' lang='lat' dir='ltr'>salsum</span> <span class='ocrx_word' id='word_1_187' title='bbox 519 2037 640 2074; x_wconf 83' lang='lat' dir='ltr'>dicere,</span> <span class='ocrx_word' id='word_1_188' title='bbox 661 2038 737 2077; x_wconf 85' lang='lat' dir='ltr'>quia</span> <span class='ocrx_word' id='word_1_189' title='bbox 761 2039 963 2071; x_wconf 84' lang='lat' dir='ltr'>immunditia</span> 
     </span>
     <span class='ocr_line' id='line_1_36' title="bbox 197 2090 964 2131; baseline 0.005 -12"><span class='ocrx_word' id='word_1_190' title='bbox 197 2090 299 2120; x_wconf 89' lang='lat' dir='ltr'>carnis</span> <span class='ocrx_word' id='word_1_191' title='bbox 316 2098 380 2120; x_wconf 92' lang='lat' dir='ltr'>non</span> <span class='ocrx_word' id='word_1_192' title='bbox 396 2090 614 2127; x_wconf 79' lang='lat' dir='ltr'>amovebatur,</span> <span class='ocrx_word' id='word_1_193' title='bbox 636 2091 700 2121; x_wconf 90' lang='lat' dir='ltr'>imo</span> <span class='ocrx_word' id='word_1_194' title='bbox 715 2092 786 2131; x_wconf 87' lang='lat' dir='ltr'>plus</span> <span class='ocrx_word' id='word_1_195' title='bbox 807 2101 879 2123; x_wconf 85' lang='lat' dir='ltr'>caro</span> <span class='ocrx_word' id='word_1_196' title='bbox 896 2093 964 2123; x_wconf 83' lang='lat' dir='ltr'>infi-</span> 
     </span>
     <span class='ocr_line' id='line_1_37' title="bbox 197 2142 347 2173; baseline 0 -1"><span class='ocrx_word' id='word_1_197' title='bbox 197 2142 347 2173; x_wconf 87' lang='lat' dir='ltr'>ciebatur.</span> 
     </span>
    </p>

    <p class='ocr_par' dir='ltr' id='par_1_11' title="bbox 197 2191 964 2502">
     <span class='ocr_line' id='line_1_38' title="bbox 238 2191 963 2234; baseline 0.008 -13"><span class='ocrx_word' id='word_1_198' title='bbox 238 2192 329 2231; x_wconf 86' lang='lat' dir='ltr'>Resp.</span> <span class='ocrx_word' id='word_1_199' title='bbox 362 2191 567 2223; x_wconf 82' lang='lat' dir='ltr'>Immunditia</span> <span class='ocrx_word' id='word_1_200' title='bbox 595 2193 699 2224; x_wconf 87' lang='lat' dir='ltr'>carnis</span> <span class='ocrx_word' id='word_1_201' title='bbox 730 2194 845 2225; x_wconf 90' lang='lat' dir='ltr'>dicitur</span> <span class='ocrx_word' id='word_1_202' title='bbox 858 2220 866 2234; x_wconf 94' lang='lat'>,</span> <span class='ocrx_word' id='word_1_203' title='bbox 899 2206 963 2227; x_wconf 90' lang='lat' dir='ltr'>non</span> 
     </span>
     <span class='ocr_line' id='line_1_39' title="bbox 198 2245 963 2287; baseline 0.008 -13"><span class='ocrx_word' id='word_1_204' title='bbox 198 2245 274 2283; x_wconf 86' lang='lat' dir='ltr'>quia</span> <span class='ocrx_word' id='word_1_205' title='bbox 288 2254 366 2284; x_wconf 91' lang='lat' dir='ltr'>pure</span> <span class='ocrx_word' id='word_1_206' title='bbox 380 2247 447 2275; x_wconf 85' lang='lat' dir='ltr'>erat</span> <span class='ocrx_word' id='word_1_207' title='bbox 460 2246 604 2284; x_wconf 82' lang='lat' dir='ltr'>carnalis,</span> <span class='ocrx_word' id='word_1_208' title='bbox 625 2247 677 2277; x_wconf 85' lang='lat' dir='ltr'>sed</span> <span class='ocrx_word' id='word_1_209' title='bbox 699 2248 774 2287; x_wconf 84' lang='lat' dir='ltr'>quia</span> <span class='ocrx_word' id='word_1_210' title='bbox 796 2251 863 2279; x_wconf 86' lang='lat' dir='ltr'>erat</span> <span class='ocrx_word' id='word_1_211' title='bbox 884 2249 963 2280; x_wconf 84' lang='lat' dir='ltr'>irre-</span> 
     </span>
     <span class='ocr_line' id='line_1_40' title="bbox 198 2298 961 2340; baseline 0.008 -13"><span class='ocrx_word' id='word_1_212' title='bbox 198 2298 351 2336; x_wconf 86' lang='lat' dir='ltr'>gularitas</span> <span class='ocrx_word' id='word_1_213' title='bbox 365 2300 523 2329; x_wconf 85' lang='lat' dir='ltr'>contracta</span> <span class='ocrx_word' id='word_1_214' title='bbox 536 2309 576 2331; x_wconf 80' lang='lat' dir='ltr'>ex</span> <span class='ocrx_word' id='word_1_215' title='bbox 590 2300 656 2331; x_wconf 91' lang='lat' dir='ltr'>solo</span> <span class='ocrx_word' id='word_1_216' title='bbox 672 2303 744 2331; x_wconf 86' lang='lat' dir='ltr'>actu</span> <span class='ocrx_word' id='word_1_217' title='bbox 764 2303 893 2340; x_wconf 86' lang='lat' dir='ltr'>carnali,</span> <span class='ocrx_word' id='word_1_218' title='bbox 916 2304 961 2333; x_wconf 88' lang='grc'>51-</span> 
     </span>
     <span class='ocr_line' id='line_1_41' title="bbox 198 2354 963 2396; baseline 0.009 -14"><span class='ocrx_word' id='word_1_219' title='bbox 198 2355 250 2383; x_wconf 87' lang='lat' dir='ltr'>cut</span> <span class='ocrx_word' id='word_1_220' title='bbox 266 2354 331 2383; x_wconf 86' lang='lat' dir='ltr'>erat</span> <span class='ocrx_word' id='word_1_221' title='bbox 349 2355 480 2392; x_wconf 82' lang='lat' dir='ltr'>tangere</span> <span class='ocrx_word' id='word_1_222' title='bbox 500 2356 673 2388; x_wconf 88' lang='lat' dir='ltr'>mortuum,</span> <span class='ocrx_word' id='word_1_223' title='bbox 691 2365 731 2386; x_wconf 75' lang='lat' dir='ltr'>ex</span> <span class='ocrx_word' id='word_1_224' title='bbox 753 2366 817 2396; x_wconf 88' lang='lat' dir='ltr'>quo</span> <span class='ocrx_word' id='word_1_225' title='bbox 839 2357 963 2389; x_wconf 77' lang='lat' dir='ltr'>diceba-</span> 
     </span>
     <span class='ocr_line' id='line_1_42' title="bbox 198 2405 964 2446; baseline 0.009 -12"><span class='ocrx_word' id='word_1_226' title='bbox 198 2407 251 2435; x_wconf 86' lang='lat' dir='ltr'>tur</span> <span class='ocrx_word' id='word_1_227' title='bbox 273 2405 491 2443; x_wconf 87' lang='lat' dir='ltr'>immundum,</span> <span class='ocrx_word' id='word_1_228' title='bbox 515 2415 579 2436; x_wconf 90' lang='lat' dir='ltr'>non</span> <span class='ocrx_word' id='word_1_229' title='bbox 598 2407 672 2446; x_wconf 90' lang='lat' dir='ltr'>quia</span> <span class='ocrx_word' id='word_1_230' title='bbox 695 2409 819 2440; x_wconf 84' lang='lat' dir='ltr'>macula</span> <span class='ocrx_word' id='word_1_231' title='bbox 845 2412 912 2440; x_wconf 87' lang='lat' dir='ltr'>erat</span> <span class='ocrx_word' id='word_1_232' title='bbox 931 2411 964 2440; x_wconf 93' lang='lat' dir='ltr'>in</span> 
     </span>
     <span class='ocr_line' id='line_1_43' title="bbox 197 2458 963 2502; baseline 0.008 -14"><span class='ocrx_word' id='word_1_233' title='bbox 197 2458 314 2495; x_wconf 89' lang='lat' dir='ltr'>anima,</span> <span class='ocrx_word' id='word_1_234' title='bbox 327 2458 376 2489; x_wconf 86' lang='lat' dir='ltr'>vel</span> <span class='ocrx_word' id='word_1_235' title='bbox 391 2458 424 2488; x_wconf 91' lang='lat' dir='ltr'>in</span> <span class='ocrx_word' id='word_1_236' title='bbox 432 2467 536 2495; x_wconf 85' lang='lat' dir='ltr'>carne,</span> <span class='ocrx_word' id='word_1_237' title='bbox 547 2458 599 2489; x_wconf 87' lang='lat' dir='ltr'>sed</span> <span class='ocrx_word' id='word_1_238' title='bbox 610 2460 686 2498; x_wconf 88' lang='lat' dir='ltr'>quia</span> <span class='ocrx_word' id='word_1_239' title='bbox 700 2470 739 2491; x_wconf 85' lang='lat' dir='ltr'>ex</span> <span class='ocrx_word' id='word_1_240' title='bbox 750 2461 810 2492; x_wconf 89' lang='lat' dir='ltr'>hoc</span> <span class='ocrx_word' id='word_1_241' title='bbox 824 2463 963 2502; x_wconf 84' lang='lat' dir='ltr'>aliquam</span> 
     </span>
    </p>
   </div>
   <div class='ocr_carea' id='block_1_10' title="bbox 198 2555 963 2644">
    <p class='ocr_par' dir='ltr' id='par_1_12' title="bbox 198 2555 963 2644">
     <span class='ocr_line' id='line_1_44' title="bbox 233 2555 962 2589; baseline 0.011 -12"><span class='ocrx_word' id='word_1_242' title='bbox 233 2555 324 2578; x_wconf 73' lang='grc' dir='ltr'>1Λ101·.</span> <span class='ocrx_word' id='word_1_243' title='bbox 349 2555 453 2583; x_wconf 56' lang='lat' dir='ltr'>Alc-usic,</span> <span class='ocrx_word' id='word_1_244' title='bbox 475 2562 498 2584; x_wconf 75' lang='lat' dir='ltr'>p.</span> <span class='ocrx_word' id='word_1_245' title='bbox 526 2561 561 2580; x_wconf 83' lang='grc'><strong>111.</strong></span> <span class='ocrx_word' id='word_1_246' title='bbox 591 2563 615 2585; x_wconf 76' lang='lat' dir='ltr'>q.</span> <span class='ocrx_word' id='word_1_247' title='bbox 641 2562 695 2586; x_wconf 80' lang='grc' dir='ltr'><strong>ν111,</strong></span> <span class='ocrx_word' id='word_1_248' title='bbox 715 2559 808 2582; x_wconf 82' lang='lat' dir='ltr'>memb.</span> <span class='ocrx_word' id='word_1_249' title='bbox 838 2562 856 2589; x_wconf 81' lang='grc'>1,</span> <span class='ocrx_word' id='word_1_250' title='bbox 872 2562 918 2584; x_wconf 80' lang='lat' dir='ltr'>art.</span> <span class='ocrx_word' id='word_1_251' title='bbox 941 2564 962 2585; x_wconf 75' lang='grc'>1.</span> 
     </span>
     <span class='ocr_line' id='line_1_45' title="bbox 198 2585 963 2644; baseline 0.01 -37"><span class='ocrx_word' id='word_1_252' title='bbox 198 2585 250 2643; x_wconf 46' lang='lat' dir='ltr'>Eu?</span> <span class='ocrx_word' id='word_1_253' title='bbox 258 2586 342 2644; x_wconf 37' lang='grc' dir='ltr'>611ἔὲιὲἼ</span> <span class='ocrx_word' id='word_1_254' title='bbox 358 2592 393 2616; x_wconf 76' lang='grc' dir='ltr'>μ’,</span> <span class='ocrx_word' id='word_1_255' title='bbox 409 2587 446 2609; x_wconf 67' lang='grc' dir='ltr'>ΞΤ.</span> <span class='ocrx_word' id='word_1_256' title='bbox 463 2599 491 2603; x_wconf 88' lang='lat'><em>-</em></span> <span class='ocrx_word' id='word_1_257' title='bbox 506 2586 607 2617; x_wconf 67' lang='lat' dir='ltr'>³(ircg.,</span> <span class='ocrx_word' id='word_1_258' title='bbox 625 2587 692 2619; x_wconf 51' lang='lat' dir='ltr'>lter-11.</span> <span class='ocrx_word' id='word_1_259' title='bbox 706 2594 721 2612; x_wconf 85' lang='lat' dir='ltr'>x</span> <span class='ocrx_word' id='word_1_260' title='bbox 734 2589 767 2612; x_wconf 77' lang='lat' dir='ltr'>acl</span> <span class='ocrx_word' id='word_1_261' title='bbox 779 2590 854 2614; x_wconf 54' lang='lat' dir='ltr'>dulim</span> <span class='ocrx_word' id='word_1_262' title='bbox 868 2592 963 2623; x_wconf 69' lang='lat' dir='ltr'>Auyns-</span> 
     </span>
    </p>
   </div>
   <div class='ocr_carea' id='block_1_11' title="bbox 1730 177 1787 205">
    <p class='ocr_par' dir='ltr' id='par_1_13' title="bbox 1730 177 1787 205">
     <span class='ocr_line' id='line_1_46' title="bbox 1730 177 1787 205; baseline 0 0"><span class='ocrx_word' id='word_1_263' title='bbox 1730 177 1787 205; x_wconf 73' lang='lat'>247</span> 
     </span>
    </p>
   </div>
   <div class='ocr_carea' id='block_1_12' title="bbox 1019 240 1790 330">
    <p class='ocr_par' dir='ltr' id='par_1_14' title="bbox 1019 240 1790 330">
     <span class='ocr_line' id='line_1_47' title="bbox 1020 240 1790 278; baseline 0.004 -10"><span class='ocrx_word' id='word_1_264' title='bbox 1020 241 1219 270; x_wconf 76' lang='lat' dir='ltr'>contraxerat</span> <span class='ocrx_word' id='word_1_265' title='bbox 1228 240 1506 278; x_wconf 81' lang='lat' dir='ltr'>irregularitatem,</span> <span class='ocrx_word' id='word_1_266' title='bbox 1516 243 1553 271; x_wconf 87' lang='lat' dir='ltr'>ut</span> <span class='ocrx_word' id='word_1_267' title='bbox 1563 250 1628 272; x_wconf 93' lang='lat' dir='ltr'>non</span> <span class='ocrx_word' id='word_1_268' title='bbox 1638 242 1718 271; x_wconf 85' lang='lat' dir='ltr'>esset</span> <span class='ocrx_word' id='word_1_269' title='bbox 1726 241 1790 271; x_wconf 90' lang='lat' dir='ltr'>ido-</span> 
     </span>
     <span class='ocr_line' id='line_1_48' title="bbox 1019 290 1414 330; baseline 0.003 -10"><span class='ocrx_word' id='word_1_270' title='bbox 1019 298 1100 320; x_wconf 91' lang='lat' dir='ltr'>neus</span> <span class='ocrx_word' id='word_1_271' title='bbox 1108 290 1233 329; x_wconf 82' lang='lat' dir='ltr'>ingredi</span> <span class='ocrx_word' id='word_1_272' title='bbox 1248 290 1414 330; x_wconf 87' lang='lat' dir='ltr'>templum.</span> 
     </span>
    </p>
   </div>
   <div class='ocr_carea' id='block_1_13' title="bbox 1337 374 1459 395">
    <p class='ocr_par' dir='ltr' id='par_1_15' title="bbox 1337 374 1459 395">
     <span class='ocr_line' id='line_1_49' title="bbox 1337 374 1459 395; baseline 0 0"><span class='ocrx_word' id='word_1_273' title='bbox 1337 374 1405 395; x_wconf 89' lang='lat' dir='ltr'><strong>DUB.</strong></span> <span class='ocrx_word' id='word_1_274' title='bbox 1427 374 1459 395; x_wconf 88' lang='lat' dir='ltr'>V.</span> 
     </span>
    </p>
   </div>
   <div class='ocr_carea' id='block_1_14' title="bbox 1247 436 1565 466">
    <p class='ocr_par' dir='ltr' id='par_1_16' title="bbox 1247 436 1565 466">
     <span class='ocr_line' id='line_1_50' title="bbox 1247 436 1565 466; baseline 0 -6"><span class='ocrx_word' id='word_1_275' title='bbox 1247 436 1296 460; x_wconf 84' lang='lat' dir='ltr'>Sed</span> <span class='ocrx_word' id='word_1_276' title='bbox 1311 436 1499 466; x_wconf 84' lang='lat' dir='ltr'>purificabatur,</span> <span class='ocrx_word' id='word_1_277' title='bbox 1515 438 1565 460; x_wconf 82' lang='lat' dir='ltr'>etc.</span> 
     </span>
    </p>
   </div>
   <div class='ocr_carea' id='block_1_15' title="bbox 1021 499 1795 1646">
    <p class='ocr_par' dir='ltr' id='par_1_17' title="bbox 1021 499 1791 698">
     <span class='ocr_line' id='line_1_51' title="bbox 1061 499 1791 539; baseline 0.001 -9"><span class='ocrx_word' id='word_1_278' title='bbox 1061 500 1240 537; x_wconf 72' lang='lat' dir='ltr'>Quaeritur,</span> <span class='ocrx_word' id='word_1_279' title='bbox 1263 499 1348 530; x_wconf 87' lang='lat' dir='ltr'>unde</span> <span class='ocrx_word' id='word_1_280' title='bbox 1371 500 1431 530; x_wconf 89' lang='lat' dir='ltr'>hoc</span> <span class='ocrx_word' id='word_1_281' title='bbox 1450 501 1517 530; x_wconf 88' lang='lat' dir='ltr'>erat</span> <span class='ocrx_word' id='word_1_282' title='bbox 1540 500 1624 539; x_wconf 88' lang='lat' dir='ltr'>quod</span> <span class='ocrx_word' id='word_1_283' title='bbox 1649 501 1791 532; x_wconf 87' lang='lat' dir='ltr'>sacerdos</span> 
     </span>
     <span class='ocr_line' id='line_1_52' title="bbox 1021 553 1788 592; baseline 0 -8"><span class='ocrx_word' id='word_1_284' title='bbox 1021 556 1087 584; x_wconf 88' lang='lat' dir='ltr'>erat</span> <span class='ocrx_word' id='word_1_285' title='bbox 1102 554 1274 592; x_wconf 81' lang='lat' dir='ltr'>purificans</span> <span class='ocrx_word' id='word_1_286' title='bbox 1288 553 1463 583; x_wconf 83' lang='lat' dir='ltr'>secuudum</span> <span class='ocrx_word' id='word_1_287' title='bbox 1477 553 1593 591; x_wconf 79' lang='lat' dir='ltr'>legem,</span> <span class='ocrx_word' id='word_1_288' title='bbox 1608 562 1682 584; x_wconf 89' lang='lat' dir='ltr'>cum</span> <span class='ocrx_word' id='word_1_289' title='bbox 1705 554 1788 584; x_wconf 87' lang='lat' dir='ltr'>idem</span> 
     </span>
     <span class='ocr_line' id='line_1_53' title="bbox 1022 606 1790 646; baseline 0 -10"><span class='ocrx_word' id='word_1_290' title='bbox 1022 615 1086 636; x_wconf 89' lang='grc'><strong>1103</strong></span> <span class='ocrx_word' id='word_1_291' title='bbox 1101 607 1211 637; x_wconf 83' lang='lat' dir='ltr'>debeat</span> <span class='ocrx_word' id='word_1_292' title='bbox 1227 615 1293 637; x_wconf 89' lang='lat' dir='ltr'>esse</span> <span class='ocrx_word' id='word_1_293' title='bbox 1315 616 1409 636; x_wconf 86' lang='lat' dir='ltr'>causa</span> <span class='ocrx_word' id='word_1_294' title='bbox 1428 606 1667 646; x_wconf 86' lang='lat' dir='ltr'>purificationis,</span> <span class='ocrx_word' id='word_1_295' title='bbox 1692 608 1723 637; x_wconf 88' lang='lat' dir='ltr'>et</span> <span class='ocrx_word' id='word_1_296' title='bbox 1738 606 1790 637; x_wconf 89' lang='lat' dir='ltr'>in-</span> 
     </span>
     <span class='ocr_line' id='line_1_54' title="bbox 1022 660 1224 698; baseline 0 -9"><span class='ocrx_word' id='word_1_297' title='bbox 1022 660 1224 698; x_wconf 86' lang='lat' dir='ltr'>quinatiouis.</span> 
     </span>
    </p>

    <p class='ocr_par' dir='ltr' id='par_1_18' title="bbox 1022 710 1795 1646">
     <span class='ocr_line' id='line_1_55' title="bbox 1063 710 1792 751; baseline 0.001 -9"><span class='ocrx_word' id='word_1_298' title='bbox 1063 713 1152 751; x_wconf 79' lang='lat' dir='ltr'>Resp.</span> <span class='ocrx_word' id='word_1_299' title='bbox 1183 712 1271 742; x_wconf 82' lang='lat' dir='ltr'>Ratio</span> <span class='ocrx_word' id='word_1_300' title='bbox 1305 713 1403 751; x_wconf 80' lang='lat' dir='ltr'>hujus</span> <span class='ocrx_word' id='word_1_301' title='bbox 1430 714 1496 742; x_wconf 87' lang='lat' dir='ltr'>erat</span> <span class='ocrx_word' id='word_1_302' title='bbox 1523 710 1668 742; x_wconf 86' lang='lat' dir='ltr'>litteralis</span> <span class='ocrx_word' id='word_1_303' title='bbox 1680 736 1688 748; x_wconf 96' lang='lat'>,</span> <span class='ocrx_word' id='word_1_304' title='bbox 1717 712 1792 743; x_wconf 85' lang='lat' dir='ltr'>alle-</span> 
     </span>
     <span class='ocr_line' id='line_1_56' title="bbox 1023 765 1792 804; baseline 0.001 -9"><span class='ocrx_word' id='word_1_305' title='bbox 1023 765 1142 804; x_wconf 78' lang='lat' dir='ltr'>gorica,</span> <span class='ocrx_word' id='word_1_306' title='bbox 1158 765 1285 795; x_wconf 87' lang='lat' dir='ltr'>moralis</span> <span class='ocrx_word' id='word_1_307' title='bbox 1303 775 1308 794; x_wconf 89' lang='lat'>:</span> <span class='ocrx_word' id='word_1_308' title='bbox 1325 765 1477 802; x_wconf 87' lang='lat' dir='ltr'>litteralis,</span> <span class='ocrx_word' id='word_1_309' title='bbox 1495 765 1570 804; x_wconf 89' lang='lat' dir='ltr'>quia</span> <span class='ocrx_word' id='word_1_310' title='bbox 1585 765 1738 804; x_wconf 82' lang='lat' dir='ltr'>tangebat</span> <span class='ocrx_word' id='word_1_311' title='bbox 1752 765 1792 796; x_wconf 92' lang='lat' dir='ltr'>ci-</span> 
     </span>
     <span class='ocr_line' id='line_1_57' title="bbox 1023 816 1790 852; baseline 0.003 -6"><span class='ocrx_word' id='word_1_312' title='bbox 1023 826 1130 847; x_wconf 87' lang='lat' dir='ltr'>nerem</span> <span class='ocrx_word' id='word_1_313' title='bbox 1153 817 1299 847; x_wconf 86' lang='lat' dir='ltr'>animalis</span> <span class='ocrx_word' id='word_1_314' title='bbox 1323 816 1451 852; x_wconf 87' lang='lat' dir='ltr'>mortui,</span> <span class='ocrx_word' id='word_1_315' title='bbox 1474 819 1504 846; x_wconf 88' lang='lat' dir='ltr'>et</span> <span class='ocrx_word' id='word_1_316' title='bbox 1526 826 1672 847; x_wconf 90' lang='lat' dir='ltr'>summus</span> <span class='ocrx_word' id='word_1_317' title='bbox 1693 818 1790 848; x_wconf 88' lang='lat' dir='ltr'>etiam</span> 
     </span>
     <span class='ocr_line' id='line_1_58' title="bbox 1023 869 1790 908; baseline 0.001 -8"><span class='ocrx_word' id='word_1_318' title='bbox 1023 870 1164 900; x_wconf 82' lang='lat' dir='ltr'>sacerdos</span> <span class='ocrx_word' id='word_1_319' title='bbox 1185 870 1218 898; x_wconf 88' lang='grc'>111</span> <span class='ocrx_word' id='word_1_320' title='bbox 1243 871 1369 908; x_wconf 85' lang='lat' dir='ltr'>peccato</span> <span class='ocrx_word' id='word_1_321' title='bbox 1391 869 1500 908; x_wconf 90' lang='lat' dir='ltr'>populi</span> <span class='ocrx_word' id='word_1_322' title='bbox 1520 870 1790 901; x_wconf 82' lang='lat' dir='ltr'>communicabat:</span> 
     </span>
     <span class='ocr_line' id='line_1_59' title="bbox 1022 921 1793 961; baseline 0.003 -9"><span class='ocrx_word' id='word_1_323' title='bbox 1022 922 1092 952; x_wconf 86' lang='lat' dir='ltr'>ideo</span> <span class='ocrx_word' id='word_1_324' title='bbox 1113 922 1146 951; x_wconf 91' lang='lat' dir='ltr'>in</span> <span class='ocrx_word' id='word_1_325' title='bbox 1170 931 1297 961; x_wconf 86' lang='lat' dir='ltr'>poenam</span> <span class='ocrx_word' id='word_1_326' title='bbox 1324 921 1529 951; x_wconf 83' lang='lat' dir='ltr'>contrahendi</span> <span class='ocrx_word' id='word_1_327' title='bbox 1556 922 1793 954; x_wconf 85' lang='lat' dir='ltr'>immunditiam</span> 
     </span>
     <span class='ocr_line' id='line_1_60' title="bbox 1023 974 1793 1014; baseline 0 -9"><span class='ocrx_word' id='word_1_328' title='bbox 1023 975 1288 1005; x_wconf 79' lang='lat' dir='ltr'>communicabat.</span> <span class='ocrx_word' id='word_1_329' title='bbox 1305 974 1483 1012; x_wconf 81' lang='lat' dir='ltr'>Allegorica</span> <span class='ocrx_word' id='word_1_330' title='bbox 1499 974 1578 1004; x_wconf 88' lang='lat' dir='ltr'>ratio</span> <span class='ocrx_word' id='word_1_331' title='bbox 1594 976 1651 1013; x_wconf 88' lang='lat' dir='ltr'>est,</span> <span class='ocrx_word' id='word_1_332' title='bbox 1666 975 1742 1014; x_wconf 89' lang='grc'><strong>(1313</strong></span> <span class='ocrx_word' id='word_1_333' title='bbox 1760 975 1793 1005; x_wconf 88' lang='grc'>13</span> 
     </span>
     <span class='ocr_line' id='line_1_61' title="bbox 1023 1026 1793 1065; baseline 0.001 -8"><span class='ocrx_word' id='word_1_334' title='bbox 1023 1027 1082 1057; x_wconf 84' lang='grc'><strong>1100</strong></span> <span class='ocrx_word' id='word_1_335' title='bbox 1093 1027 1342 1065; x_wconf 80' lang='lat' dir='ltr'>significabatur,</span> <span class='ocrx_word' id='word_1_336' title='bbox 1358 1027 1441 1065; x_wconf 85' lang='lat' dir='ltr'>quod</span> <span class='ocrx_word' id='word_1_337' title='bbox 1454 1027 1657 1057; x_wconf 86' lang='lat' dir='ltr'>immunditia</span> <span class='ocrx_word' id='word_1_338' title='bbox 1669 1026 1793 1058; x_wconf 83' lang='lat' dir='ltr'>Judaeo-</span> 
     </span>
     <span class='ocr_line' id='line_1_62' title="bbox 1023 1080 1794 1119; baseline 0.001 -9"><span class='ocrx_word' id='word_1_339' title='bbox 1023 1090 1097 1110; x_wconf 86' lang='lat' dir='ltr'>rum</span> <span class='ocrx_word' id='word_1_340' title='bbox 1112 1089 1176 1110; x_wconf 88' lang='lat' dir='ltr'>non</span> <span class='ocrx_word' id='word_1_341' title='bbox 1199 1082 1265 1110; x_wconf 89' lang='lat' dir='ltr'>erat</span> <span class='ocrx_word' id='word_1_342' title='bbox 1284 1080 1419 1109; x_wconf 81' lang='lat' dir='ltr'>totaliter</span> <span class='ocrx_word' id='word_1_343' title='bbox 1441 1080 1612 1110; x_wconf 83' lang='lat' dir='ltr'>auferenda</span> <span class='ocrx_word' id='word_1_344' title='bbox 1633 1089 1736 1119; x_wconf 87' lang='lat' dir='ltr'>usque</span> <span class='ocrx_word' id='word_1_345' title='bbox 1755 1081 1794 1111; x_wconf 83' lang='lat' dir='ltr'>ad</span> 
     </span>
     <span class='ocr_line' id='line_1_63' title="bbox 1024 1132 1792 1172; baseline 0.001 -10"><span class='ocrx_word' id='word_1_346' title='bbox 1024 1134 1130 1169; x_wconf 83' lang='lat' dir='ltr'>finem,</span> <span class='ocrx_word' id='word_1_347' title='bbox 1146 1132 1272 1171; x_wconf 71' lang='lat' dir='ltr'>quando</span> <span class='ocrx_word' id='word_1_348' title='bbox 1288 1136 1298 1151; x_wconf 78' lang='lat'><strong>2</strong></span> <span class='ocrx_word' id='word_1_349' title='bbox 1311 1132 1454 1172; x_wconf 65' lang='lat' dir='ltr'>reliquiae</span> <span class='ocrx_word' id='word_1_350' title='bbox 1469 1133 1567 1164; x_wconf 76' lang='lat' dir='ltr'>Israel</span> <span class='ocrx_word' id='word_1_351' title='bbox 1590 1132 1686 1164; x_wconf 73' lang='lat' dir='ltr'>Salvoe</span> <span class='ocrx_word' id='word_1_352' title='bbox 1702 1133 1792 1171; x_wconf 73' lang='lat' dir='ltr'>flent.</span> 
     </span>
     <span class='ocr_line' id='line_1_64' title="bbox 1024 1185 1795 1225; baseline 0.001 -10"><span class='ocrx_word' id='word_1_353' title='bbox 1024 1186 1151 1215; x_wconf 81' lang='lat' dir='ltr'>Moralis</span> <span class='ocrx_word' id='word_1_354' title='bbox 1165 1195 1240 1216; x_wconf 91' lang='lat' dir='ltr'>vero</span> <span class='ocrx_word' id='word_1_355' title='bbox 1253 1186 1333 1215; x_wconf 86' lang='lat' dir='ltr'>ratio</span> <span class='ocrx_word' id='word_1_356' title='bbox 1350 1188 1426 1222; x_wconf 80' lang='lat' dir='ltr'>erat,</span> <span class='ocrx_word' id='word_1_357' title='bbox 1441 1186 1516 1225; x_wconf 86' lang='grc'><strong>(1313</strong></span> <span class='ocrx_word' id='word_1_358' title='bbox 1528 1186 1581 1215; x_wconf 87' lang='grc'><strong>1113</strong></span> <span class='ocrx_word' id='word_1_359' title='bbox 1593 1185 1795 1216; x_wconf 81' lang='lat' dir='ltr'>immunditia</span> 
     </span>
     <span class='ocr_line' id='line_1_65' title="bbox 1024 1239 1794 1278; baseline 0 -10"><span class='ocrx_word' id='word_1_360' title='bbox 1024 1239 1223 1277; x_wconf 73' lang='lat' dir='ltr'>significabat</span> <span class='ocrx_word' id='word_1_361' title='bbox 1236 1240 1256 1276; x_wconf 74' lang='lat'>³,</span> <span class='ocrx_word' id='word_1_362' title='bbox 1272 1239 1356 1277; x_wconf 84' lang='lat' dir='ltr'>quod</span> <span class='ocrx_word' id='word_1_363' title='bbox 1369 1239 1466 1268; x_wconf 87' lang='grc'><strong>1101110</strong></span> <span class='ocrx_word' id='word_1_364' title='bbox 1480 1239 1590 1269; x_wconf 89' lang='lat' dir='ltr'>debeat</span> <span class='ocrx_word' id='word_1_365' title='bbox 1603 1248 1635 1268; x_wconf 88' lang='lat' dir='ltr'>se</span> <span class='ocrx_word' id='word_1_366' title='bbox 1648 1240 1794 1278; x_wconf 87' lang='lat' dir='ltr'>reputare</span> 
     </span>
     <span class='ocr_line' id='line_1_66' title="bbox 1024 1291 1795 1331; baseline -0.001 -10"><span class='ocrx_word' id='word_1_367' title='bbox 1024 1291 1241 1329; x_wconf 83' lang='lat' dir='ltr'>immundum,</span> <span class='ocrx_word' id='word_1_368' title='bbox 1260 1295 1289 1322; x_wconf 83' lang='lat' dir='ltr'>et</span> <span class='ocrx_word' id='word_1_369' title='bbox 1306 1292 1448 1322; x_wconf 82' lang='lat' dir='ltr'>sacerdos</span> <span class='ocrx_word' id='word_1_370' title='bbox 1463 1292 1518 1331; x_wconf 90' lang='grc'><strong>(131</strong></span> <span class='ocrx_word' id='word_1_371' title='bbox 1534 1301 1590 1330; x_wconf 87' lang='lat' dir='ltr'>pro</span> <span class='ocrx_word' id='word_1_372' title='bbox 1601 1291 1670 1321; x_wconf 86' lang='lat' dir='ltr'>aliis</span> <span class='ocrx_word' id='word_1_373' title='bbox 1686 1291 1795 1330; x_wconf 86' lang='lat' dir='ltr'>purifi-</span> 
     </span>
     <span class='ocr_line' id='line_1_67' title="bbox 1024 1344 1792 1383; baseline -0.001 -9"><span class='ocrx_word' id='word_1_374' title='bbox 1024 1344 1129 1374; x_wconf 85' lang='lat' dir='ltr'>candis</span> <span class='ocrx_word' id='word_1_375' title='bbox 1148 1347 1232 1380; x_wconf 84' lang='lat' dir='ltr'>orat,</span> <span class='ocrx_word' id='word_1_376' title='bbox 1257 1345 1346 1374; x_wconf 78' lang='lat' dir='ltr'>debet</span> <span class='ocrx_word' id='word_1_377' title='bbox 1361 1353 1392 1374; x_wconf 86' lang='lat' dir='ltr'>se</span> <span class='ocrx_word' id='word_1_378' title='bbox 1416 1347 1561 1383; x_wconf 86' lang='lat' dir='ltr'>reputare</span> <span class='ocrx_word' id='word_1_379' title='bbox 1576 1344 1792 1380; x_wconf 87' lang='lat' dir='ltr'>immundum,</span> 
     </span>
     <span class='ocr_line' id='line_1_68' title="bbox 1024 1396 1792 1435; baseline 0.001 -10"><span class='ocrx_word' id='word_1_380' title='bbox 1024 1397 1099 1435; x_wconf 87' lang='grc'><strong>(11113</strong></span> <span class='ocrx_word' id='word_1_381' title='bbox 1111 1397 1212 1425; x_wconf 76' lang='lat' dir='ltr'>alienu</span> <span class='ocrx_word' id='word_1_382' title='bbox 1226 1399 1351 1435; x_wconf 75' lang='lat' dir='ltr'>peccata</span> <span class='ocrx_word' id='word_1_383' title='bbox 1363 1396 1452 1426; x_wconf 88' lang='lat' dir='ltr'>debet</span> <span class='ocrx_word' id='word_1_384' title='bbox 1464 1398 1610 1435; x_wconf 88' lang='lat' dir='ltr'>reputare</span> <span class='ocrx_word' id='word_1_385' title='bbox 1622 1396 1714 1435; x_wconf 83' lang='lat' dir='ltr'>quasi</span> <span class='ocrx_word' id='word_1_386' title='bbox 1724 1404 1792 1433; x_wconf 82' lang='lat' dir='ltr'>sua,</span> 
     </span>
     <span class='ocr_line' id='line_1_69' title="bbox 1025 1447 1795 1478; baseline 0 -1"><span class='ocrx_word' id='word_1_387' title='bbox 1025 1448 1073 1478; x_wconf 79' lang='lat' dir='ltr'>vel</span> <span class='ocrx_word' id='word_1_388' title='bbox 1089 1449 1182 1478; x_wconf 78' lang='lat' dir='ltr'>etiam</span> <span class='ocrx_word' id='word_1_389' title='bbox 1197 1449 1287 1478; x_wconf 82' lang='lat' dir='ltr'>debet</span> <span class='ocrx_word' id='word_1_390' title='bbox 1304 1448 1429 1478; x_wconf 86' lang='lat' dir='ltr'>credere</span> <span class='ocrx_word' id='word_1_391' title='bbox 1444 1457 1476 1477; x_wconf 90' lang='lat' dir='ltr'>se</span> <span class='ocrx_word' id='word_1_392' title='bbox 1490 1448 1524 1477; x_wconf 90' lang='lat' dir='ltr'>iu</span> <span class='ocrx_word' id='word_1_393' title='bbox 1543 1448 1596 1477; x_wconf 89' lang='lat' dir='ltr'>illo</span> <span class='ocrx_word' id='word_1_394' title='bbox 1614 1447 1717 1477; x_wconf 79' lang='lat' dir='ltr'>officio</span> <span class='ocrx_word' id='word_1_395' title='bbox 1732 1447 1795 1477; x_wconf 89' lang='lat' dir='ltr'>ali-</span> 
     </span>
     <span class='ocr_line' id='line_1_70' title="bbox 1024 1499 1794 1541; baseline 0 -10"><span class='ocrx_word' id='word_1_396' title='bbox 1024 1502 1099 1541; x_wconf 90' lang='lat' dir='ltr'>quid</span> <span class='ocrx_word' id='word_1_397' title='bbox 1117 1501 1320 1538; x_wconf 82' lang='lat' dir='ltr'>commisisse,</span> <span class='ocrx_word' id='word_1_398' title='bbox 1334 1503 1429 1540; x_wconf 77' lang='lat' dir='ltr'>juxta</span> <span class='ocrx_word' id='word_1_399' title='bbox 1444 1501 1521 1531; x_wconf 84' lang='lat' dir='ltr'>illud</span> <span class='ocrx_word' id='word_1_400' title='bbox 1535 1501 1697 1539; x_wconf 74' lang='lat' dir='ltr'>Gregorii:</span> <span class='ocrx_word' id='word_1_401' title='bbox 1713 1499 1794 1531; x_wconf 84' lang='lat' dir='ltr'>«Bo-</span> 
     </span>
     <span class='ocr_line' id='line_1_71' title="bbox 1023 1553 1792 1593; baseline -0.001 -9"><span class='ocrx_word' id='word_1_402' title='bbox 1023 1564 1138 1585; x_wconf 86' lang='lat' dir='ltr'>narum</span> <span class='ocrx_word' id='word_1_403' title='bbox 1162 1554 1319 1584; x_wconf 85' lang='lat' dir='ltr'>mentium</span> <span class='ocrx_word' id='word_1_404' title='bbox 1336 1556 1381 1584; x_wconf 89' lang='lat' dir='ltr'>est</span> <span class='ocrx_word' id='word_1_405' title='bbox 1402 1553 1446 1583; x_wconf 94' lang='lat' dir='ltr'>ibi</span> <span class='ocrx_word' id='word_1_406' title='bbox 1469 1553 1594 1593; x_wconf 82' lang='lat' dir='ltr'>culpam</span> <span class='ocrx_word' id='word_1_407' title='bbox 1610 1561 1792 1592; x_wconf 84' lang='lat' dir='ltr'>agnoscere,</span> 
     </span>
     <span class='ocr_line' id='line_1_72' title="bbox 1023 1607 1362 1646; baseline -0.006 -8"><span class='ocrx_word' id='word_1_408' title='bbox 1023 1608 1079 1638; x_wconf 88' lang='lat' dir='ltr'>ubi</span> <span class='ocrx_word' id='word_1_409' title='bbox 1093 1607 1186 1646; x_wconf 86' lang='lat' dir='ltr'>culpa</span> <span class='ocrx_word' id='word_1_410' title='bbox 1199 1616 1263 1637; x_wconf 90' lang='lat' dir='ltr'>non</span> <span class='ocrx_word' id='word_1_411' title='bbox 1279 1608 1335 1637; x_wconf 89' lang='lat' dir='ltr'>est.</span> <span class='ocrx_word' id='word_1_412' title='bbox 1348 1617 1362 1635; x_wconf 82' lang='grc'>1)</span> 
     </span>
    </p>
   </div>
   <div class='ocr_carea' id='block_1_16' title="bbox 1340 1699 1471 1720">
    <p class='ocr_par' dir='ltr' id='par_1_19' title="bbox 1340 1699 1471 1720">
     <span class='ocr_line' id='line_1_73' title="bbox 1340 1699 1471 1720; baseline 0 0"><span class='ocrx_word' id='word_1_413' title='bbox 1340 1699 1408 1720; x_wconf 88' lang='lat' dir='ltr'>DUB.</span> <span class='ocrx_word' id='word_1_414' title='bbox 1426 1699 1471 1720; x_wconf 90' lang='lat' dir='ltr'>VI.</span> 
     </span>
    </p>
   </div>
   <div class='ocr_carea' id='block_1_17' title="bbox 1064 1759 1753 1827">
    <p class='ocr_par' dir='ltr' id='par_1_20' title="bbox 1064 1759 1753 1827">
     <span class='ocr_line' id='line_1_74' title="bbox 1064 1759 1753 1791; baseline -0.003 -5"><span class='ocrx_word' id='word_1_415' title='bbox 1064 1762 1217 1786; x_wconf 76' lang='lat' dir='ltr'>Mandabant</span> <span class='ocrx_word' id='word_1_416' title='bbox 1232 1762 1298 1785; x_wconf 87' lang='lat' dir='ltr'>enim</span> <span class='ocrx_word' id='word_1_417' title='bbox 1314 1761 1439 1785; x_wconf 76' lang='lat' dir='ltr'>interdum</span> <span class='ocrx_word' id='word_1_418' title='bbox 1456 1768 1470 1784; x_wconf 98' lang='grc'>3</span> <span class='ocrx_word' id='word_1_419' title='bbox 1485 1760 1610 1791; x_wconf 85' lang='lat' dir='ltr'>corporali</span> <span class='ocrx_word' id='word_1_420' title='bbox 1625 1759 1696 1791; x_wconf 84' lang='lat' dir='ltr'>lepra</span> <span class='ocrx_word' id='word_1_421' title='bbox 1711 1760 1753 1784; x_wconf 78' lang='lat' dir='ltr'>illa</span> 
     </span>
     <span class='ocr_line' id='line_1_75' title="bbox 1358 1797 1456 1827; baseline 0 -7"><span class='ocrx_word' id='word_1_422' title='bbox 1358 1797 1456 1827; x_wconf 78' lang='lat' dir='ltr'>legalia.</span> 
     </span>
    </p>
   </div>
   <div class='ocr_carea' id='block_1_18' title="bbox 1018 1872 1791 2655">
    <p class='ocr_par' dir='ltr' id='par_1_21' title="bbox 1021 1872 1790 1966">
     <span class='ocr_line' id='line_1_76' title="bbox 1061 1872 1790 1912; baseline -0.003 -8"><span class='ocrx_word' id='word_1_423' title='bbox 1061 1874 1175 1904; x_wconf 82' lang='lat' dir='ltr'>Contra</span> <span class='ocrx_word' id='word_1_424' title='bbox 1192 1884 1198 1903; x_wconf 92' lang='lat'>:</span> <span class='ocrx_word' id='word_1_425' title='bbox 1216 1873 1291 1912; x_wconf 88' lang='lat' dir='ltr'>quia</span> <span class='ocrx_word' id='word_1_426' title='bbox 1306 1872 1333 1902; x_wconf 88' lang='lat' dir='ltr'>si</span> <span class='ocrx_word' id='word_1_427' title='bbox 1354 1873 1414 1902; x_wconf 90' lang='lat' dir='ltr'>hoc</span> <span class='ocrx_word' id='word_1_428' title='bbox 1427 1880 1542 1903; x_wconf 88' lang='lat' dir='ltr'>verum</span> <span class='ocrx_word' id='word_1_429' title='bbox 1557 1874 1634 1910; x_wconf 83' lang='lat' dir='ltr'>erat,</span> <span class='ocrx_word' id='word_1_430' title='bbox 1649 1873 1726 1902; x_wconf 87' lang='lat' dir='ltr'>tunc</span> <span class='ocrx_word' id='word_1_431' title='bbox 1739 1880 1790 1902; x_wconf 90' lang='lat' dir='ltr'>er-</span> 
     </span>
     <span class='ocr_line' id='line_1_77' title="bbox 1021 1924 1788 1966; baseline -0.003 -9"><span class='ocrx_word' id='word_1_432' title='bbox 1021 1936 1063 1966; x_wconf 83' lang='lat' dir='ltr'>go</span> <span class='ocrx_word' id='word_1_433' title='bbox 1076 1927 1128 1956; x_wconf 90' lang='grc'><strong>1113</strong></span> <span class='ocrx_word' id='word_1_434' title='bbox 1143 1928 1231 1956; x_wconf 86' lang='lat' dir='ltr'>erant</span> <span class='ocrx_word' id='word_1_435' title='bbox 1246 1926 1374 1965; x_wconf 86' lang='lat' dir='ltr'>maj0ris</span> <span class='ocrx_word' id='word_1_436' title='bbox 1386 1925 1523 1963; x_wconf 81' lang='lat' dir='ltr'>virtutis,</span> <span class='ocrx_word' id='word_1_437' title='bbox 1539 1934 1635 1964; x_wconf 87' lang='lat' dir='ltr'>quam</span> <span class='ocrx_word' id='word_1_438' title='bbox 1647 1924 1709 1955; x_wconf 90' lang='lat' dir='ltr'>sint</span> <span class='ocrx_word' id='word_1_439' title='bbox 1719 1925 1788 1955; x_wconf 87' lang='lat' dir='ltr'>ista.</span> 
     </span>
    </p>

    <p class='ocr_par' dir='ltr' id='par_1_22' title="bbox 1018 1977 1791 2655">
     <span class='ocr_line' id='line_1_78' title="bbox 1060 1977 1789 2018; baseline -0.003 -9"><span class='ocrx_word' id='word_1_440' title='bbox 1060 1979 1151 2018; x_wconf 76' lang='lat' dir='ltr'>Resp.</span> <span class='ocrx_word' id='word_1_441' title='bbox 1186 1979 1359 2009; x_wconf 85' lang='lat' dir='ltr'>Dicendum</span> <span class='ocrx_word' id='word_1_442' title='bbox 1384 1978 1469 2017; x_wconf 89' lang='lat' dir='ltr'>quod</span> <span class='ocrx_word' id='word_1_443' title='bbox 1497 1977 1652 2008; x_wconf 80' lang='lat' dir='ltr'>mundare</span> <span class='ocrx_word' id='word_1_444' title='bbox 1674 1977 1789 2008; x_wconf 85' lang='lat' dir='ltr'>dicun-</span> 
     </span>
     <span class='ocr_line' id='line_1_79' title="bbox 1021 2026 1791 2071; baseline -0.004 -8"><span class='ocrx_word' id='word_1_445' title='bbox 1021 2035 1082 2068; x_wconf 86' lang='lat' dir='ltr'>tur,</span> <span class='ocrx_word' id='word_1_446' title='bbox 1103 2032 1178 2071; x_wconf 80' lang='lat' dir='ltr'>quia</span> <span class='ocrx_word' id='word_1_447' title='bbox 1199 2032 1387 2062; x_wconf 83' lang='lat' dir='ltr'>mundatum</span> <span class='ocrx_word' id='word_1_448' title='bbox 1409 2026 1624 2061; x_wconf 77' lang='lat' dir='ltr'>ostendebant.</span> <span class='ocrx_word' id='word_1_449' title='bbox 1648 2029 1686 2060; x_wconf 82' lang='lat' dir='ltr'>Et</span> <span class='ocrx_word' id='word_1_450' title='bbox 1710 2030 1736 2060; x_wconf 88' lang='lat' dir='ltr'>si</span> <span class='ocrx_word' id='word_1_451' title='bbox 1755 2031 1791 2060; x_wconf 89' lang='lat' dir='ltr'>tu</span> 
     </span>
     <span class='ocr_line' id='line_1_80' title="bbox 1020 2083 1788 2125; baseline -0.003 -10"><span class='ocrx_word' id='word_1_452' title='bbox 1020 2094 1155 2125; x_wconf 67' lang='lat' dir='ltr'>quaeras,</span> <span class='ocrx_word' id='word_1_453' title='bbox 1171 2094 1244 2124; x_wconf 65' lang='lat' dir='ltr'>quae</span> <span class='ocrx_word' id='word_1_454' title='bbox 1258 2085 1377 2115; x_wconf 86' lang='lat' dir='ltr'>utilitas</span> <span class='ocrx_word' id='word_1_455' title='bbox 1391 2084 1443 2121; x_wconf 83' lang='lat' dir='ltr'>sit3</span> <span class='ocrx_word' id='word_1_456' title='bbox 1461 2083 1669 2122; x_wconf 87' lang='lat' dir='ltr'>respondetur</span> <span class='ocrx_word' id='word_1_457' title='bbox 1683 2083 1788 2113; x_wconf 88' lang='lat' dir='ltr'>dicen-</span> 
     </span>
     <span class='ocr_line' id='line_1_81' title="bbox 1020 2135 1789 2178; baseline -0.004 -9"><span class='ocrx_word' id='word_1_458' title='bbox 1020 2139 1096 2169; x_wconf 89' lang='lat' dir='ltr'>dum</span> <span class='ocrx_word' id='word_1_459' title='bbox 1112 2139 1196 2178; x_wconf 90' lang='lat' dir='ltr'>quod</span> <span class='ocrx_word' id='word_1_460' title='bbox 1211 2147 1339 2177; x_wconf 84' lang='lat' dir='ltr'>magna,</span> <span class='ocrx_word' id='word_1_461' title='bbox 1356 2137 1429 2177; x_wconf 90' lang='lat' dir='ltr'>quia</span> <span class='ocrx_word' id='word_1_462' title='bbox 1445 2136 1559 2176; x_wconf 89' lang='lat' dir='ltr'>leprosi</span> <span class='ocrx_word' id='word_1_463' title='bbox 1582 2135 1789 2175; x_wconf 82' lang='lat' dir='ltr'>ejiciebantur</span> 
     </span>
     <span class='ocr_line' id='line_1_82' title="bbox 1019 2189 1787 2230; baseline -0.005 -8"><span class='ocrx_word' id='word_1_464' title='bbox 1019 2194 1109 2222; x_wconf 77' lang='lat' dir='ltr'>extra</span> <span class='ocrx_word' id='word_1_465' title='bbox 1123 2194 1233 2228; x_wconf 74' lang='lat' dir='ltr'>castra,</span> <span class='ocrx_word' id='word_1_466' title='bbox 1249 2194 1280 2222; x_wconf 89' lang='lat' dir='ltr'>et</span> <span class='ocrx_word' id='word_1_467' title='bbox 1290 2200 1354 2221; x_wconf 89' lang='lat' dir='ltr'>non</span> <span class='ocrx_word' id='word_1_468' title='bbox 1366 2191 1510 2230; x_wconf 83' lang='lat' dir='ltr'>poterant</span> <span class='ocrx_word' id='word_1_469' title='bbox 1524 2189 1637 2227; x_wconf 85' lang='lat' dir='ltr'>redire,</span> <span class='ocrx_word' id='word_1_470' title='bbox 1652 2189 1714 2219; x_wconf 90' lang='lat' dir='ltr'>nisi</span> <span class='ocrx_word' id='word_1_471' title='bbox 1730 2197 1787 2227; x_wconf 91' lang='lat' dir='ltr'>pu-</span> 
     </span>
     <span class='ocr_line' id='line_1_83' title="bbox 1019 2242 1789 2283; baseline -0.006 -7"><span class='ocrx_word' id='word_1_472' title='bbox 1019 2246 1219 2276; x_wconf 82' lang='lat' dir='ltr'>rificarentur</span> <span class='ocrx_word' id='word_1_473' title='bbox 1234 2269 1242 2283; x_wconf 93' lang='lat'>,</span> <span class='ocrx_word' id='word_1_474' title='bbox 1272 2246 1302 2275; x_wconf 90' lang='lat' dir='ltr'>et</span> <span class='ocrx_word' id='word_1_475' title='bbox 1329 2243 1453 2283; x_wconf 85' lang='lat' dir='ltr'>judicio</span> <span class='ocrx_word' id='word_1_476' title='bbox 1487 2242 1657 2273; x_wconf 86' lang='lat' dir='ltr'>sacerdotis</span> <span class='ocrx_word' id='word_1_477' title='bbox 1686 2244 1789 2272; x_wconf 89' lang='lat' dir='ltr'>essent</span> 
     </span>
     <span class='ocr_line' id='line_1_84' title="bbox 1020 2295 1789 2336; baseline -0.005 -7"><span class='ocrx_word' id='word_1_478' title='bbox 1020 2299 1144 2329; x_wconf 82' lang='lat' dir='ltr'>mundi.</span> <span class='ocrx_word' id='word_1_479' title='bbox 1170 2298 1230 2328; x_wconf 85' lang='lat' dir='ltr'>Sed</span> <span class='ocrx_word' id='word_1_480' title='bbox 1251 2300 1327 2327; x_wconf 82' lang='lat' dir='ltr'>tunc</span> <span class='ocrx_word' id='word_1_481' title='bbox 1351 2297 1479 2336; x_wconf 88' lang='lat' dir='ltr'>objicies</span> <span class='ocrx_word' id='word_1_482' title='bbox 1505 2306 1512 2327; x_wconf 71' lang='grc' dir='ltr'><strong>ε</strong></span> <span class='ocrx_word' id='word_1_483' title='bbox 1537 2304 1612 2326; x_wconf 92' lang='lat' dir='ltr'>cum</span> <span class='ocrx_word' id='word_1_484' title='bbox 1635 2295 1723 2335; x_wconf 89' lang='lat' dir='ltr'>lepra</span> <span class='ocrx_word' id='word_1_485' title='bbox 1749 2295 1789 2325; x_wconf 83' lang='lat' dir='ltr'>sit</span> 
     </span>
     <span class='ocr_line' id='line_1_85' title="bbox 1020 2345 1788 2385; baseline -0.007 -5"><span class='ocrx_word' id='word_1_486' title='bbox 1020 2350 1150 2380; x_wconf 87' lang='lat' dir='ltr'>morbus</span> <span class='ocrx_word' id='word_1_487' title='bbox 1177 2348 1357 2379; x_wconf 86' lang='lat' dir='ltr'>incurabilis</span> <span class='ocrx_word' id='word_1_488' title='bbox 1371 2371 1379 2385; x_wconf 93' lang='lat'>‚</span> <span class='ocrx_word' id='word_1_489' title='bbox 1411 2347 1537 2378; x_wconf 85' lang='lat' dir='ltr'>videtur</span> <span class='ocrx_word' id='word_1_490' title='bbox 1566 2346 1650 2385; x_wconf 88' lang='lat' dir='ltr'>quod</span> <span class='ocrx_word' id='word_1_491' title='bbox 1679 2345 1788 2376; x_wconf 90' lang='lat' dir='ltr'>nullus</span> 
     </span>
     <span class='ocr_line' id='line_1_86' title="bbox 1020 2398 1789 2440; baseline -0.007 -7"><span class='ocrx_word' id='word_1_492' title='bbox 1020 2403 1238 2433; x_wconf 84' lang='lat' dir='ltr'>mundaretur.</span> <span class='ocrx_word' id='word_1_493' title='bbox 1257 2401 1319 2431; x_wconf 89' lang='lat' dir='ltr'>Dici</span> <span class='ocrx_word' id='word_1_494' title='bbox 1333 2401 1444 2440; x_wconf 88' lang='lat' dir='ltr'>potest,</span> <span class='ocrx_word' id='word_1_495' title='bbox 1462 2400 1547 2440; x_wconf 89' lang='lat' dir='ltr'>quod</span> <span class='ocrx_word' id='word_1_496' title='bbox 1561 2398 1659 2438; x_wconf 87' lang='lat' dir='ltr'>aliqui</span> <span class='ocrx_word' id='word_1_497' title='bbox 1674 2398 1789 2429; x_wconf 88' lang='lat' dir='ltr'>radici-</span> 
     </span>
     <span class='ocr_line' id='line_1_87' title="bbox 1018 2451 1787 2491; baseline -0.005 -6"><span class='ocrx_word' id='word_1_498' title='bbox 1018 2457 1070 2485; x_wconf 83' lang='lat' dir='ltr'>tus</span> <span class='ocrx_word' id='word_1_499' title='bbox 1081 2455 1239 2485; x_wconf 85' lang='lat' dir='ltr'>habebant</span> <span class='ocrx_word' id='word_1_500' title='bbox 1247 2462 1375 2484; x_wconf 85' lang='lat' dir='ltr'>causam</span> <span class='ocrx_word' id='word_1_501' title='bbox 1390 2453 1504 2490; x_wconf 88' lang='lat' dir='ltr'>morbi,</span> <span class='ocrx_word' id='word_1_502' title='bbox 1516 2454 1546 2482; x_wconf 87' lang='lat' dir='ltr'>et</span> <span class='ocrx_word' id='word_1_503' title='bbox 1557 2451 1607 2482; x_wconf 79' lang='lat' dir='ltr'>isti</span> <span class='ocrx_word' id='word_1_504' title='bbox 1620 2459 1787 2491; x_wconf 86' lang='lat' dir='ltr'>nunquam</span> 
     </span>
     <span class='ocr_line' id='line_1_88' title="bbox 1020 2504 1788 2544; baseline -0.004 -5"><span class='ocrx_word' id='word_1_505' title='bbox 1020 2509 1269 2544; x_wconf 84' lang='lat' dir='ltr'>mundabantur,</span> <span class='ocrx_word' id='word_1_506' title='bbox 1284 2516 1341 2537; x_wconf 82' lang='lat' dir='ltr'>nec</span> <span class='ocrx_word' id='word_1_507' title='bbox 1350 2505 1525 2536; x_wconf 89' lang='lat' dir='ltr'>secundum</span> <span class='ocrx_word' id='word_1_508' title='bbox 1537 2504 1714 2543; x_wconf 87' lang='lat' dir='ltr'>veritatem,</span> <span class='ocrx_word' id='word_1_509' title='bbox 1730 2514 1788 2536; x_wconf 86' lang='lat' dir='ltr'>nec</span> 
     </span>
     <span class='ocr_line' id='line_1_89' title="bbox 1019 2558 1787 2603; baseline -0.003 -9"><span class='ocrx_word' id='word_1_510' title='bbox 1019 2564 1193 2594; x_wconf 82' lang='lat' dir='ltr'>secundum</span> <span class='ocrx_word' id='word_1_511' title='bbox 1208 2562 1366 2603; x_wconf 88' lang='lat' dir='ltr'>judicium</span> <span class='ocrx_word' id='word_1_512' title='bbox 1385 2560 1569 2597; x_wconf 82' lang='lat' dir='ltr'>sacerdotis3</span> <span class='ocrx_word' id='word_1_513' title='bbox 1589 2558 1690 2599; x_wconf 83' lang='lat' dir='ltr'>aliqui</span> <span class='ocrx_word' id='word_1_514' title='bbox 1709 2569 1787 2592; x_wconf 85' lang='lat' dir='ltr'>vero</span> 
     </span>
     <span class='ocr_line' id='line_1_90' title="bbox 1020 2612 1786 2655; baseline -0.004 -7"><span class='ocrx_word' id='word_1_515' title='bbox 1020 2617 1178 2649; x_wconf 84' lang='lat' dir='ltr'>habebant</span> <span class='ocrx_word' id='word_1_516' title='bbox 1193 2616 1296 2655; x_wconf 80' lang='lat' dir='ltr'>signa,</span> <span class='ocrx_word' id='word_1_517' title='bbox 1313 2616 1343 2645; x_wconf 86' lang='lat' dir='ltr'>et</span> <span class='ocrx_word' id='word_1_518' title='bbox 1359 2613 1409 2644; x_wconf 84' lang='lat' dir='ltr'>isti</span> <span class='ocrx_word' id='word_1_519' title='bbox 1423 2612 1571 2644; x_wconf 84' lang='lat' dir='ltr'>mundari</span> <span class='ocrx_word' id='word_1_520' title='bbox 1586 2614 1741 2654; x_wconf 84' lang='lat' dir='ltr'>poterant,</span> <span class='ocrx_word' id='word_1_521' title='bbox 1755 2612 1786 2645; x_wconf 90' lang='lat' dir='ltr'>id</span> 
     </span>
    </p>
   </div>
  </div>
 </body>
</html>
