2017 2948
66 542 169 563 Fundam.

73 1869 106 1890 Ad
124 1875 175 1896 opp.

185 91 242 120 438

185 155 372 190 mentaliter,
405 155 472 186 sive
501 164 559 195 pro
589 159 708 196 quanto
734 158 806 198 quis
831 157 953 187 dicatur

185 206 377 237 manducare
394 208 678 247 sacramentaliter3
695 213 820 250 quarto,
844 212 952 240 utrum

185 257 326 290 Christus
341 260 578 292 manducaverit
592 264 728 302 utroque
741 262 844 292 modo.

459 366 636 404 QUAESTlO
662 368 682 398 Ι.

317 450 357 475 An
376 450 449 476 modi
469 450 649 476 manducandi
667 452 721 476 sine
741 451 790 477 cluo
807 450 825 477 ¹.

226 527 314 565 Quod
328 528 391 559 duo
405 528 538 559 debeant
553 538 619 560 esse
632 530 716 561 modi
732 530 954 569 mandurundi,

186 583 303 614 scilicet
316 584 551 614 sacramentalis
566 609 574 622 ‚
591 586 621 615 et
636 585 826 624 spiritualis,
843 594 954 616 secun-

185 635 262 666 dum
278 636 361 676 quod
378 635 529 676 Magister
543 636 637 675 dicit,
661 637 837 668 ostenditur
853 639 956 678 primo

185 689 369 720 auctoritate
382 690 512 720 canonis
523 693 533 709 ²
548 700 554 721 :
574 690 634 726 Qui
648 690 822 722 manducat
837 699 897 729 me,
911 692 958 723 υἰ-

185 742 234 773 vit
245 745 375 781 propter
397 751 454 774 me.
481 742 536 773 Hic
559 743 701 782 tangitur
726 743 839 774 modus
862 744 954 784 spiri-

185 794 290 825 tualis.
316 795 375 826 Sed
391 795 435 827 acl
451 795 677 828 Corinthios⁸:
701 796 762 832 Qui
782 797 957 829 manducat

186 846 338 888 indique,
348 848 515 887 judicium
529 849 594 881 sibi
608 850 792 882 manducat.
815 850 872 881 Hic
885 853 958 881 tan-

187 901 274 940 gitur
289 901 369 932 alius
386 902 497 933 modus
509 926 518 940 ‚
541 903 595 942 qui
616 912 680 934 non
696 906 742 934 est
763 904 934 944 spiritualis
949 915 955 935 z

187 962 267 993 ergo
282 954 484 985 manducatio
499 956 639 995 corporis
654 955 767 987 Christi
791 957 958 997 multiplex

187 1010 243 1037 est.

230 1061 306 1091 item
322 1061 506 1092 auctoritate
522 1062 695 1101 Augustini
706 1063 715 1079 ⁸
729 1071 736 1093 :
753 1075 767 1091 «
784 1062 960 1103 spirituali-

188 1115 235 1143 ter
250 1114 437 1152 manducat,
461 1115 517 1154 qui
536 1117 569 1145 in
588 1116 707 1146 unitate
729 1115 840 1146 Christi
856 1119 886 1146 et
902 1117 955 1147 Ec-

188 1165 308 1203 clesiae,
323 1175 419 1206 quam
436 1171 671 1199 sacramentum
693 1170 812 1208 signat,
833 1172 956 1200 munet:

188 1219 241 1258 qui
262 1221 370 1249 autem
390 1219 546 1252 discordat
559 1231 578 1252 a
593 1221 734 1260 Christo,
759 1231 815 1252 nec
832 1232 959 1254 caruem

188 1271 301 1303 Christi
328 1273 516 1311 manducat,
553 1284 610 1305 nec
641 1276 831 1314 sanguinein
859 1277 937 1307 bibit
950 1301 957 1314 ,

187 1325 311 1355 etiamsi
327 1328 422 1357 tantae
438 1328 483 1357 rei
500 1332 735 1359 sacramentum
754 1329 790 1359 ad
804 1330 959 1368 4ῙιιιΙΙυΙωι)

187 1379 329 1418 quotidie
343 1380 485 1420 accipiat.
502 1392 516 1408 »

228 1431 305 1462 Item
330 1432 390 1463 hoe
407 1433 512 1472 ipsum
533 1435 710 1465 ostenditur
725 1436 865 1475 ratione,
888 1438 962 1476 quia

188 1495 260 1516 eum
275 1486 348 1517 duae
362 1487 425 1517 sint
439 1489 563 1518 tantum
578 1497 628 1519 res
644 1489 741 1528 hujus
756 1493 957 1529 sacramenti,

188 1540 218 1569 et
231 1539 376 1579 possibile
391 1541 431 1570 sit
446 1550 542 1571 unam
558 1542 700 1582 accipere
714 1544 781 1573 sine
796 1544 869 1582 alia,
883 1554 960 1583 ergo

190 1594 264 1621 sunt
278 1591 340 1623 duo
356 1593 441 1623 modi
457 1594 606 1624 distincti.

230 1644 308 1675 Item
324 1646 525 1678 manducatio
547 1648 619 1678 (licit
635 1658 730 1679 usum
750 1650 938 1680 sacramenti
953 1661 959 1681 :

189 1706 266 1736 ergo
289 1707 362 1729 cum
384 1700 423 1730 sit
446 1700 497 1730 hic
519 1703 752 1732 sacramentum
776 1702 909 1732 interius
933 1706 963 1733 et

189 1752 347 1789 exterius,
375 1755 460 1792 patet
482 1753 568 1793 quod
592 1756 666 1784 sunt
689 1754 760 1785 dnae
789 1756 961 1787 manduca-

189 1804 301 1835 tiones.

230 1857 345 1889 Contra
359 1869 366 1889 2
391 1862 420 1889 1.
440 1858 570 1890 Videtur
593 1860 678 1899 quod
703 1870 766 1891 non
791 1862 851 1892 nisi
876 1872 959 1899 una,

191 1910 266 1950 quia
287 1911 342 1941 ubi
357 1921 459 1942 unum
474 1914 602 1952 propter
622 1913 757 1944 alterum
769 1938 778 1952 ‚
800 1915 842 1945 ibi
860 1925 961 1946 unum

191 1965 337 1994 tantum:
361 1973 440 2004 ergo
461 1965 487 1994 si
509 1967 745 1997 sacramentalis
767 1970 813 1998 est
836 1971 963 2008 propter

190 2016 387 2056 spiritualem
400 2041 408 2054 ‚
434 2017 483 2048 vel
505 2018 543 2048 ad
558 2018 755 2058 spiritualem
768 2044 775 2057 ‚
799 2020 878 2051 sicut
892 2022 914 2052 si
920 2032 962 2061 g-

190 2079 270 2100 num
284 2070 323 2101 ad
337 2070 501 2110 signatum
514 2094 522 2107 ,
547 2080 627 2110 ergo
650 2081 715 2102 una
729 2075 853 2104 tantuin
868 2084 961 2106 mun-

190 2122 327 2154 ducatio.

230 2177 259 2205 2.
283 2174 360 2205 Item
382 2184 455 2207 caro
471 2176 584 2207 Christi
598 2179 645 2207 cst
659 2185 734 2208 vere
753 2178 864 2210 cibus:
884 2189 961 2220 ergo

191 2228 270 2258 sicut
283 2227 364 2259 lucis
375 2230 422 2259 est
436 2228 626 2266 illuminare,
646 2230 689 2260 ita
702 2232 805 2262 carnis
820 2232 903 2263 illius
917 2237 962 2264 est

190 2281 294 2312 cibare
308 2291 315 2312 :
330 2281 384 2313 sed
398 2290 462 2313 non
477 2282 681 2322 corporaliter
695 2293 703 2314 :
721 2293 801 2324 ergo
815 2286 962 2325 spirltua-

190 2334 261 2365 liter
275 2345 283 2365 :
299 2334 352 2366 sed
364 2335 421 2375 qui
433 2335 542 2375 recipit
555 2338 833 2376 sacramentaliter,
852 2341 959 2381 recipit

225 2413 231 2428 ¹
247 2414 286 2443 Cf.
306 2414 376 2438 Alex.
403 2415 487 2439 Ateus.
507 2422 532 2446 p.
551 2416 593 2445 lv,
609 2423 633 2446 q.
648 2421 685 2445 xi,
701 2418 809 2441 membr.
834 2422 853 2449 t,
868 2424 914 2445 art.
935 2425 958 2451 l;

191 2450 215 2472 S.
228 2449 328 2478 Thorn..
342 2457 367 2480 p.
383 2451 423 2479 ΙΙΙ,
435 2458 460 2481 q.
476 2456 555 2480 Lxxx,
567 2454 613 2475 art.
632 2453 656 2481 ¹3
672 2454 697 2475 et
711 2452 741 2475 lV
757 2454 836 2483 Sem..
852 2456 909 2480 dist.
925 2464 959 2488 tx,

191 2491 214 2514 q.
233 2490 249 2513 1,
259 2487 297 2508 :ii-t
323 2486 448 2515 13Guliel.
459 2486 585 2517 Altisiod„
600 2487 630 2511 lV
643 2487 721 2517 Sent„
733 2490 803 2513 tract.
813 2496 835 2518 ν,
847 2497 902 2522 cap.
917 2499 959 2522 ως

191 2519 275 2549 Str-ph.
302 2520 404 2549 Brulef„
429 2522 458 2545 lv
487 2522 566 2553 Seni„
590 2522 647 2546 dist.
674 2528 708 2551 tx,
731 2529 757 2555 q.
780 2530 804 2554 15
833 2526 899 2551 Petr.
929 2529 958 2552 de

190 2555 300 2586 Tarant.,
318 2556 346 2579 tv
363 2556 441 2586 Seni„
458 2557 516 2580 dist.
533 2563 587 2585 viii,
604 2565 629 2589 q.
647 2563 682 2581 tx.
697 2571 727 2576 -
745 2559 754 2574 2
767 2559 850 2589 Joan.‚
867 2567 902 2586 v1.
919 2564 957 2587 358,

735 89 1049 122 SENTENTIARUM
1070 92 1144 123 LlB.
1170 93 1218 124 lV.

1010 166 1159 197 carnem,
1182 162 1213 190 et
1234 161 1277 191 sic
1300 160 1424 192 cibatur
1447 163 1676 202 spiritualiter:
1699 174 1779 205 ergo

1012 220 1095 242 unus
1109 214 1234 244 tantum
1250 217 1296 245 est
1315 215 1426 246 modus
1441 215 1674 255 manducandi,
1691 218 1777 248 scili-

1011 267 1057 295 cet
1072 265 1252 304 spiritualis.

1052 320 1081 349 3.
1100 318 1176 349 item
1191 321 1366 352 ostenditur
1375 321 1461 361 quod
1473 324 1549 352 sunt
1565 323 1670 362 plures
1684 324 1779 362 modi,

1012 372 1086 411 quia
1097 397 1106 410 ,
1123 373 1204 404 sicut
1217 374 1332 405 dicitur
1346 383 1463 414 supra,
1479 375 1609 415 quidam
1624 377 1782 417 recipiunt

1013 425 1044 454 in
1058 425 1212 465 baptismo
1225 435 1292 458 rem
1305 430 1449 465 tanturm
1465 428 1595 469 quidam
1607 438 1782 462 sacramen—

1012 479 1080 507 tum
1095 479 1219 508 tuntum
1233 488 1239 515 ;
1261 478 1391 518 quidam
1408 482 1582 520 utrumque
1596 489 1704 521 :ergo
1719 484 1783 514 tres

1013 530 1097 560 modi
1112 541 1119 560 :
1143 530 1253 561 eadem
1274 540 1352 571 ergo
1370 533 1492 564 ratione
1507 535 1539 564 et
1556 533 1609 564 hic
1628 537 1706 566 suut
1719 537 1784 566 tres

1013 583 1280 614 manducationes.

1052 639 1082 668 4.
1108 637 1184 668 Item
1211 638 1326 677 triplex
1346 641 1393 669 est
1415 640 1511 670 unio:
1537 640 1570 671 in
1594 642 1727 679 natura,
1751 641 1784 672 in

1014 690 1092 728 fide,
1111 692 1141 721 et
1158 690 1192 721 in
1213 691 1365 722 charitate
1381 702 1388 722 :
1413 693 1465 723 sed
1490 693 1604 724 unioni
1627 693 1697 725 fidei
1714 702 1784 725 res-

1013 744 1128 784 pondet
1145 743 1344 775 manducatio
1359 746 1593 777 sacramentalis
1604 770 1612 783 ‚
1628 748 1659 778 et
1671 746 1783 778 unioni

1013 796 1173 828 charitatis
1196 797 1389 836 spiritualis:
1417 808 1496 838 ergo
1511 800 1571 830 erit
1592 799 1701 831 tertius
1720 809 1784 831 mo-

1013 850 1072 881 dus
1087 852 1279 891 respondens
1294 851 1404 882 unioni
1420 852 1454 882 in
1470 855 1597 884 natura.

1054 905 1082 934 5.
1106 903 1184 934 Item
1199 903 1314 944 triplex
1330 907 1375 935 est
1390 905 1423 935 in
1439 906 1530 936 nobis
1546 906 1647 937 virtus
1664 906 1784 938 theolo-

1015 957 1087 996 gica
1095 979 1104 994 ,
1121 959 1151 987 et
1165 957 1315 997 quaelibet
1330 967 1388 989 suo
1403 958 1496 990 modo
1513 959 1581 989 unit
1595 970 1602 989 t
1621 967 1698 998 ergo
1713 968 1787 990 cum

1014 1010 1127 1049 aliquis
1143 1011 1256 1041 modus
1273 1011 1481 1043 manducandi
1499 1012 1686 1051 respondeat
1700 1011 1784 1048 fidei,

1015 1064 1128 1103 aliquis
1143 1064 1304 1100 charitati,
1320 1065 1434 1104 aliquis
1450 1065 1656 1105 respondebit
1669 1065 1745 1105 spei.

1290 1180 1513 1212 CONCLUSIO.

1018 1266 1194 1293 Eucharistioe
1211 1268 1403 1292 sacramentum
1420 1266 1525 1300 duplici
1544 1265 1620 1292 modo
1640 1266 1788 1292 manduca-

1052 1312 1095 1336 tur
1117 1319 1125 1336 .-
1148 1311 1398 1343 sacramentalt‘ter,
1423 1312 1446 1336 et
1465 1310 1665 1344 spiritualitem
1686 1310 1752 1343 quia
1772 1317 1790 1336 a

1053 1355 1157 1388 triplici
1171 1356 1308 1389 principio
1324 1355 1420 1381 oritur.

1058 1439 1149 1478 Resp.
1175 1439 1213 1469 ad
1231 1448 1299 1478 arg.
1318 1438 1489 1469 Dicendum
1509 1438 1595 1478 quod
1610 1438 1729 1478 duplex
1744 1440 1790 1468 est

1018 1494 1131 1523 modus
1155 1492 1365 1523 manducandi
1382 1503 1387 1523 :
1411 1493 1502 1531 cujus
1517 1491 1674 1522 distinctio
1688 1491 1790 1523 oritur

1017 1555 1035 1575 a
1052 1545 1165 1585 triplici
1180 1545 1347 1584 principio,
1366 1545 1510 1575 videlicet
1524 1545 1628 1584 primo
1641 1545 1680 1584 (a)
1697 1553 1716 1575 a
1729 1544 1791 1576 dis-

1019 1599 1170 1637 positione
1183 1598 1392 1634 sumentium,
1409 1597 1484 1636 quia
1496 1598 1626 1637 quidam
1638 1597 1791 1629 accedunt

1018 1651 1099 1682 mule
1114 1651 1264 1691 dispositi,
1280 1653 1310 1680 et
1326 1651 1359 1680 hi
1374 1651 1568 1681 manducant
1582 1653 1791 1682 sacramenta-

1017 1705 1107 1742 lite1·;
1124 1704 1255 1744 quidam
1270 1704 1360 1741 bene,
1377 1706 1407 1734 et
1421 1704 1455 1734 hi
1470 1704 1687 1744 spiritualiter.
1705 1703 1788 1735 Ulte-

1018 1758 1083 1788 rius
1108 1757 1246 1788 secundo
1271 1757 1372 1788 oritur
1395 1757 1552 1788 distinctio
1576 1766 1594 1787 a
1617 1756 1710 1788 modo
1732 1766 1787 1787 su-

1018 1811 1124 1841 mendi
1140 1820 1147 1841 :
1171 1810 1300 1850 quidam
1315 1810 1400 1840 enim
1416 1809 1593 1849 suscipiunt
1607 1818 1661 1840 ore
1676 1818 1790 1849 corpo-

1018 1864 1080 1901 ris,
1098 1866 1128 1895 et
1142 1864 1176 1894 hi
1191 1864 1478 1901 sacramentalium
1501 1862 1631 1902 quidam
1645 1871 1723 1894 vero
1737 1871 1791 1894 ore

1019 1917 1120 1948 cordis
1133 1941 1140 1955 ,
1157 1919 1188 1947 et
1202 1917 1235 1948 hi
1251 1916 1467 1957 spiritualiter.
1492 1915 1579 1947 Unde
1590 1939 1599 1954 ,
1616 1915 1790 1947 secundum

1018 1970 1135 2010 duplex
1155 1979 1208 2008 OS,
1235 1969 1353 2009 duplex
1376 1972 1422 1999 est
1445 1968 1660 1999 manducante.
1685 1967 1790 1999 Tertio

1018 2024 1118 2054 oritur
1140 2023 1297 2054 distinctio
1317 2023 1356 2053 ab
1381 2023 1449 2062 ipso
1473 2024 1690 2060 sacramento,
1715 2021 1790 2062 quia

1018 2077 1175 2116 duplicem
1193 2077 1286 2107 habet
1303 2085 1381 2113 rem,
1398 2084 1535 2115 quarum
1551 2084 1615 2106 una
1631 2077 1732 2114 potest
1744 2083 1791 2106 re·

1018 2130 1079 2170 cipi
1095 2130 1161 2160 sine
1177 2130 1273 2160 altera
1287 2140 1294 2160 ε
1312 2130 1355 2160 ita
1366 2152 1373 2165 ‚
1390 2129 1471 2160 sicut
1485 2129 1602 2168 duplex
1617 2130 1664 2159 est
1676 2128 1790 2168 baptis-

1018 2192 1109 2220 mus,
1126 2183 1279 2219 fluminis,
1296 2185 1326 2213 et
1340 2182 1490 2219 flaminis,
1507 2191 1526 2212 a
1541 2181 1658 2221 duplici
1674 2190 1728 2219 re;
1745 2181 1790 2212 sic

1018 2236 1111 2266 etiam
1123 2235 1240 2275 duplex
1252 2235 1365 2266 modus
1379 2234 1601 2265 manducandi.
1621 2234 1658 2264 Et
1671 2234 1731 2265 hoc
1745 2233 1790 2264 ul-

1017 2289 1134 2325 timum
1158 2291 1204 2319 est
1218 2291 1246 2318 et
1262 2288 1499 2328 completivum,
1511 2288 1586 2327 quia
1598 2296 1664 2318 una
1675 2296 1725 2318 res
1737 2295 1789 2326 po-

1018 2344 1077 2372 test
1090 2342 1172 2372 sumi
1190 2342 1258 2372 sine
1273 2341 1380 2372 altera.

1016 2440 1064 2458 —³
1080 2440 1086 2462 Ι
1103 2439 1169 2469 Corn,
1187 2445 1221 2469 Χῖ,
1239 2441 1276 2463 29.
1287 2453 1317 2458 —
1332 2441 1340 2454 ⁴
1352 2442 1426 2470 Aug„
1441 2439 1470 2463 dc·
1486 2438 1551 2463 verb.
1571 2439 1642 2462 Dom.
1657 2444 1732 2462 serm.
1749 2441 1784 2464 11.

1016 2475 1047 2499 et.
1069 2481 1139 2504 Lxxi,
1155 2482 1177 2499 c.
1198 2482 1233 2505 xi,
1252 2483 1278 2499 n.
1303 2477 1344 2506 173
1363 2476 1388 2499 in
1411 2476 1480 2499 Joan.
1503 2475 1607 2505 Evanq„
1622 2474 1694 2498 tract.
1713 2476 1783 2497 xxvi.

1016 2517 1041 2534 n.
1058 2512 1141 2540 ΙΙ-13;
1155 2513 1180 2535 et
1194 2511 1301 2536 habetur
1315 2511 1346 2535 de
1359 2511 1482 2542 Consecr„
1497 2511 1554 2535 dist.
1573 2517 1602 2539 tl,
1614 2516 1636 2532 c.
1653 2509 1752 2532 Panem.

1049 2564 1081 2594 (a)
1099 2564 1158 2588 Caec.
1174 2564 1233 2588 edit.
1250 2565 1315 2588 donst
1329 2564 1420 2596 primo.
