2017 2948
120 1894 152 1913 Ad
172 1900 222 1920 opp.

232 118 291 147 684

231 182 396 212 sessionem
413 182 590 217 teneantur;
604 181 633 210 et
643 179 726 218 quod
738 180 792 217 sic,
806 180 930 210 videtur
946 188 1000 219 per

231 233 417 264 decretalem
428 232 466 264 de
478 233 674 264 Poenitenms
685 235 715 263 et
727 232 981 264 Remis-sionibus
989 241 999 262 .-

236 287 366 317 «Omnis
381 286 546 325 utriusque
558 294 653 316 sexus
666 286 767 316 fidelis
779 288 946 324 postquam
961 286 1000 316 ad

231 348 331 370 annos
343 339 539 370 discretionis
553 339 741 379 pervenerit,
753 338 861 369 omnia
876 341 1001 377 peccata

231 401 288 422 sua
303 392 413 422 saltem
424 392 519 422 semel
530 392 561 421 in
572 401 656 421 auno
671 391 802 421 fideliter
815 392 1002 421 confiteatur

231 446 359 485 proprio
376 445 538 475 sacerdoti.
555 456 568 472 >³
594 444 630 474 Et
650 444 734 482 quod
762 443 837 474 illud
858 444 898 473 sit
917 454 953 483 pr
966 461 969 471 ι
984 461 1001 466 -

231 501 357 538 ceptum
370 523 379 536 ,
406 500 489 538 patet
518 498 550 527 iu
576 498 651 534 hoc,
683 497 767 536 quod
797 497 1002 536 subjiingitur

233 554 342 592 gravis
367 562 474 592 poena,
498 551 613 581 scilicet
642 550 726 590 quod
752 551 864 581 vivens
887 552 927 581 ab
947 552 1002 582 in-

232 615 345 645 gressu
362 604 506 635 Ecclesiae
521 606 676 640 arceatur,
702 606 731 633 01
747 604 886 634 moriens
905 605 1003 635 chi-ls-

232 660 318 689 tiana
331 660 434 688 careat
449 657 621 696 sepultura.

273 710 350 739 Item
372 720 378 739 ς
396 708 404 724 ¹
420 709 461 740 Si
475 708 655 740 ἀίω-01110113
671 708 749 747 quia
762 711 925 747 peccalum
940 716 1003 739 non

232 762 397 798 habemus,
413 761 578 792 mendaces
598 769 706 792 ammes
722 763 750 792 et
769 761 807 800 (a)
830 770 887 793 nos
907 762 1002 792 seclu-

232 815 352 852 cz'mus,
368 818 398 846 ec
410 815 530 846 verita-s·
546 815 582 845 in
596 814 687 845 nobis
700 822 763 845 non
779 817 823 846 est
840 824 849 843 :
863 814 1004 853 loquimu-

232 867 269 897 de
290 867 439 897 omnihus
460 867 673 897 communIter
689 877 698 895 .·
721 876 799 905 ergo
820 867 924 897 omnis
948 867 1002 906 qui

233 920 305 950 dicit
318 929 350 950 se
364 929 428 950 11011
442 920 558 950 habere
575 922 753 959 peccatum,
772 922 876 960 peccat
891 922 1005 950 morta-

233 973 302 1003 liter
320 984 326 1001 :
344 982 422 1011 ergo
437 973 568 1012 quilibet
585 975 708 1003 tenetur
725 982 757 1003 se
777 982 1004 1011 recognoscere

232 1027 427 1064 peccatorem
460 1025 633 1055 secundum
667 1026 804 1056 sormam
836 1025 982 1056 Ecclesiae
993 1050 1002 1063 ,

233 1087 305 1117 quae
318 1078 432 1109 tradita
446 1080 492 1108 est
506 1079 722 1118 peccatoribus
734 1087 741 1108 ε
753 1078 805 1108 sed
815 1078 875 1108 1100
890 1080 935 1108 051
950 1087 1005 1117 per

233 1132 460 1162 confessionem
477 1142 483 1161 z
502 1140 599 1169 ergo,
615 1134 673 1162 etc.

274 1184 351 1215 Item
380 1187 575 1224 przeceptum
601 1186 648 1214 est
671 1183 819 1214 omnibus
844 1191 952 1220 orare,
976 1186 1007 1213 et

234 1238 340 1269 nullus
355 1238 529 1269 absolvitur
543 1239 839 1277 quantumcumque
852 1236 1007 1275 perfectus

233 1293 272 1323 ab
282 1292 421 1322 oratione
432 1290 610 1322 dominicali
624 1301 630 1320 :
645 1299 723 1328 ergo
735 1299 845 1320 omnes
858 1291 1006 1319 tenentur

233 1345 334 1375 dicere
349 1345 360 1362 ²
379 1355 384 1374 :
404 1344 536 1375 Dimitte
556 1343 646 1374 nobis
669 1343 777 1374 debita
795 1344 930 1375 nostra:
953 1342 1007 1372 sed

234 1397 385 1428 Dominus
410 1406 475 1427 1100
496 1399 622 1427 tantum
647 1396 823 1426 orationem
844 1395 978 1425 instituit
997 1419 1004 1433 ,

234 1451 298 1481 imo
313 1451 408 1481 etiam
422 1450 654 1480 consessionem
667 1460 673 1479 z
686 1449 741 1479 sed
755 1449 855 1479 oratio
869 1450 914 1479 est
926 1458 1008 1488 opus

234 1503 487 1540 satisfactorium,
499 1505 529 1533 et
538 1502 756 1542 praesupponit
765 1502 1005 1532 consessionem:

234 1565 330 1595 ergo,
347 1558 406 1586 etc.

275 1609 370 1646 Item,
389 1611 683 1648 quantumcumque
699 1607 812 1647 aliquis
827 1607 867 1637 sit
881 1609 1009 1637 sanctus

235 1666 265 1694 et
276 1666 392 1703 justus,
409 1664 435 1693 si
448 1665 558 1703 potens
572 1665 618 1693 est
634 1671 776 1702 corpore,
794 1664 919 1692 tenetur
934 1671 1010 1701 qua-

235 1717 449 1755 dragesimam
463 1717 627 1756 Jejunare,
648 1724 706 1745 000
721 1717 848 1755 propter
869 1715 1009 1754 aliquam

235 1771 434 1801 sanctitatem
457 1770 632 1801 absolvitur
653 1770 692 1800 ab
716 1769 861 1800 Ecclesiae
887 1769 1010 1799 institu-

237 1824 320 1854 tione
338 1835 344 1854 z
363 1833 442 1862 ergo
457 1823 525 1863 pari
540 1823 660 1853 ratione
676 1832 733 1853 1100
746 1832 764 1853 a
779 1822 982 1853 consessione.

278 1877 390 1908 Contra
409 1888 415 1907 ε
433 1879 461 1907 1.
486 1876 689 1915 Augustinus
711 1876 802 1913 dicit,
827 1878 857 1905 et
875 1875 1010 1906 habetur

238 1930 434 1961 distinctione
456 1929 645 1968 praecedenti
663 1940 669 1959 :
698 1940 712 1956 «
727 1928 915 1959 Poenitentia
934 1937 1010 1968 per-

238 1984 316 2014 fecta
330 1983 369 2013 ad
384 1983 531 2022 baptismi
545 1982 716 2022 puritatem
732 1983 864 2012 conatur
878 1982 1010 2012 reduce—

213 2072 215 2074 ,
239 2046 273 2066 re
290 2047 296 2066 :
310 2048 323 2065 »
343 2036 396 2066 sed
411 2035 559 2075 possibile
572 2037 618 2066 est
627 2035 767 2074 aliquem
781 2043 891 2066 veram
907 2035 1012 2074 poeni-

240 2089 370 2120 tentiam
384 2089 535 2128 perficere
551 2097 607 2127 pro
622 2090 748 2127 peccato
773 2099 779 2117 :
808 2096 886 2126 ergo
909 2087 1010 2126 possi-

241 2143 302 2173 bile
317 2144 362 2172 est
376 2142 479 2172 redire
489 2141 527 2171 ad
542 2141 757 2171 innocentiam
768 2140 1010 2180 baptismalem:

241 2194 294 2225 sed
323 2194 442 2224 habens
465 2194 677 2224 innocentiam
700 2193 920 2233 baptismalem
948 2201 1013 2222 non

242 2249 365 2278 tenetur
380 2247 538 2285 confiteri,
555 2246 630 2286 quia
645 2255 744 2286 purus
760 2248 805 2276 est
825 2255 832 2276 :
856 2254 934 2285 ergo
950 2254 1014 2276 non

243 2300 366 2331 videtur
398 2300 482 2340 quod
513 2309 623 2331 omnes
649 2299 688 2330 ad
716 2299 944 2329 confessionem
968 2300 1013 2328 te-

243 2355 390 2384 neantur.

282 2407 312 2437 2.
329 2407 407 2437 Item
422 2406 591 2443 confessio,
614 2407 644 2436 et
662 2407 895 2436 sacramentum
911 2405 1016 2445 poeni-

243 2459 349 2490 tentiae
364 2461 409 2489 est
425 2458 607 2490 institutum
622 2460 749 2499 propter
763 2458 838 2496 1100,
857 2460 893 2488 01
906 2457 1016 2488 recidi-

278 2541 284 2557 ¹
298 2539 400 2569 1.loan.,
415 2546 433 2569 1,
447 2541 468 2562 8.
480 2552 511 2556 —
527 2539 535 2553 ²
551 2538 650 2566 Μαίνῃ,
667 2545 700 2568 Vl,
718 2540 754 2563 42.
771 2538 820 2556 —⁸
837 2538 962 2568 Rom.,in‚
978 2539 1015 2562 23.

248 2589 274 2592 —
287 2575 297 2592 ⁸
307 2574 399 2605 Eccle„
414 2580 461 2606 vu,
475 2576 513 2600 24.

789 109 1096 145 SENTENTIARUM
1120 114 1194 145 LIB.
1222 115 1271 145 IV.

1055 183 1166 212 vantes
1187 183 1256 221 post
1280 182 1473 222 baptismum
1495 183 1614 222 possint
1633 190 1801 221 resurgere
1819 194 1826 215 ε

1054 243 1087 264 50
1100 234 1106 263 1
1121 235 1266 274 possibile
1277 238 1322 265 est
1334 236 1418 274 quod
1432 236 1546 275 aliquis
1559 237 1724 266 conservet
1738 235 1827 267 inno-

1055 287 1190 318 centiam
1201 289 1418 328 baptismalem
1432 299 1438 318 :
1453 298 1530 328 ergo
1546 289 1617 320 talis
1627 298 1690 320 non
1703 291 1829 321 tenetur

1056 342 1212 371 confiteri.

1097 398 1124 426 3.
1143 394 1220 425 Item
1236 395 1382 434 possibile
1398 398 1444 425 est
1459 395 1492 425 in
1508 395 1616 426 multis
1628 420 1635 432 ,
1660 396 1745 436 quod
1766 405 1831 428 non

1055 446 1192 476 habeant
1206 446 1266 475 nisi
1290 447 1424 476 venialia
1441 458 1448 477 ε
1465 447 1519 477 5011
1536 446 1670 477 venialia
1695 456 1762 477 non
1783 449 1829 478 te-

1057 501 1150 529 netur
1166 499 1306 529 confiteri
1323 499 1437 536 homo,
1454 499 1530 539 quia
1545 499 1577 529 in
1596 499 1658 530 illis
1680 499 1832 531 decedens

1057 553 1157 591 potest
1186 552 1299 582 salvari
1320 576 1328 589 ‚
1352 555 1382 582 et
1403 552 1468 582 sola
1493 553 1678 583 contritione
1698 554 1832 592 possunt

1057 605 1153 635 deleri
1168 616 1174 635 :
1186 614 1264 643 ergo
1275 605 1344 634 talis
1356 614 1419 635 non
1432 607 1558 635 tenetur
1568 605 1720 643 confiteri,
1735 614 1834 645 quan-

1058 658 1111 688 diu
1132 658 1166 687 in
1180 657 1235 687 tali
1250 660 1333 687 statu
1349 657 1500 688 consistit.

1098 713 1126 740 t.
1146 710 1224 741 item
1247 711 1395 750 possibile
1414 712 1460 741 est
1481 711 1564 750 quod
1587 711 1702 751 aliquis
1721 712 1764 742 ita
1787 712 1835 742 in-

1058 766 1163 794 tentus
1177 764 1217 793 sit
1232 763 1314 793 circa
1336 766 1470 801 aeterna,
1497 766 1532 794 ut
1553 773 1619 794 non
1644 764 1759 795 habeat
1781 773 1832 795 re-

1060 826 1200 847 niorsum
1214 817 1252 847 110
1267 816 1375 856 aliqua
1393 816 1486 856 culpa
1504 827 1510 847 :
1530 818 1585 846 aut
1601 825 1680 856 ergo
1695 816 1765 847 talis
1788 819 1835 848 te-

1058 872 1153 900 netur
1169 870 1327 907 confiteri,
1343 872 1398 900 aut
1413 879 1476 900 non
1495 879 1502 899 ε
1519 870 1543 899 si
1568 878 1632 900 non
1643 894 1651 908 ‚
1674 871 1749 900 tunc
1767 878 1832 900 non

1059 931 1170 953 omnes
1184 922 1385 961 obligantur;
1409 923 1434 952 si
1450 924 1585 960 tenetur,
1611 925 1641 953 et
1659 931 1724 953 non
1739 922 1835 953 habet

1059 975 1281 1006 conscientiam
1309 976 1444 1014 pcccati,
1470 977 1595 1005 tenetur
1620 975 1659 1006 ad
1681 975 1834 1006 confiten-

1059 1028 1146 1064 dum,
1161 1029 1227 1059 sive
1237 1029 1277 1059 ad
1291 1028 1459 1058 dicendum
1472 1031 1581 1059 contra
1591 1028 1830 1066 conscientiam,

1059 1084 1090 1112 et
1104 1081 1147 1111 ita
1167 1081 1294 1111 mentiri
1315 1092 1320 1111 :
1341 1081 1423 1120 quod
1439 1081 1525 1111 nefas
1545 1083 1593 1111 est
1611 1081 1714 1112 dicere
1731 1091 1738 1111 t
1755 1089 1834 1120 ergo

1060 1143 1123 1164 non
1139 1143 1249 1164 omnes
1263 1133 1458 1172 obligantur.

1337 1247 1562 1278 CONCLUSIO.

1067 1335 1158 1362 Omnes
1176 1338 1231 1362 tam
1247 1336 1309 1362 bom*
1323 1343 1402 1369 quam
1416 1336 1484 1362 mali
1494 1336 1572 1362 semel
1588 1337 1618 1362 in
1633 1342 1703 1362 auno
1717 1337 1838 1362 tenentur

1099 1380 1218 1412 confiteri
1227 1401 1235 1413 ,
1251 1382 1306 1406 tum
1327 1388 1359 1406 ez·
1381 1382 1511 1415 praecepto
1524 1381 1621 1414 prt'mae
1637 1381 1835 1412 institutionis,

1099 1426 1153 1450 tum
1179 1432 1211 1451 cst>
1231 1424 1406 1459 superaddito
1427 1424 1554 1451 mandato
1580 1426 1610 1452 in
1632 1424 1751 1458 qene-rah·
1774 1431 1838 1451 con-

1099 1469 1171 1495 cilio.

1104 1556 1195 1595 Resp.
1211 1556 1251 1585 ad
1273 1565 1344 1595 arg.
1371 1555 1545 1586 Dicendum
1566 1556 1651 1595 quod
1675 1555 1776 1586 teneri
1799 1555 1838 1586 ad

1065 1608 1290 1639 confessionem
1307 1611 1507 1647 peccatorum
1523 1610 1568 1638 est
1585 1608 1762 1648 dupliciter,
1780 1608 1838 1638 sci—

1065 1661 1131 1691 licet
1150 1670 1190 1691 ex
1207 1661 1401 1691 institutione
1417 1661 1530 1700 prima,
1547 1661 1622 1700 quia
1636 1661 1778 1691 instituta
1792 1663 1839 1692 est

1065 1715 1125 1744 sub
1140 1717 1297 1753 praecepto
1307 1738 1315 1751 ,
1333 1714 1384 1744 vel
1400 1724 1440 1744 ex
1455 1714 1678 1745 constitutione
1693 1714 1839 1754 superad-

1066 1768 1139 1798 dita.
1158 1767 1304 1797 Primum
1318 1768 1512 1806 praeceptum
1524 1767 1633 1797 datum
1642 1767 1702 1797 suit
1713 1767 1752 1797 ab
1767 1775 1839 1806 apo-

1066 1820 1153 1851 stolis
1166 1844 1173 1856 ‚
1199 1822 1229 1850 et
1246 1820 1417 1858 vulgatum
1442 1820 1501 1851 fuit
1523 1829 1542 1850 a
1563 1820 1678 1851 ι11100110
1696 1820 1841 1860 episcopo

1067 1873 1371 1913 Hierosolymitano3
1401 1873 1575 1903 secundum
1597 1882 1616 1903 a
1641 1873 1783 1912 patribus
1809 1873 1842 1904 in

1067 1926 1208 1966 generali
1224 1926 1372 1963 Concilio,
1390 1928 1420 1956 et
1436 1925 1610 1964 vulgatum
1624 1925 1683 1956 fuit
1697 1926 1737 1956 ab
1753 1925 1843 1956 Inno-

1068 1980 1170 2010 centio
1186 1979 1238 2009 lII.
1255 1979 1385 2010 Ratione
1401 1979 1496 2018 primi
1511 1979 1652 2009 mandati
1666 1979 1842 2009 institutio-

1068 2033 1129 2070 nis,
1140 2033 1292 2072 quoniam
1304 2032 1447 2062 instituta
1457 2034 1502 2062 est
1513 2032 1630 2062 directe
1640 2034 1748 2062 contra
1760 2040 1843 2062 mor-

1069 2086 1145 2123 tale,
1167 2086 1355 2116 tenebantur
1375 2094 1486 2116 omnes
1509 2085 1667 2123 confiteri,
1694 2085 1750 2125 qui
1772 2087 1841 2124 post

1069 2138 1263 2178 baptismum
1282 2140 1488 2177 peccaverant
1509 2137 1701 2175 mortalitem
1720 2137 1843 2168 ratione

1070 2200 1147 2222 vero
1166 2191 1311 2221 5000011εο
1334 2190 1541 2221 1051110110015
1563 2192 1712 2221 tenentur
1732 2199 1843 2221 omnes

2000 892 2015 957 ’ὒν

1071 2244 1181 2275 saltem
1194 2244 1232 2274 ad
1246 2243 1344 2274 semel
1358 2243 1392 2273 in
1407 2252 1501 2273 anno.
1520 2242 1608 2274 Ratio
1624 2245 1730 2274 autem
1745 2243 1843 2283 huJus
1859 2261 1920 2282 Μὴ,
1933 2260 1962 2280 ,·,,.

1072 2297 1278 2327 institutionis
1293 2296 1408 2336 triplex
1420 2298 1476 2326 est.
1495 2295 1602 2326 Prima
1616 2298 1662 2326 est
1677 2296 1841 2327 universa-

1866 2291 1954 2313 stitutio·

1871 2322 1903 2343 nis
1913 2321 1948 2342 iri·

1072 2349 1108 2380 lis
1122 2349 1299 2389 indigentia
1314 2352 1324 2368 ³
1341 2360 1348 2380 ε
1368 2349 1481 2380 Omnes
1505 2350 1590 2381 enim
1612 2352 1842 2388 peccaverunt,
1859 2353 1914 2381 pm·

1073 2408 1103 2435 et
1122 2405 1209 2443 egent
1223 2402 1326 2442 ,qtorz‘a
1343 2403 1400 2434 Dei
1410 2413 1422 2441 ,·
1437 2403 1447 2418 ⁴
1470 2402 1541 2434 Non
1556 2405 1602 2434 est
1620 2403 1706 2434 enim
1722 2403 1778 2441 qui
1793 2403 1844 2440 fa-

1073 2456 1139 2488 ciat
1154 2455 1286 2494 bonum,
1302 2458 1331 2487 et
1344 2463 1408 2487 non
1420 2458 1535 2495 peccet.
1553 2455 1625 2486 Ideo
1640 2455 1740 2486 Deum
1754 2455 1844 2486 dehet

1073 2509 1205 2548 quilibet
1215 2508 1394 2547 glorificare
1403 2509 1580 2540 confitendo
1592 2517 1625 2539 se
1636 2509 1840 2548 peecatorem.

1106 2572 1137 2600 (a)
1154 2571 1229 2601 Vulg.
1245 2577 1292 2595 non
1306 2570 1435 2601 habemus,
1450 2571 1507 2601 ipsi.
