2017 2948
777 165 964 197 DISTINCT.
989 165 1104 197 XXXV.

149 238 260 260 sumus
273 231 307 261 in
321 233 404 263 statu
421 233 481 264 viae
494 244 502 271 ;
517 236 547 264 et
561 242 619 273 pro
635 235 724 264 tanto
738 234 867 273 ponitur
881 233 915 262 in

148 282 333 316 diffinitione
350 286 524 325 sapientiae.

462 405 530 426 DUB.
555 405 589 426 11.

347 478 411 502 Huic
425 479 537 503 scientiae
551 480 636 504 tribuo
646 498 654 510 ,
670 482 717 504 etc.

184 552 314 583 Videtur
327 553 440 584 falsum
455 555 568 591 dicere,
585 555 660 594 quia
684 564 757 586 cum
779 555 852 585 dicit
875 556 913 584 fi-

143 604 215 635 dem
226 607 372 644 generari
380 616 419 637 ex
428 607 568 644 scientia,
584 610 639 638 aut
651 608 801 647 intelligit
814 617 913 647 quan-

143 659 212 688 tum
234 658 271 689 ad
294 659 451 698 habitum,
475 663 529 691 aut
550 663 706 700 quantum
726 661 764 691 ad
779 663 886 691 actum
906 673 911 692 :

144 713 299 750 quantum
316 712 355 742 ad
369 713 514 743 habitum
538 722 603 743 non
625 714 719 744 habet
734 713 912 752 veritatem,

144 764 218 803 quia
233 764 359 794 habitus
384 765 456 795 fidei
474 775 537 796 non
554 769 726 805 generatur
741 776 780 797 ex
803 767 913 797 habitu

144 817 293 855 scientiae;
310 821 466 858 quantum
490 819 529 849 ad
544 822 648 849 actum
671 829 745 857 non,
767 820 842 858 quia
861 829 911 850 ac-

145 871 196 899 tus
222 870 296 900 fidei
325 871 471 910 praecedit
492 874 599 901 actum
626 872 766 902 scientiae
800 881 806 902 :
837 882 914 911 ergo

144 922 233 953 nullo
248 923 340 954 modo
363 923 457 954 habet
477 924 654 954 veritatem.
684 923 762 955 Item
786 925 915 955 semma

144 977 289 1005 versatur
303 976 385 1006 circa
407 976 592 1016 temporalia
610 988 616 1006 ε
642 977 718 1007 fides
738 980 843 1007 autem
869 981 915 1009 est

145 1028 184 1058 de
211 1029 339 1058 aeteruis
373 1040 379 1059 :
410 1038 488 1067 ergo
517 1029 643 1059 videtur
674 1030 758 1069 quod
793 1030 912 1061 donum

145 1081 283 1112 scientiae
298 1081 377 1111 nihil
396 1082 487 1111 saciat
511 1082 548 1112 ad
569 1083 669 1121 ipsam
694 1083 801 1113 fidem.
819 1083 915 1114 Juxta

145 1134 205 1164 hoc
223 1135 316 1164 etiam
344 1135 500 1174 quaeritur
522 1135 560 1165 de
583 1135 764 1166 diversitate
785 1136 914 1167 illorum

145 1188 283 1226 quatuor
298 1189 439 1225 actuum,
457 1197 537 1227 quos
551 1191 729 1219 enumerat.

186 1239 278 1280 Resp.
295 1239 468 1271 Dicendum
491 1241 588 1281 quod,
613 1241 684 1272 licet
707 1242 784 1271 fides
801 1242 914 1272 habeat

144 1293 246 1333 ipsam
257 1303 417 1325 summam
432 1295 597 1325 veritatem
608 1304 665 1334 pro
680 1295 845 1334 principali
864 1295 916 1325 oh-

142 1348 245 1386 jecto,
277 1348 329 1378 cui
351 1349 447 1379 credit
468 1351 498 1379 et
524 1349 669 1386 assentit;
702 1349 778 1379 iilud
807 1351 913 1379 tamen

147 1401 229 1440 quod
246 1401 355 1439 credit,
368 1401 453 1431 videt
476 1410 531 1440 per
548 1402 711 1441 speculum
731 1404 886 1432 creaturae
907 1413 912 1432 :

147 1456 328 1494 propterea,
352 1455 410 1484 etsi
429 1454 594 1494 speculum
613 1457 766 1484 creaturae
789 1463 853 1484 non
877 1455 916 1484 sit

146 1507 215 1546 ejus
239 1507 410 1547 principale
436 1508 615 1546 objectum,
640 1508 780 1546 cognitio
804 1510 911 1537 tamen

146 1562 339 1591 aeternoruxn
361 1561 395 1591 in
418 1561 560 1600 subjecta
583 1563 739 1597 creatura,
763 1563 792 1591 et
819 1570 913 1590 mun-

145 1613 237 1644 danae
255 1616 424 1652 creaturae,
451 1617 481 1644 et
504 1614 716 1652 intelligentia
741 1614 913 1653 Scripturae

146 1666 320 1706 plurimum
336 1667 454 1697 confert
477 1666 515 1697 ad
530 1667 630 1706 ipsius
651 1667 722 1697 fidei
739 1667 915 1706 promotio—

146 1729 231 1758 nem,
248 1720 357 1750 sivein
371 1720 443 1758 alio,
461 1720 529 1750 sive
550 1720 582 1749 in
598 1729 630 1749 se
647 1731 653 1750 :
676 1720 709 1749 in
725 1729 757 1749 se
773 1720 913 1759 quidem,

146 1775 304 1812 quantum
320 1773 358 1803 ad
376 1773 568 1812 profectum3
586 1773 620 1802 in
633 1772 702 1802 aliis
716 1775 834 1810 autem,
851 1782 913 1802 non

146 1825 250 1855 solum
274 1828 429 1865 quantum
457 1826 496 1855 ad
525 1826 711 1865 profectum,
734 1826 787 1855 sed
819 1826 914 1855 etiam

147 1881 304 1918 quantum
334 1879 371 1909 ad
401 1879 634 1909 inchoationem
667 1890 672 1908 z
705 1879 801 1908 homo
830 1879 914 1908 enim

148 1940 276 1970 magnae
291 1932 429 1962 scientiae
445 1934 475 1962 et
495 1931 681 1961 litteraturae
701 1931 823 1961 facilius
843 1940 913 1970 pcr-

147 1984 267 2022 suadet,
278 1986 308 2014 et
320 1984 433 2014 melius
443 1984 570 2014 instruit
578 1984 741 2014 venientes
752 1984 790 2014 ad
806 1984 912 2022 tidem,

147 2046 242 2077 quam
258 2037 423 2076 ignorans,
440 2037 520 2067 sicut
543 2037 580 2067 de
596 2037 686 2067 beato
702 2036 799 2067 Paulo
811 2037 913 2066 mani-

147 2090 260 2120 festum
276 2092 332 2120 est.
350 2089 437 2120 Unde
458 2090 533 2129 quia
554 2090 682 2120 scientia
709 2090 765 2120 ista
779 2090 861 2121 valet
876 2091 915 2121 ad

148 2143 219 2174 fidei
233 2143 493 2174 introductionem
507 2167 514 2181 ,
538 2146 568 2173 et
582 2143 768 2174 introductae
783 2153 916 2183 provec-

148 2196 277 2234 tionem,
291 2199 321 2227 et
337 2199 491 2236 provectae
503 2196 727 2233 defensionem,
742 2199 771 2227 et
780 2197 914 2231 defensae

148 2251 419 2281 confirmationem
432 2261 439 2287 ;
455 2251 530 2280 hinc
544 2252 589 2280 est
606 2250 690 2289 quod
705 2252 842 2289 quatuor
863 2261 915 2281 ac-

147 2306 198 2334 tus
216 2303 356 2342 assignat
372 2303 400 2333 ei
419 2303 621 2341 Augustinus
647 2307 790 2343 respectu
814 2303 915 2343 ipsius

148 2356 233 2394 fidei,
245 2356 351 2386 diceus
363 2359 370 2375 ¹
383 2356 466 2396 quod
479 2365 534 2395 per
549 2356 669 2386 donum
684 2356 824 2387 scientim
839 2357 916 2387 tides

148 2409 356 2440 saluberrima
372 2408 517 2447 gignitur
529 2432 537 2446 ,
558 2409 716 2446 nutritur,
738 2409 916 2439 defenditur

149 2465 179 2493 et
193 2462 362 2493 roboratur
375 2471 382 2499 ;
400 2461 441 2491 ita
456 2461 539 2500 quod
551 2461 674 2501 primus
688 2464 775 2492 actus
789 2462 917 2501 respicit

149 2515 354 2555 incipientcs;
378 2514 440 2544 duo
456 2514 632 2544 intermedii
653 2514 850 2554 proficientes
867 2525 914 2545 se-

150 2568 290 2599 cundum
309 2575 515 2608 progressum
528 2566 563 2597 iu
577 2566 671 2604 bono,
685 2569 715 2598 et
730 2576 915 2607 repugnan-

184 2631 280 2663 Ἀιις.1
289 2630 318 2655 de
331 2631 429 2659 Trinil„
445 2630 488 2654 lib.
507 2629 574 2660 mv,
586 2635 609 2653 c.
625 2635 644 2659 1,
659 2635 685 2654 n.
702 2630 725 2653 3.

1680 173 1737 202 109

971 233 1046 262 tiam
1063 233 1101 271 (a)
1120 236 1228 263 contra
1248 234 1385 272 malum;
1403 238 1535 274 quartus
1555 238 1586 267 et
1606 236 1738 267 ultimus

965 286 1035 324 Jam
1050 286 1213 324 perfectos.
1229 286 1276 317 Ad
1292 286 1371 318 illud
1387 297 1464 327 ergo
1489 289 1574 328 quod
1589 290 1739 329 objicitur

970 338 1003 368 in
1025 339 1237 376 contrarium,
1253 340 1339 379 quod
1364 340 1494 371 scientia
1521 351 1586 372 non
1608 344 1740 381 generat

970 390 1077 428 fidem,
1092 400 1148 421 nec
1161 395 1319 431 quantum
1336 393 1376 424 ad
1390 393 1547 431 habitum,
1565 403 1623 424 nec
1637 404 1738 434 quan-

970 445 1039 473 tum
1056 443 1094 473 ad
1109 446 1227 481 actum,
1239 445 1407 476 dicendum
1423 446 1507 486 quod
1521 446 1603 484 im0;
1620 447 1674 478 sed
1688 456 1741 486 ge-

970 497 1075 527 nerari
1099 497 1239 537 aliquem
1263 499 1408 529 habitum
1432 500 1471 529 ab
1492 499 1553 530 alio
1574 501 1675 539 potest
1691 500 1738 530 in-

970 550 1069 589 telligi
1085 551 1252 591 dupliciter
1269 552 1339 583 :vel
1355 554 1499 591 respectu
1509 552 1651 591 ejusdem
1666 552 1739 583 sub-

965 604 1051 643 Jecti,
1068 605 1118 635 vel
1134 607 1279 645 respectu
1293 606 1431 636 alterius.
1447 605 1485 636 Et
1498 608 1643 645 respectu
1659 605 1739 636 alte-

970 657 1037 687 rius
1049 657 1230 697 dupliciter:
1243 658 1295 689 vel
1309 659 1462 696 effective,
1483 659 1535 689 vel
1547 658 1740 698 dispositive.

971 709 1048 739 Cum
1064 719 1142 749 ergo
1158 711 1271 742 dicitur
1294 712 1378 751 quod
1405 711 1534 742 scientia
1554 713 1687 750 generat
1703 712 1743 740 fi-

971 762 1052 800 dem,
1069 763 1129 793 hoc
1144 773 1208 794 non
1231 764 1420 804 intelligitur
1441 766 1584 804 respectu
1599 765 1741 804 eiusdem

970 816 1111 854 subjecti,
1128 817 1181 847 sed
1198 820 1341 856 respectu
1367 818 1514 855 alterius3
1536 827 1594 847 nec
1622 817 1739 847 intelli-

971 869 1060 907 gitur
1071 869 1225 906 effective‚
1235 870 1289 900 sed
1300 870 1493 909 dispositive.
1504 870 1552 900 Ad
1566 870 1643 900 illud
1656 870 1741 909 quod

971 922 1128 961 objicitur,
1146 923 1228 962 quod
1245 923 1321 953 tides
1337 925 1382 952 est
1404 923 1441 953 de
1457 923 1595 959 aeternis,
1613 923 1741 953 scientia

970 975 1008 1004 de
1024 976 1260 1015 temporalihuS,
1277 976 1446 1006 dicendum
1467 977 1553 1016 quod
1578 976 1656 1006 illud
1677 985 1742 1006 non

970 1028 1066 1066 cogit,
1082 1029 1157 1068 quia
1171 1029 1356 1069 temporalia
1373 1029 1452 1059 bene
1468 1029 1689 1060 mauuducunt
1703 1030 1742 1059 ad

972 1083 1102 1119 aeterna,
1119 1082 1274 1121 quamdiu
1289 1091 1400 1113 sumus
1415 1083 1447 1112 in
1463 1082 1525 1113 via.

1288 1191 1356 1213 DUB.
1374 1192 1419 1212 111.

1154 1263 1263 1288 seientia
1278 1270 1339 1287 vero
1353 1263 1480 1287 abstinere
1490 1281 1496 1292 ,
1513 1265 1561 1288 etc.

1011 1337 1140 1368 Videtur
1162 1339 1275 1376 falsum
1301 1338 1418 1376 dicere,
1446 1339 1521 1378 qnia
1541 1338 1740 1369 diversorum

971 1391 1128 1421 donorum
1143 1392 1258 1422 diversi
1274 1394 1349 1422 sunt
1365 1394 1454 1422 actus
1477 1403 1483 1421 :
1502 1401 1574 1422 cum
1590 1401 1668 1431 ergo
1682 1392 1742 1422 hoc

971 1444 1010 1473 sit
1025 1444 1144 1474 donum
1160 1445 1292 1481 timoris,
1310 1454 1375 1475 non
1390 1445 1516 1475 videtur
1530 1445 1615 1484 quod
1636 1445 1675 1474 sit
1690 1445 1742 1484 ip-

971 1497 1036 1527 sius
1047 1497 1198 1528 scientiae.
1215 1498 1293 1528 Item
1304 1498 1462 1528 abstinere
1475 1507 1493 1527 a
1508 1498 1599 1527 malis
1615 1498 1742 1536 respicit

972 1549 1122 1580 affectum
1140 1560 1147 1580 ε
1166 1551 1219 1580 sed
1234 1551 1363 1580 scientia
1380 1550 1505 1589 respicit
1519 1550 1712 1581 intellectum
1730 1561 1736 1580 :

971 1611 1050 1641 ergo
1063 1603 1221 1633 abstinere
1235 1612 1254 1633 a
1271 1603 1363 1633 malis
1376 1612 1440 1633 non
1458 1605 1504 1633 est
1524 1604 1612 1632 actus
1628 1603 1738 1642 ipsius.

970 1655 1066 1686 Juxta
1078 1657 1138 1687 hoc
1149 1657 1316 1696 quaeritur,
1330 1665 1402 1686 cum
1417 1655 1547 1686 scientia
1561 1658 1625 1686 non
1638 1656 1741 1686 solum

971 1710 1010 1740 sit
1023 1710 1062 1740 ad
1077 1710 1299 1740 declinandum
1319 1719 1337 1740 a
1355 1710 1449 1746 malo,
1465 1709 1517 1739 sed
1533 1709 1628 1739 etiam
1641 1709 1680 1739 ad
1694 1710 1742 1739 fu-

971 1763 1120 1793 ciendnm
1135 1763 1269 1800 bonum,
1282 1765 1410 1802 propter
1424 1762 1502 1802 quid
1516 1762 1620 1801 magis
1630 1762 1742 1792 descri-

971 1816 1056 1845 bitur
1076 1825 1131 1855 per
1153 1819 1259 1846 actum
1283 1815 1461 1846 declinandi
1483 1825 1502 1845 a
1525 1815 1626 1853 malis,
1643 1824 1740 1854 quam

972 1878 1028 1907 per
1042 1872 1148 1899 actum
1162 1869 1332 1899 exercendi
1347 1869 1381 1898 in
1396 1869 1498 1898 bonis.

1013 1921 1103 1961 Resp.
1130 1922 1303 1951 Dicendum
1328 1921 1431 1960 quod,
1454 1920 1628 1951 secundum
1655 1922 1740 1961 quod

973 1974 1122 2013 Magister
1136 1975 1265 2014 exponit
1280 1975 1312 2004 in
1328 1974 1441 2012 littera,
1463 1974 1618 2004 abstinere
1632 1984 1651 2004 a
1673 1984 1740 2005 ma-

972 2027 1009 2056 lis
1022 2036 1087 2057 non
1099 2028 1203 2058 solum
1224 2027 1415 2066 intelligitur
1437 2027 1592 2066 privative
1609 2037 1672 2058 non
1694 2028 1741 2058 fa-

972 2089 1042 2111 cere
1057 2081 1195 2118 malum,
1212 2080 1266 2111 sed
1278 2090 1298 2110 a
1319 2080 1410 2110 malis
1425 2080 1594 2117 abstinere,
1617 2081 1675 2111 hoc
1697 2084 1743 2111 est

972 2134 1143 2173 prudenter
1177 2134 1357 2165 conversari
1397 2134 1431 2164 in
1467 2134 1570 2164 medio
1606 2135 1742 2165 nationis

973 2196 1079 2226 pravae
1101 2189 1132 2217 et
1155 2196 1325 2226 perversae.
1352 2187 1440 2217 Unde
1464 2187 1574 2224 aliter,
1600 2189 1630 2217 et
1651 2187 1742 2218 aliter

972 2240 1155 2270 ahstinerea
1165 2239 1266 2277 malis,
1280 2242 1325 2270 est
1340 2240 1439 2279 ipsius
1450 2239 1584 2277 timoris,
1603 2242 1634 2270 et
1644 2240 1742 2279 ipsius

973 2293 1129 2323 scientiae:
1148 2293 1242 2323 timor
1260 2293 1346 2323 enim
1360 2293 1504 2333 reprimit
1526 2292 1675 2323 interiora
1690 2293 1742 2323 in·-

973 2347 1096 2376 centiva
1108 2357 1115 2384 3
1126 2346 1257 2376 scientia
1273 2356 1350 2377 vero
1361 2347 1451 2376 docet
1467 2355 1644 2385 praecavere
1659 2348 1744 2376 exle-

973 2399 1056 2429 riora
1071 2399 1224 2438 pericula,
1236 2402 1267 2429 et
1281 2399 1470 2437 occasiones,
1489 2402 1520 2429 et
1529 2408 1566 2429 ea
1580 2408 1653 2438 quae
1668 2400 1743 2429 suut

973 2452 1011 2482 ad
1024 2451 1145 2482 malum
1159 2452 1353 2489 inclinantia,
1373 2453 1405 2481 in
1429 2452 1546 2491 quibus
1565 2460 1683 2490 magna
1697 2453 1743 2482 est

975 2505 1153 2536 difficultas
1171 2505 1206 2535 Et
1223 2514 1279 2545 per
1294 2505 1354 2535 hoc
1368 2507 1451 2544 patet
1462 2505 1622 2543 responsio
1638 2504 1676 2534 ad
1690 2505 1742 2535 ob-

971 2557 1066 2595 jecta,
1085 2556 1237 2596 quoniam
1257 2556 1413 2585 abstinere
1431 2564 1449 2584 a
1473 2555 1564 2584 malis
1587 2555 1676 2585 aliter
1696 2557 1742 2585 est

1005 2619 1035 2648 (α)
1052 2618 1121 2642 Edit.
1144 2618 1199 2641 i'en.
1215 2617 1390 2648 repugnantia3
1407 2616 1476 2640 Edit.
1497 2616 1573 2640 ratic.
1590 2623 1740 2647 repuguaui.
