2017 2948
168 126 227 155 218

167 191 229 227 hil,
247 192 315 230 post
330 190 429 221 Deum
445 192 475 221 et
491 191 596 230 ipsum
611 190 773 226 animum,
797 192 844 219 est
863 189 941 219 adeo

168 243 367 282 diligendum
383 243 463 274 sicut
480 244 617 283 proximi
636 243 720 273 salus
738 254 744 273 :
771 252 844 273 cum
861 250 940 279 crgo

169 296 332 327 idololatra
343 297 431 335 jurat
446 299 554 327 contra
569 297 701 327 salutem
718 296 834 326 animae
857 303 939 331 suae,

172 350 297 381 videtur
311 350 394 389 quod
409 350 553 380 ordinem
576 349 738 380 charitatis
761 350 938 388 pervertat,

171 403 225 443 qui
242 404 279 441 (a)
295 402 514 442 juramentum
531 403 640 442 recipit
658 412 714 441 pro
729 402 835 441 aliquo
855 410 940 431 com-

174 456 267 487 niodo
281 456 444 496 temporali
458 468 464 486 ε
481 457 535 486 sed
552 456 694 485 nonlicet
707 455 852 485 ordinem
869 455 942 485 cha-

173 509 273 539 rltatis
292 510 471 548 pervertere
489 519 495 538 :
522 517 584 547 ego
605 517 670 537 non
688 508 759 538 licet
780 508 819 537 ab
846 507 942 538 idolo-

170 562 258 592 latris
269 561 452 601 jurantibus
470 570 526 600 per
548 561 631 591 idola
647 562 658 600 j
665 563 870 591 uramentum
890 570 940 591 re-

171 615 286 655 cipere.

212 671 241 699 4.
260 668 336 698 Item
351 667 471 697 idolum
487 667 566 697 nihil
581 670 628 697 est
648 668 681 697 in
704 667 844 697 mundo:
863 676 942 706 crgo

171 722 248 752 fides
265 721 297 750 in
315 720 350 760 (b)
375 720 458 750 idolo
481 720 568 750 nulla
590 722 652 756 est;
679 720 731 750 sed
755 720 838 759 quod
863 719 943 749 nihil

172 774 368 812 liabett'idei,
391 783 455 803 non
480 775 581 812 potest
602 773 747 812 praebere
772 774 941 803 confirma-

172 827 292 857 tionem
312 826 493 857 sermonis:
520 836 593 856 cum
620 836 700 865 ergo
719 828 944 865 ¹juramentum

173 890 228 919 per
243 880 362 910 idolum
384 879 474 910 saciat
495 880 599 918 potius
615 880 653 909 ad
670 879 741 909 fidei
759 880 944 909 subversio-

173 943 245 964 nem
255 957 262 969 ,
280 943 376 973 quam
393 934 432 963 ad
445 933 685 963 conversionem
696 957 704 971 ,
719 933 845 963 videtur
860 933 945 972 quod

174 987 262 1018 nullo
278 988 371 1017 modo
387 987 427 1017 sit
441 986 666 1025 recipiendum.

216 1044 244 1072 5.
262 1041 340 1072 Item
355 1041 492 1078 videtur,
510 1041 595 1080 quod
610 1049 672 1070 non
690 1040 792 1070 solum
815 1040 853 1069 ab
875 1040 946 1069 ido-

177 1094 308 1131 lolatris⁷
326 1094 379 1124 sed
395 1094 490 1123 etiam
506 1103 524 1123 a
537 1094 632 1123 nullis
647 1094 738 1123 liccat
752 1093 947 1132 recipcreju-

174 1149 373 1184 ramentum,
399 1148 473 1187 quia
494 1157 589 1187 super
610 1147 704 1177 illud*
722 1156 729 1176 :
758 1146 853 1185 Quod
873 1155 946 1176 am-

173 1201 258 1240 plius
275 1202 308 1239 (c)
332 1205 391 1238 est,
409 1211 429 1230 (ι
444 1201 529 1231 malo
545 1204 604 1237 est,
620 1200 692 1230 dicit
708 1200 834 1230 Glossa:
855 1212 867 1227 (ι
879 1199 946 1230 Non

176 1256 241 1290 tuo,
260 1254 314 1284 sed
329 1253 413 1284 illius
424 1278 431 1290 ,
448 1264 467 1284 a
481 1263 544 1293 quo
559 1253 683 1291 cogeris
694 1254 815 1292 jurare.
828 1264 841 1280 n
862 1252 947 1291 Ergo

176 1307 297 1337 malum
312 1309 357 1338 est
371 1307 504 1347 alicujus
517 1308 736 1346 Juramentuu]
758 1306 896 1345 recipere
918 1308 948 1336 et

176 1361 316 1400 exigere.

447 1437 673 1469 CONCLUSIO.

179 1521 347 1555 Quamquam
354 1522 391 1548 sz't
404 1521 532 1547 illz'ez'tztm
547 1529 592 1551 per
604 1521 679 1547 idola
690 1520 784 1553 jurare
794 1540 801 1551 ,
813 1528 871 1546 cum
884 1520 948 1546 talis

213 1567 299 1599 forma
324 1567 361 1592 sit
384 1565 524 1599 prohibita
533 1585 542 1598 ,
566 1567 654 1591 [anien
677 1564 723 1590 ubi
746 1565 884 1590 necessitas
908 1564 950 1590 vel

214 1612 356 1637 communis
367 1611 474 1637 utilitas
488 1609 598 1643 affuerit
606 1629 615 1642 ,
629 1610 690 1635 licet
703 1609 756 1635 tale
768 1609 949 1642 juramentum

214 1656 339 1689 recipere.

219 1735 310 1774 Resp.
332 1734 371 1764 ad
393 1743 463 1773 arg.
489 1734 662 1764 Dicendum
686 1733 771 1773 quod
794 1733 950 1772 contingit

177 1788 376 1818 idololatram
391 1789 502 1826 jurare
526 1787 559 1816 in
574 1787 675 1817 forma
690 1795 836 1816 concessa
847 1810 854 1823 ‚
871 1788 901 1815 et
917 1786 949 1815 in

178 1842 278 1872 forma
293 1841 461 1881 prohibita.
477 1840 510 1870 Si
520 1842 608 1879 ,iurat
623 1840 655 1869 in
670 1840 772 1870 forma
787 1848 948 1876 concessa,

180 1904 244 1925 non
261 1896 366 1934 Jurat‚
393 1894 568 1925 secundum
592 1893 678 1933 quod
702 1893 865 1923 idololatra
889 1902 895 1921 ε
921 1895 952 1923 et

178 1950 238 1979 hoo
252 1949 345 1979 modo
361 1949 393 1978 in
411 1948 548 1987 quodam
564 1957 640 1977 casn
654 1947 725 1977 licet
743 1947 782 1976 ab
802 1955 838 1976 eo
859 1948 948 1985 jura-

179 2004 323 2032 mentum
339 2002 493 2040 recipere,
512 2001 545 2030 in
559 2000 698 2040 quodam
711 2008 787 2029 vero
802 1999 948 2036 minime;

179 2055 254 2095 quia
266 2055 318 2084 ille
331 2054 387 2094 qui
399 2054 502 2092 exigit
512 2078 519 2090 ,
535 2056 589 2084 ant
605 2056 651 2083 est
666 2061 801 2092 persona
813 2052 949 2090 publica,

180 2110 234 2138 aut
248 2108 390 2147 privata:
409 2107 434 2137 si
449 2107 575 2146 publica
589 2109 650 2143 est,
668 2107 824 2145 quantum
845 2106 891 2134 est
911 2113 952 2134 ex

180 2161 290 2192 ordine
308 2161 407 2200 juris,
434 2162 535 2200 potest
558 2163 589 2191 et
611 2160 702 2190 debet
724 2159 875 2197 exigere,
900 2168 949 2188 se-

181 2215 321 2245 cundum
347 2214 428 2254 quod
450 2214 568 2253 judex3
595 2214 622 2243 si
645 2222 720 2242 vcro
740 2212 864 2252 privata
885 2213 950 2249 est,

181 2268 242 2298 hoc
256 2267 418 2307 tripliciter
433 2268 533 2306 potest
546 2266 677 2305 exigere
694 2276 699 2294 t
718 2267 773 2295 aut
785 2264 870 2294 enim
887 2265 953 2294 exi-

184 2322 230 2361 git
241 2322 280 2352 ad
291 2321 432 2352 veritatis
447 2320 718 2350 confirmationem
730 2342 738 2355 ,
754 2320 809 2348 aut
824 2318 856 2347 in
873 2317 954 2347 veri-

183 2375 255 2405 tatis
267 2374 506 2405 subversionem
517 2397 524 2411 ‚
541 2375 596 2403 aut
611 2372 649 2403 ad
665 2380 732 2402 suae
748 2370 952 2401 dubitationis

183 2427 401 2458 remotionem.
419 2427 527 2457 Primo
542 2426 635 2456 modo
651 2426 752 2465 potest
766 2423 853 2462 exigi
866 2424 955 2462 jura-

184 2482 327 2511 mentum
341 2481 407 2511 sine
425 2480 532 2520 aliquo
554 2480 695 2519 peccato,
716 2477 861 2509 videlicet
880 2485 953 2507 cum

218 2561 222 2573 ¹
238 2560 338 2590 Mami„
350 2566 373 2590 V,
386 2562 425 2584 37.
435 2560 481 2580 ·—¹
491 2560 583 2589 Gloss.,
600 2566 630 2583 ex
650 2560 725 2587 Aug„
740 2557 768 2581 de
781 2557 846 2581 vet-b.
858 2558 954 2587 etpost„

186 2601 261 2618 serm.
278 2601 376 2624 xxvni,
392 2603 414 2620 c,
432 2602 473 2625 ix,
488 2596 511 2620 al
526 2601 628 2625 cmxx,
643 2601 668 2618 u.
688 2596 725 2618 10.

719 121 1028 154 SENTENTIARUM
1049 122 1122 153 LlB.
1147 123 1198 154 lll.

998 189 1037 219 ad
1052 190 1112 220 hoc
1127 191 1268 230 exigitur
1283 192 1385 222 solum
1396 216 1404 230 ,
1420 194 1456 222 ut
1478 193 1601 223 firmior
1621 195 1652 223 et
1667 194 1763 224 stabi-

998 242 1058 272 lior
1071 243 1112 273 sit
1131 244 1197 283 ipsa
1217 245 1385 284 promissio
1409 248 1439 275 et
1463 245 1603 275 veritatis
1623 247 1764 277 assertio.

998 296 1076 326 Cum
1084 299 1190 327 autem
1203 298 1304 337 exigit
1315 299 1347 328 in
1362 299 1502 329 veritatis
1512 299 1765 336 subversionem,

998 349 1058 379 hoc
1073 359 1137 380 non
1159 353 1259 390 potest
1282 361 1349 381 esze
1372 352 1440 381 sine
1467 351 1590 382 mortali
1613 354 1764 391 peccato:

998 404 1028 432 et
1043 402 1121 433 illud
1137 406 1201 442 est,
1224 405 1350 444 quando
1372 405 1529 444 compellit
1551 405 1689 444 aliquem
1710 406 1767 444 ju-

999 464 1083 493 rare⁷
1100 466 1196 496 quem
1211 458 1299 488 novit
1312 459 1421 497 jurare
1441 458 1566 489 talsum.
1591 458 1669 488 Cum
1691 467 1768 489 vero

999 509 1099 548 exigit
1113 512 1238 550 propter
1247 511 1452 541 dubitationis
1465 521 1532 542 suae
1545 511 1767 550 remotionem,

999 563 1075 602 quia
1089 564 1268 603 suspicatur
1283 574 1322 593 ne
1338 565 1434 594 homo
1449 565 1516 595 sine
1527 566 1710 604 Ju1·amento
1725 564 1769 595 di-

999 618 1048 646 cat
1063 617 1121 646 sibi
1137 617 1315 654 salsitatem,
1328 620 1404 647 tunc
1415 618 1441 647 si
1457 618 1592 657 suspicio
1602 618 1655 648 illa
1665 620 1725 648 stat
1736 618 1771 648 in

1000 669 1157 708 generali,
1174 670 1217 700 sic
1232 670 1302 700 talis
1317 670 1438 700 exactio
1453 672 1539 701 tenet
1558 670 1663 710 potius
1677 671 1771 701 ratio-

1000 732 1072 752 nem
1089 732 1205 762 pcenae,
1224 732 1320 763 quam
1337 723 1449 762 culpae.
1465 723 1496 753 Si
1512 732 1588 753 vero
1603 723 1771 754 descendat

1000 778 1038 807 :id
1054 778 1206 817 speciale,
1222 778 1265 807 sic
1280 780 1325 807 est
1344 780 1506 816 peccatum
1527 777 1667 815 veniale,
1693 778 1771 808 dum

1000 830 1037 859 de
1052 831 1197 869 proximo
1211 839 1269 860 suo
1288 830 1404 860 malam
1425 830 1520 860 habet
1542 830 1768 870 suspicionem.

998 882 1036 913 Et
1059 886 1223 922 propterea
1235 883 1308 913 dicit
1325 883 1433 913 Glossa
1447 886 1475 912 ²:
1499 895 1513 911 «
1527 882 1614 918 Quod
1629 883 1770 923 amplius

1001 939 1062 973 esc,
1080 944 1099 967 α
1115 937 1196 967 malo
1211 939 1272 974 cst,
1287 936 1403 967 scilieet
1419 945 1482 966 non
1498 936 1669 974 credentis3
1687 945 1770 974 non,

1001 989 1148 1028 inquam,
1165 999 1288 1029 semper
1305 999 1323 1019 a
1338 989 1420 1020 malo
1435 990 1552 1029 culpae3
1571 989 1625 1019 sed
1642 989 1738 1020 etiam
1753 998 1772 1020 a

1004 1042 1085 1072 malo
1101 1051 1221 1081 poenae,
1234 1054 1248 1070 »
1268 1045 1295 1073 et
1312 1043 1354 1072 sic
1370 1043 1404 1072 in
1419 1044 1521 1073 forma
1534 1051 1681 1073 concessa
1700 1042 1773 1073 licet

998 1096 1220 1134 juramentum
1235 1096 1372 1135 recipere
1393 1096 1432 1126 ab
1451 1095 1624 1126 idololatris
1646 1098 1677 1126 et
1696 1095 1770 1126 infi-

1002 1150 1134 1187 delibus,
1148 1150 1229 1180 siout
1240 1150 1334 1180 etiam
1347 1150 1387 1188 ¹sl)
1399 1160 1417 1180 a
1432 1150 1616 1180 Christianis
1626 1152 1656 1180 et
1670 1149 1769 1180 fideli-

1003 1203 1072 1232 bus.
1096 1202 1131 1232 Et
1154 1203 1214 1233 hoc
1235 1213 1298 1233 non
1324 1204 1479 1243 quaeritur
1506 1203 1719 1243 principaliter
1738 1203 1772 1232 in

1003 1257 1161 1295 proposita
1171 1257 1362 1295 quaestione;
1377 1257 1430 1287 sed
1442 1257 1575 1296 quaestio
1592 1255 1773 1296 principalis

1003 1311 1050 1339 est
1064 1309 1101 1339 de
1112 1311 1311 1349 Jummeuto,
1331 1319 1394 1349 quo
1409 1310 1480 1348 quis
1500 1309 1664 1340 idololatra
1685 1310 1775 1349 jurat

1003 1371 1059 1402 per
1069 1362 1190 1393 idolum
1203 1365 1233 1392 et
1247 1363 1281 1392 in
1296 1363 1396 1393 forma
1408 1372 1473 1393 non
1486 1372 1631 1393 concessa
1640 1386 1648 1400 ‚
1662 1365 1773 1393 utrum

1005 1415 1083 1445 illud
1102 1415 1141 1445 sit
1160 1415 1386 1455 recipiendum.
1412 1415 1450 1446 Et
1473 1415 1512 1446 ad
1535 1415 1633 1455 hujus
1655 1414 1772 1445 intelli-

1004 1468 1146 1507 gentiam
1161 1471 1207 1499 est
1222 1469 1417 1506 notandum,
1436 1469 1521 1508 quod
1536 1468 1569 1498 in
1587 1469 1773 1507 ¹iuramento

1004 1523 1083 1551 facto
1102 1531 1158 1561 per
1172 1521 1293 1551 idolum
1310 1524 1355 1551 est
1372 1521 1434 1551 duo
1449 1521 1666 1558 considerare,
1684 1520 1773 1552 vide·

1004 1575 1075 1605 licet
1090 1575 1188 1613 ipsius
1202 1574 1276 1604 idoli
1292 1575 1528 1605 venerationem
1540 1597 1547 1611 ,
1564 1576 1594 1604 et
1608 1574 1774 1604 exterioris

1005 1627 1092 1657 verbi
1113 1627 1405 1658 considerationem.
1429 1627 1578 1657 Ilabendo
1595 1629 1774 1666 respectum

1003 1680 1042 1710 ad
1057 1680 1213 1720 primum,
1230 1680 1310 1710 nulli
1323 1680 1395 1710 licet
1405 1681 1625 1719 juramentum
1644 1680 1684 1709 ab
1704 1679 1772 1710 ido-

1004 1734 1115 1764 lolatra
1136 1733 1290 1773 recipere,
1316 1742 1373 1763 nec
1397 1733 1542 1772 exigere,
1568 1741 1626 1762 nec
1650 1733 1772 1771 facere,

1005 1787 1080 1826 quia
1100 1787 1172 1817 idoli
1193 1787 1354 1817 veneratio
1369 1789 1416 1816 est
1431 1786 1561 1816 omnino
1580 1785 1772 1817 detestanda.

1006 1841 1037 1871 Si
1061 1849 1136 1870 vero
1158 1840 1312 1870 habeatur
1334 1842 1495 1879 respectus
1518 1839 1557 1869 ad
1579 1839 1773 1876 secundum,

1005 1894 1050 1923 sio
1064 1893 1185 1923 licitum
1201 1895 1247 1923 est
1263 1893 1302 1922 ab
1321 1893 1364 1923 eis
1379 1892 1518 1931 recipere
1531 1893 1752 1931 Jui‘amentum
1762 1915 1773 1930 ‚

1006 1947 1145 1976 maxime
1160 1956 1218 1986 pro
1233 1946 1364 1976 utilitate
1381 1945 1555 1976 communi.
1577 1944 1614 1975 Et
1628 1945 1672 1975 sie
1685 1953 1776 1975 reee-

1006 2000 1051 2039 pit
1063 1999 1158 2030 Jacob
1171 2008 1228 2038 pro
1243 2007 1318 2038 pace
1330 2007 1397 2028 suae
1412 1998 1620 2037 posteritatis,
1637 2000 1667 2027 et
1680 1997 1777 2028 ,ludas

1007 2062 1064 2092 pro
1077 2061 1152 2092 pace
1163 2052 1268 2091 gentis
1278 2061 1364 2089 suae3
1381 2051 1465 2081 etsie
1479 2050 1647 2081 Christiani
1658 2059 1676 2080 a
1687 2048 1776 2080 Sara-

1007 2105 1093 2135 cenis
1107 2105 1263 2144 recipiunt
1278 2113 1336 2144 pro
1352 2113 1427 2143 pace
1443 2105 1473 2134 et
1488 2103 1622 2133 utilitate
1635 2111 1778 2133 commu-

1007 2159 1124 2189 nitatis.
1148 2158 1250 2195 Unde,
1274 2157 1421 2197 quamvis
1445 2156 1588 2186 illicitum
1609 2155 1649 2185 sit
1666 2157 1777 2195 jurare

1007 2221 1063 2251 per
1084 2212 1221 2248 idolum,
1247 2211 1322 2250 quia
1340 2211 1443 2240 forma
1466 2209 1521 2239 illa
1536 2211 1582 2239 est
1602 2209 1775 2248 prohibita,

1008 2267 1114 2295 tamen
1128 2264 1183 2294 ubi
1199 2263 1367 2294 necessitas
1386 2262 1437 2293 vel
1459 2262 1637 2293 communis
1660 2262 1778 2293 utilitas

1008 2318 1067 2348 hoc
1082 2317 1231 2356 requirit,
1248 2316 1371 2346 licitum
1386 2317 1432 2345 est
1452 2315 1590 2354 recipere
1612 2316 1776 2354 juramen-

1008 2373 1077 2401 tum
1091 2369 1160 2404 tale,
1179 2369 1265 2400 Unde
1281 2370 1311 2399 et
1324 2369 1460 2399 rationes
1475 2367 1603 2398 concedi
1626 2369 1775 2407 possunt,

1009 2432 1081 2464 quae
1106 2423 1166 2453 hoc
1189 2423 1370 2453 ostendunt.
1398 2421 1453 2452 Illa
1476 2423 1584 2452 tamen
1609 2420 1778 2451 auctoritas

1008 2477 1180 2515 Augustini
1199 2485 1262 2516 qua
1284 2475 1418 2506 dicitur:
1443 2485 1458 2503 α
1474 2473 1544 2505 Non
1567 2475 1614 2504 est
1634 2473 1777 2512 prohibi-

1044 2556 1075 2585 (αὶ
1094 2555 1160 2578 Edit.
1181 2555 1236 2578 ren.
1252 2555 1318 2586 quia.
1330 2567 1360 2573 -
1371 2554 1402 2585 (b)
1419 2554 1479 2578 coet.
1494 2552 1553 2576 edit.
1565 2552 1606 2576 ab.
1618 2564 1649 2570 —
1659 2552 1690 2582 (c)
1703 2551 1778 2583 Vulg-

1009 2591 1053 2615 His
1069 2590 1245 2615 abundantius.
1259 2604 1285 2608 —
1299 2591 1334 2621 (cl)
1348 2590 1418 2614 Edit.
1437 2589 1492 2613 Ven.
1504 2588 1570 2612 deest
1585 2594 1608 2612 a.
