2017 2948
804 169 995 200 DISTINCT.
1018 169 1067 200 IV.
1092 168 1204 199 PARS.
1229 169 1266 199 ll.

557 281 624 303 DUB.
642 281 686 302 111.

283 345 392 375 Excepto
410 343 530 375 martyrio
547 342 590 366 ubi
606 344 659 366 tota
675 345 833 368 sacramenta
850 344 967 374 baptismi

541 378 708 408 complentur.

280 449 410 480 Videtur
429 449 544 479 falsum
563 448 681 486 dicere,
699 449 775 487 quia
799 449 831 478 in
852 450 1008 489 baptismo

240 503 381 535 fluminis
394 502 588 542 imprimitur
602 502 763 532 character
774 525 781 539 ,
798 503 830 533 in
853 503 1008 542 baptismo

241 555 407 595 sanguinis
422 564 511 586 non:
535 564 600 585 11011
625 564 703 594 ergo
725 558 921 586 sacramenta
945 558 1009 586 tota

240 609 452 650 complentur3
470 610 545 646 aut,
571 609 597 638 si
611 610 675 639 tota
699 608 897 648 complentur
909 633 916 646 ,
933 610 1009 639 tunc

240 672 317 702 ergo
332 664 469 692 caracter
485 661 688 701 imprimitur,
707 662 761 692 ubi
779 662 918 692 maxime
936 671 1008 692 con-

241 715 322 745 sistit
336 715 416 745 ratio
430 714 628 745 sacramenti.
650 713 709 745 Sed
730 716 855 745 contra:
871 714 930 751 Qui
945 714 1004 745 ha-

241 769 291 799 bet
302 769 503 805 caracterem,
516 777 579 798 non
595 770 696 806 potest
711 768 847 806 recipere
869 769 1005 798 caracte-

240 830 307 852 rem
325 821 466 860 ejusdem
481 821 626 860 generis:
644 830 723 859 ergo
737 821 791 860 qni
814 823 860 852 est
875 821 1010 860 baptiza-

240 877 291 905 tus
310 883 393 914 aqua
414 883 478 904 non
497 876 599 914 potest
625 874 837 914 martyrizari.
859 873 936 904 ltem
949 899 956 912 ‚
983 875 1008 904 si

240 929 304 958 tota
328 930 541 965 sacramenta,
557 927 685 958 videtur
708 928 791 967 quod
807 930 861 958 aut
880 929 926 958 est
941 927 1004 957 im-

240 980 365 1020 plicatio
380 980 467 1018 sacti,
484 981 544 1018 {aut
560 980 735 1020 baptismus
756 980 896 1010 continet
918 980 1009 1019 plura

241 1035 449 1063 sacramenta.

280 1084 370 1125 Resp.
396 1084 570 1115 Dicendum
592 1084 676 1124 quod
701 1084 876 1124 baptismus
895 1085 1010 1115 dicitur

241 1136 407 1176 pluraliter
421 1138 628 1173 sacramenta,
641 1146 705 1167 non
720 1137 840 1167 ratione
854 1137 1010 1176 principa—

239 1189 277 1219 lis
292 1189 387 1228 signi,
406 1189 457 1220 vel
471 1189 616 1226 effectus,
635 1189 688 1220 sed
703 1190 823 1220 ratione
838 1190 1009 1220 effectuum

240 1243 513 1282 consequentium,
531 1242 615 1282 quod
638 1245 683 1273 est
707 1252 846 1282 purgare
866 1253 885 1273 a
906 1243 1007 1282 culpa,

241 1298 270 1326 et
287 1305 306 1326 a
320 1305 413 1336 poena
428 1296 642 1333 satisfactoria,
653 1298 684 1326 et
697 1296 823 1335 sequela
837 1308 842 1326 :
856 1305 929 1336 quse
945 1305 1010 1326 om-

242 1349 295 1379 nia
311 1348 388 1388 quia
402 1350 476 1378 sunt
499 1348 531 1378 in
555 1348 710 1387 martyriO
722 1372 731 1386 ,
746 1348 817 1379 ideo
837 1348 909 1379 dicit
925 1349 1010 1388 quod

241 1402 353 1441 recipit
368 1401 475 1431 omnia
490 1402 686 1431 sacramenta
698 1424 706 1437 ‚
723 1401 753 1431 id
773 1403 820 1431 est
840 1401 1010 1441 plenitudi-

241 1463 315 1485 nem
331 1454 477 1484 efficaciae
488 1477 496 1491 ,
513 1456 669 1493 quantum
692 1454 730 1485 ad
754 1463 821 1484 rem
838 1454 984 1485 ultimam
1001 1466 1007 1485 :

240 1509 270 1537 et
284 1507 353 1538 ideo
368 1508 453 1546 patet
465 1506 550 1546 quod
565 1515 630 1536 non
645 1506 728 1537 valet
738 1506 872 1545 objectio
887 1507 924 1537 de
935 1507 1008 1537 cha-

240 1561 359 1590 ractere
375 1569 382 1590 :
400 1567 475 1589 nam
490 1558 557 1598 ipse
572 1561 664 1589 vocat
682 1561 880 1590 sacramenta
892 1559 945 1590 hic
965 1560 1009 1590 ef-

239 1613 337 1643 fectus
362 1612 550 1642 sacramenti
581 1611 747 1651 baptismi,
767 1620 840 1652 quae
862 1614 937 1643 sunt
961 1622 1011 1643 res

239 1667 376 1696 tantum.

559 1731 627 1753 DUB.
652 1731 696 1753 lv.

241 1794 354 1819 Parvutis
372 1793 439 1818 enim
463 1800 515 1818 non
534 1793 626 1817 sufficit
644 1793 706 1817 fides
724 1793 841 1817 Ecclesiae
857 1795 910 1818 sine
926 1802 1010 1819 sacra-

271 1831 371 1859 mento3
394 1829 437 1860 qui
459 1829 479 1852 si
506 1829 599 1859 absque
621 1829 746 1859 baptismo
768 1829 862 1853 tuerint
885 1830 1011 1861 defuncti,

272 1865 347 1888 etiam
360 1871 418 1888 cum
430 1864 461 1888 ad
474 1864 627 1895 baptismum
644 1864 798 1894 deferuntur,
812 1865 1009 1890 damnabuntur.

280 1929 410 1960 Videtur
434 1930 515 1960 male
537 1930 658 1967 dicere,
679 1930 754 1970 quia
775 1930 918 1968 adultus,
936 1941 1009 1962 cum

240 1992 303 2013 non
326 1985 456 2023 potest,
483 1985 653 2013 excusatur
678 1993 695 2013 a
718 1985 876 2022 praecepto
900 1995 906 2013 :
931 1993 1010 2023 ergo

240 2036 340 2067 multo
353 2036 466 2066 fortius
480 2036 646 2075 parvulus.
658 2035 735 2066 ltem
749 2035 902 2066 Dominus
915 2037 1010 2068 fidem

241 2091 405 2128 parentum
420 2091 545 2128 reputat
558 2089 649 2128 quasi
661 2090 742 2118 esset
756 2089 883 2128 parvuli
906 2100 911 2120 z
930 2098 1009 2129 ergo

240 2142 264 2172 si
287 2151 328 2173 ex
348 2142 409 2173 fide
430 2144 460 2173 et
481 2142 634 2172 charitate
656 2142 789 2172 offerant
818 2142 1007 2182 parvulum,

240 2194 366 2226 videtur
395 2195 478 2235 quod
503 2195 657 2226 Dominus
684 2197 807 2234 reputet
834 2195 919 2226 illam
944 2205 1010 2226 esse

241 2247 385 2287 parvuli:
403 2257 480 2288 ergo
495 2258 560 2280 non
574 2249 744 2279 damnatur
757 2248 825 2278 sine
841 2248 1007 2288 baptismo.

241 2301 338 2339 Item,
360 2305 497 2341 ponatur
518 2302 603 2342 quod
624 2301 740 2341 aliquis
761 2301 907 2332 occiderit
930 2311 1009 2342 pue-

241 2363 312 2385 rum
322 2378 332 2393 ‚
354 2363 427 2385 cum
453 2355 589 2385 defertur
603 2355 641 2385 ad
655 2354 866 2394 baptismum,
883 2363 922 2385 ne
937 2355 1011 2395 bap-

241 2407 356 2438 tizetur
367 2431 375 2445 ‚
392 2408 549 2448 numquid
563 2408 703 2438 dicemus
721 2407 895 2446 parvulum
919 2407 1007 2438 dam-

242 2460 329 2499 nari,
345 2461 401 2500 qni
422 2463 549 2501 propter
567 2460 798 2500 susceptionem
822 2461 1008 2491 sacramenti

240 2515 386 2544 mortuus
398 2515 466 2544 est?
482 2513 611 2545 Videtur
625 2513 710 2544 enim
727 2513 786 2543 hoc
801 2522 869 2543 csse
889 2522 1009 2553 magna

239 2566 418 2598 credulitas.
449 2567 538 2605 Quod
565 2566 592 2597 si
615 2566 759 2597 dicamus
783 2565 919 2604 salvari,
943 2576 1008 2598 non

239 2627 316 2659 ergo
325 2628 439 2652 verum
449 2620 523 2652 dicit
537 2619 737 2661 Augustinus
752 2618 785 2650 in
799 2618 912 2658 littera,
923 2621 1008 2661 quod

1773 175 1831 204 343

1066 244 1130 266 non
1145 235 1318 274 salvantur,
1336 236 1459 267 etiamsi
1477 238 1516 268 ad
1533 238 1726 278 baptismum
1744 239 1832 270 dete-

1064 290 1186 319 rantur.
1205 287 1298 326 Item,
1316 289 1341 319 si
1366 289 1576 329 damnantur,
1592 301 1672 331 ergo
1691 293 1832 332 pejorata

1064 344 1111 372 est
1126 341 1261 371 conditio
1282 342 1489 381 parvulorum
1510 347 1654 383 respectu
1673 348 1772 376 status
1786 346 1830 377 le·

1066 395 1116 434 gis
1139 397 1263 426 naturae
1280 419 1289 433 ,
1312 395 1345 425 in
1367 405 1430 435 quo
1452 396 1657 427 salvabantur
1685 399 1751 429 sola
1770 399 1832 430 fide

1064 450 1244 487 parentum,

1105 501 1196 541 Resp.
1226 502 1398 532 Dicendum
1431 502 1514 542 quod
1547 502 1653 533 nullus
1681 504 1833 543 parvulus

1064 555 1204 585 salvatur
1228 555 1288 585 nisi
1312 556 1430 585 virtute
1452 556 1656 594 sacramenti,
1677 559 1833 596 quantum

1065 610 1112 638 est
1132 607 1169 638 de
1194 608 1265 647 lege
1289 609 1472 647 communi,
1498 618 1562 639 non
1584 609 1658 648 quia
1681 610 1835 649 parvulus

1065 662 1210 690 teneatur
1240 664 1396 701 praecepto
1414 686 1421 699 ,
1450 661 1504 692 sed
1534 662 1609 701 quia
1637 662 1704 693 sine
1730 672 1832 694 sacra-

1067 715 1173 744 mento
1190 737 1197 750 ,
1224 714 1274 743 vel
1297 714 1382 753 quod
1404 714 1592 754 zequivaleat
1616 718 1833 754 sacramento,

1066 766 1147 796 Deus
1162 776 1225 796 non
1239 766 1392 806 disposuit
1405 768 1479 797 dare
1496 767 1644 806 gratiam.
1664 767 1729 798 Hoc
1747 769 1833 807 dico,

1065 819 1141 858 quia
1161 820 1216 859 qui
1238 822 1366 859 propter
1389 820 1448 850 hoc
1472 820 1576 851 solum
1604 821 1727 852 occisus
1749 825 1795 853 est
1818 832 1837 853 a

1066 874 1266 911 persecutore
1288 896 1295 910 ,
1327 881 1400 902 cum
1440 875 1618 911 portaretur
1648 875 1687 905 ad
1717 875 1836 914 baptis-

1066 934 1155 955 mum
1170 949 1177 963 ,
1204 934 1244 954 ne
1267 925 1500 964 baptizaretur,
1523 927 1659 957 moritur
1682 937 1739 967 pro
1754 929 1836 968 bap-

1065 978 1159 1007 tismo
1182 988 1188 1006 :
1222 977 1290 1008 ideo
1325 978 1357 1008 in
1387 978 1546 1016 sanguine
1579 988 1637 1009 sno
1660 980 1710 1019 pie
1734 981 1836 1012 credi-

1066 1033 1118 1061 tur
1133 1031 1321 1070 baptizatus.
1338 1030 1371 1061 Si
1387 1034 1495 1061 autem
1516 1032 1578 1062 alia
1592 1032 1630 1062 de
1645 1042 1740 1064 causa
1753 1035 1834 1065 occi-

1066 1083 1160 1120 ditur,
1175 1085 1471 1123 quantumcumque
1491 1084 1649 1115 deferatur
1661 1109 1668 1122 ‚
1684 1088 1715 1116 et
1730 1096 1786 1126 pro
1800 1096 1837 1118 eo

1066 1139 1194 1175 oretur,
1212 1138 1391 1168 damnatur.
1409 1138 1499 1168 Ratio
1523 1140 1629 1169 autem
1652 1139 1750 1179 hujus
1769 1143 1835 1177 est,

1066 1191 1141 1230 quia
1156 1193 1225 1230 post
1242 1191 1420 1230 passionem
1442 1191 1554 1221 Christi
1577 1192 1707 1222 formata
1721 1196 1767 1223 est
1782 1193 1838 1224 Ec-

1066 1245 1168 1281 clesia,
1184 1248 1214 1274 et
1229 1244 1435 1274 ecclesiastica
1450 1249 1645 1275 sacramenta
1663 1256 1670 1276 ε
1694 1249 1723 1277 et
1735 1247 1839 1278 omnis

1067 1297 1235 1336 parvulus,
1252 1298 1307 1337 qui
1323 1297 1475 1335 salvatur,
1496 1297 1527 1327 in
1544 1298 1604 1328 tide
1621 1298 1766 1330 Ecclesiae
1779 1299 1838 1330 sal-

1066 1353 1170 1388 vatur,
1189 1353 1484 1389 quantumcumque
1500 1353 1644 1389 parentes
1659 1352 1722 1383 sint
1741 1353 1815 1384 mali
1829 1364 1836 1384 :

1066 1404 1096 1432 et
1120 1402 1209 1440 ideo,
1231 1402 1292 1432 nisi
1318 1411 1398 1442 opus
1423 1403 1669 1434 ecclesiasticum
1691 1429 1699 1443 ,
1724 1407 1839 1445 utputa

1067 1456 1300 1485 sacramentum
1325 1455 1386 1485 talc
1409 1455 1464 1485 fiat
1490 1455 1573 1485 circa
1597 1465 1671 1486 eum
1686 1480 1696 1494 ,
1724 1466 1838 1498 expers

1067 1510 1113 1539 est
1126 1508 1200 1538 fidei
1215 1508 1361 1538 Ecclesia}
1372 1531 1379 1544 ,
1394 1517 1430 1538 ac
1441 1517 1496 1548 per
1511 1508 1571 1539 hoc
1589 1512 1620 1539 et
1636 1510 1755 1542 salutis.
1768 1512 1840 1543 Alia

1067 1561 1162 1591 etiam
1177 1561 1301 1592 ratione
1314 1572 1320 1591 z
1340 1561 1414 1600 quia
1426 1570 1500 1591 cum
1516 1570 1626 1592 omnes
1639 1565 1708 1602 post
1723 1565 1840 1603 passio-

1067 1623 1141 1645 nem
1156 1614 1320 1644 salventur
1342 1623 1400 1654 per
1423 1614 1519 1645 fidem
1540 1615 1695 1654 passionis
1706 1617 1774 1656 jam
1788 1627 1838 1648 re-

1066 1667 1194 1705 velatae,
1211 1667 1281 1698 ideo
1303 1668 1503 1706 congruebat
1524 1667 1601 1698 huic
1627 1669 1783 1709 tempori,
1804 1673 1841 1702 ut

1067 1720 1175 1751 nullus
1193 1720 1381 1757 salvaretur,
1397 1720 1458 1750 nisi
1474 1720 1525 1751 vel
1542 1720 1576 1751 in
1597 1730 1632 1752 se
1652 1721 1782 1753 haberet
1801 1724 1839 1754 fi-

1067 1773 1139 1804 dem
1152 1797 1160 1811 ,
1175 1773 1227 1803 vel
1251 1773 1334 1803 circa
1355 1773 1463 1812 ipsum
1485 1773 1574 1803 ficret
1596 1782 1746 1814 expressa
1766 1775 1839 1807 fidei

1068 1826 1217 1866 professio
1244 1827 1400 1865 quantum
1424 1826 1463 1856 ad
1489 1828 1625 1857 mortem
1645 1827 1770 1860 Christi.
1792 1829 1838 1860 Ex

1067 1879 1116 1909 bis
1131 1880 1215 1918 patet
1229 1887 1327 1917 quare
1344 1878 1375 1907 in
1390 1878 1461 1917 lege
1474 1879 1650 1910 sufficiebat
1664 1880 1731 1911 sola
1745 1881 1836 1920 fides,

1066 1931 1159 1962 modo
1183 1940 1259 1961 vero
1282 1940 1345 1961 non
1363 1941 1370 1960 :
1387 1931 1461 1961 facit
1486 1932 1572 1962 enim
1598 1933 1658 1963 hoc
1683 1934 1838 1965 certitudo

1066 1984 1183 2016 divinae
1198 1983 1424 2023 dispositionis.
1438 1983 1527 2020 Quod
1543 1994 1622 2024 ergo
1638 1986 1786 2025 objicitur
1800 1987 1838 2018 de

1066 2037 1190 2074 adulto,
1208 2037 1375 2067 dicendum
1398 2038 1482 2076 quod
1507 2041 1643 2078 uterque
1667 2042 1839 2072 excusatur

1065 2101 1084 2122 a
1099 2092 1254 2131 praecepto
1272 2101 1278 2121 z
1296 2090 1350 2121 scd
1364 2091 1492 2121 adultus
1507 2091 1604 2122 habet
1622 2093 1759 2131 gratiam
1775 2102 1838 2133 poe-

1065 2145 1224 2182 nitentiae,
1246 2143 1284 2173 ad
1305 2153 1401 2183 quam
1435 2154 1468 2174 se
1488 2145 1625 2184 disponit
1646 2154 1702 2184 per
1725 2147 1838 2177 contri-

1065 2199 1184 2229 tionem
1196 2221 1203 2234 ,
1224 2207 1296 2237 quae
1316 2197 1454 2237 disponit
1469 2197 1507 2228 ad
1523 2197 1610 2228 iilam
1631 2199 1768 2238 gratiam
1779 2222 1789 2238 ‚
1806 2201 1836 2230 et

1065 2251 1119 2281 illa
1133 2250 1259 2290 supplet
1271 2250 1376 2281 locum
1392 2250 1556 2290 baptismi3
1574 2251 1738 2290 parvulus,
1751 2260 1834 2282 non:

1065 2305 1134 2335 idco
1150 2304 1276 2334 adultus
1295 2304 1395 2343 potest
1410 2303 1533 2343 disponi
1549 2304 1587 2334 ad
1605 2304 1741 2343 gratiam
1758 2304 1834 2335 alte-

1064 2357 1131 2387 rius
1145 2356 1333 2386 sacramenti
1347 2358 1520 2396 antequam
1542 2357 1581 2387 ad
1607 2356 1743 2395 gratiam
1764 2357 1836 2397 bap-

1066 2409 1168 2447 tisn1i;
1185 2411 1215 2439 ct
1231 2409 1268 2438 ad
1285 2408 1371 2438 illam
1386 2418 1451 2438 non
1475 2410 1577 2448 potest
1599 2409 1753 2448 parvulus
1770 2410 1834 2440 dis-

1064 2462 1158 2503 poni,
1175 2461 1236 2492 nisi
1258 2470 1312 2502 per
1328 2465 1561 2491 sacramentum
1580 2469 1587 2491 :
1612 2461 1682 2492 ideo
1701 2462 1836 2494 moritur

1064 2515 1133 2545 sine
1158 2514 1281 2554 gratia,
1309 2515 1340 2544 et
1366 2514 1502 2543 moritur
1523 2513 1556 2543 in
1577 2514 1687 2553 culpa,
1711 2516 1742 2545 et
1766 2515 1835 2547 ideo

1064 2569 1244 2600 damnatur.
1262 2567 1351 2604 Quod
1374 2567 1540 2606 objicitur,
1556 2567 1642 2607 quod
1662 2568 1759 2600 fidem
1777 2578 1833 2610 pa-

1064 2623 1190 2654 rentum
1214 2622 1339 2661 reputat
1358 2629 1447 2651 suam
1461 2643 1469 2659 ,
1485 2620 1654 2652 dicendum
1671 2622 1756 2662 quod
1771 2631 1835 2655 non
