2017 2948
632 137 724 168 DIST.
748 137 892 168 XXXVII.
917 136 1006 167 ART.
1031 136 1069 167 ΙΙ.
1094 136 1242 173 QUAEST.
1267 138 1289 167 1.

171 207 283 236 damus
298 206 493 245 proximum,
510 205 635 236 videtur
658 205 742 243 quod
757 204 868 234 saltem
884 213 939 234 sex

171 258 304 289 debeant
324 268 401 297 esse,
424 258 598 288 secundum
613 266 685 297 quae
701 257 885 296 obligamur
911 259 941 286 et

170 311 356 342 ordinamur
379 312 417 342 ad
442 310 699 341 benefaciendum
724 320 730 339 :
759 312 789 339 et
814 309 840 339 si
867 309 937 346 hoc,

170 365 277 395 omnia
292 364 438 395 mandata
452 366 555 394 essent
570 362 763 402 quindecim.

210 421 238 447 7.
256 418 333 448 Item
347 419 466 456 septem
480 418 554 447 sunt
569 416 713 455 capitalia
737 417 872 455 peccata,
897 416 939 446 ita

169 481 296 510 magua⁷
319 474 475 511 quantum
497 474 543 502 est
565 472 602 501 de
625 474 738 501 natura
760 480 837 508 sua,
859 471 939 501 sicut

168 527 331 563 peccatum
348 525 502 562 avaritiae,
525 527 555 554 et
574 524 732 554 luxuriae:
757 533 835 563 ergo
858 525 938 554 sicut

167 579 298 619 speciale
320 579 505 610 mandatum
529 581 585 615 cst,
603 579 635 608 in
660 587 724 617 quo
747 578 936 617 prohibetur

166 633 309 669 avaritia,
326 634 356 662 et
377 632 410 661 in
432 641 494 671 quo
518 631 700 670 prohibetur
722 631 866 668 luxuria;
892 632 935 660 ita

166 685 299 724 speciale
314 685 500 715 mandatum
513 683 640 714 deberet
655 692 722 713 esse
733 684 771 713 ad
785 684 845 713 alia
859 684 936 714 vitia

166 737 371 776 prohibenda,
396 737 438 767 ita
461 737 544 776 quod
560 737 686 776 aliquod
702 739 781 766 esset
796 746 936 776 przecep-

165 793 244 827 tum,
262 791 295 820 in
311 799 373 829 quo
395 790 571 829 specialiter
586 789 807 828 prohiberetur
822 799 935 828 super—

164 842 226 880 bia,
242 842 368 882 aliquod
384 843 416 872 in
432 852 495 882 quo
520 842 650 878 invidia,
677 844 707 871 et
728 842 771 871 sic
793 842 830 871 de
852 842 932 872 aliis.

164 894 197 925 Si
220 897 254 924 tu
278 895 361 925 dicas
389 896 472 934 quod
497 895 645 934 implicite
670 894 879 933 prohihentur
902 895 933 923 in

163 948 422 987 coucupiscentia}
446 948 668 987 prohibitione,
693 948 839 987 objicitur
859 957 934 977 eou-

164 1003 211 1030 tra
224 1001 294 1039 hoc,
311 1002 394 1041 quod
410 1004 472 1031 tres
487 1004 560 1031 suut
584 1001 704 1031 radices
719 1003 931 1040 peccatorum,

161 1054 335 1084 secundum
362 1055 445 1093 quod
471 1055 610 1085 dicitur²
635 1063 641 1083 ε
670 1054 932 1093 Concupiscentia

161 1107 331 1145 oculorum,
344 1108 598 1146 concupiscentia
610 1108 729 1145 carnis,
743 1110 769 1139 et
783 1108 932 1146 superbio

161 1158 254 1195 vz'loe;
269 1158 295 1188 si
311 1167 389 1197 ergo
402 1159 653 1198 concupiscentia
668 1159 780 1196 carnis,
805 1161 835 1188 et
856 1168 931 1189 ocu-

159 1210 275 1248 lorum,
292 1211 501 1250 prohibentur
521 1211 676 1250 explicite,
700 1211 827 1242 videtur
848 1212 930 1251 quod

159 1266 189 1294 et
211 1264 359 1303 superbia
382 1265 456 1295 vitae
483 1264 594 1295 debeat
621 1264 737 1295 habere
764 1265 930 1304 specialem

158 1315 414 1353 prohihitionem.

198 1370 227 1397 8.
246 1368 343 1412 110111,ν
352 1369 433 1398 sicut
445 1368 603 1407 contingit
615 1368 837 1408 concupiscere
850 1378 929 1398 uxo-

157 1428 225 1450 rem
240 1420 390 1457 alienam,
416 1423 446 1451 et
471 1421 756 1460 concupiscentiam
780 1431 927 1451 consum-

157 1474 237 1503 mari
252 1473 285 1503 in
300 1482 411 1513 opere;
432 1474 475 1504 sic
502 1475 596 1504 etiam
622 1476 668 1504 est
686 1475 823 1514 reperire
847 1475 929 1504 circa

156 1525 375 1564 homicidium,
389 1529 419 1557 et
430 1527 545 1557 salsum
558 1528 788 1565 testimouium,
801 1530 831 1558 et
845 1528 929 1558 circa

156 1579 216 1609 alia
233 1579 377 1610 mandata
396 1589 402 1608 :
419 1589 497 1619 crgo
521 1581 601 1610 sicut
621 1581 684 1611 duo
705 1581 830 1611 diversa
853 1584 928 1612 sunt

155 1632 312 1669 praecepta
326 1630 364 1661 de
379 1632 630 1671 concupiscentia
644 1633 755 1662 uxoris
769 1633 880 1663 alienae
897 1635 927 1663 et

155 1683 199 1712 rci
216 1683 337 1721 alienae,
353 1684 386 1713 in
401 1693 505 1723 opcre,
523 1687 553 1715 et
573 1685 746 1723 voluntat&
765 1686 809 1715 sic
832 1686 926 1716 dehe-

155 1738 225 1765 rent
238 1736 299 1766 alia
315 1740 470 1776 praecepta
486 1738 639 1777 duplicari
654 1739 757 1777 :quod
771 1739 795 1768 si
811 1749 923 1770 verum

154 1791 244 1826 esset,
269 1791 343 1819 tnnc
365 1792 469 1820 essent
492 1791 583 1830 plura
605 1800 701 1830 quam
723 1791 843 1822 decem.
870 1792 924 1822 Est

154 1850 233 1879 ergo
254 1842 403 1880 quaestio,
432 1845 543 1873 utrum
569 1843 676 1874 decem
699 1844 777 1881 sint,
804 1848 834 1875 et
861 1855 924 1875 non

155 1893 257 1933 plura,
273 1903 330 1925 nec
342 1895 499 1934 pauciora.

429 2010 655 2042 CONCLUSIO.

152 2088 287 2122 Proecepta
301 2089 426 2122 Decaloffz'
439 2097 492 2116 non
504 2089 648 2116 debuerunt
662 2098 714 2117 esse
727 2091 820 2125 plura,
838 2100 920 2127 neque

356 2134 502 2167 pauciora,
517 2142 598 2168 quam
612 2134 706 2161 decem.

192 2211 283 2251 Resp.
299 2213 337 2243 ad
352 2222 423 2252 arg.
440 2214 487 2243 Ad
502 2214 726 2253 praedictorum
741 2216 918 2256 intelligen-

151 2265 227 2295 tiam
241 2268 289 2295 est
302 2266 486 2304 notandum,
509 2268 593 2307 quod
608 2269 796 2299 sufficieutia
811 2273 840 2300 et
855 2280 914 2301 nu-

151 2327 258 2348 merus
280 2319 501 2350 mandatorum
524 2321 660 2351 sumitur
676 2323 849 2353 secundum
865 2334 917 2354 ra-

151 2372 270 2401 tionem
300 2372 418 2401 ordinis
450 2372 549 2411 ipsius
576 2374 709 2413 justitiae
741 2377 918 2416 generalis,

151 2425 241 2463 quus
262 2427 308 2454 est
331 2424 494 2455 homiuem
517 2427 555 2457 ad
579 2427 678 2458 Deum
700 2431 731 2459 et
749 2429 788 2459 ad
812 2432 919 2469 proxi-

151 2486 241 2507 mum
256 2477 417 2508 ordinare:
432 2479 515 2509 unde
530 2481 676 2519 quaedam
687 2485 760 2513 sunt
774 2485 921 2516 mandata

152 2556 318 2615 bI¹b-ld.log1n.‚
334 2563 362 2587 11,
386 2558 422 2582 16.
435 2558 482 2575 ——2
498 2558 589 2588 ΕποιΙ.)
603 2565 646 2590 xx,
657 2561 679 2584 3.
696 2574 721 2578 -
734 2561 744 2578 ⁸
763 2562 839 2594 Ibid.,
856 2565 878 2588 7.
890 2578 920 2582 ——

205 2599 210 2614 1
234 2610 250 2619 .,
282 2609 287 2616 .
779 2600 782 2603 “

1712 142 1767 169 167

998 203 1175 233 ordinantia
1184 204 1346 233 hominem
1357 204 1396 233 ad
1408 204 1504 234 Deum
1514 216 1520 242 ;
1534 206 1681 245 quaedam
1692 215 1768 236 vero

997 256 1175 286 ordinautia
1189 257 1228 286 ad
1241 256 1434 295 proximum.
1455 258 1510 287 llla
1524 259 1609 288 enim
1627 268 1698 298 quae
1714 268 1766 289 or-

996 309 1105 339 dinant
1129 310 1290 339 hominem
1321 310 1360 339 ad
1384 311 1506 353 11011111,Δ
1528 311 1676 341 dicuutur
1699 320 1768 341 esse

995 365 1151 402 praecepta
1166 363 1278 402 primae
1295 363 1426 399 tabulae3
1443 365 1474 392 et
1490 363 1548 392 ista
1561 366 1634 393 sunt
1649 364 1719 400 tria,
1737 366 1767 393 et

995 426 1057 447 non
1072 417 1174 456 plura,
1193 426 1249 447 nec
1270 417 1428 456 pauciora.
1453 417 1596 453 Quorum
1613 427 1765 448 numerus
1796 431 1813 464 g?

994 472 1024 500 et
1047 470 1234 499 sufficientia
1257 470 1340 499 sumi
1363 472 1463 508 potest
1484 470 1658 509 tripliciter,
1675 471 1765 500 vide-

994 523 1064 553 licet
1076 532 1115 552 ex
1130 525 1216 561 parto¹
1231 523 1355 561 objecti,
1373 525 1403 551 et
1418 531 1457 552 cx
1473 525 1560 562 parte
1576 523 1720 561 subjecti⁷
1736 526 1765 553 et
1805 548 1816 558 „

993 585 1033 605 ex
1047 578 1134 614 parte
1157 578 1242 605 aetus
1258 575 1365 605 medii.
1391 575 1438 605 Ex
1454 578 1541 614 parte
1563 575 1677 614 obiecti
1693 576 1737 605 sic
1756 587 1761 606 ι

994 627 1072 657 Nam
1088 637 1161 657 cum
1184 628 1216 657 in
1232 628 1293 657 Deo
1309 629 1371 658 sint
1392 631 1454 658 tres
1476 637 1630 668 personae,
1658 631 1688 658 et
1706 629 1765 659 tria

992 681 1204 720 appropriata,
1221 683 1252 711 et
1266 682 1381 720 triplex
1397 691 1499 720 genus
1516 691 1631 719 causae,
1649 691 1761 712 secun-

992 735 1068 765 dum
1083 734 1167 773 quod
1177 737 1379 773 comparatur
1394 735 1432 765 ad
1443 738 1633 772 creaturam,
1646 735 1761 774 triplex

991 790 1037 818 est
1050 790 1254 826 praeceptum,
1271 789 1445 818 secuudum
1461 788 1545 828 quod
1559 790 1703 818 creat-ura
1715 798 1762 818 ra-

990 840 1114 870 tionalis
1136 840 1275 870 ordinari
1294 841 1387 870 habet
1411 841 1450 870 ad
1473 841 1582 870 Deum.
1610 840 1688 870 Nam
1709 850 1760 871 se-

990 894 1129 923 cuudum
1154 893 1308 923 rationem
1334 895 1520 933 maiestatis,
1547 903 1620 933 quae
1645 904 1759 933 appro-

990 947 1111 985 priatur
1136 946 1237 983 Patri,
1268 948 1299 976 ct
1322 947 1469 977 convenit
1494 946 1555 977 Deo
1584 947 1760 977 secuudum

989 1000 1072 1039 quod
1088 1002 1134 1029 est
1154 1009 1247 1029 causa
1262 1000 1401 1029 efficiens
1415 1002 1580 1037 creaturae,
1596 1000 1761 1030 ordinatur

988 1062 1044 1091 per
1067 1052 1142 1083 illud
1167 1055 1380 1092 piaeceptum²
1403 1062 1408 1080 z
1432 1053 1503 1084 Non
1528 1053 1657 1084 habebis
1681 1053 1759 1084 Deos

988 1106 1118 1136 alienos.
1145 1106 1325 1135 Secundum
1341 1106 1494 1135 rationem
1512 1107 1667 1143 veritatis,
1686 1116 1757 1146 quae

987 1160 1209 1198 appropriatur
1226 1159 1313 1196 Filio,
1337 1162 1367 1189 et
1391 1160 1538 1190 convenit
1554 1159 1616 1190 Deo
1643 1170 1758 1190 secuu-

986 1213 1062 1243 dum
1078 1212 1161 1251 quod
1183 1215 1229 1242 est
1243 1221 1337 1242 causa
1353 1212 1493 1242 formalis
1516 1215 1546 1242 et
1570 1212 1759 1252 exemplaris

986 1268 1150 1301 creaturas,
1171 1265 1335 1295 ordinatur
1359 1274 1414 1304 per
1431 1265 1505 1295 illud
1518 1265 1527 1280 ³
1553 1274 1559 1293 2
1581 1265 1651 1296 Non
1666 1274 1758 1296 assu-

986 1327 1046 1350 mes
1070 1327 1182 1349 nomen
1203 1319 1258 1349 Dei
1281 1319 1329 1349 tui
1355 1319 1391 1349 in
1414 1326 1544 1349 vonum.
1575 1317 1755 1348 Secundum

985 1372 1139 1402 rationem
1155 1371 1314 1408 bonitatis,
1331 1380 1403 1410 quae
1418 1371 1641 1410 appropriatur
1656 1370 1755 1410 Spiri-

984 1427 1032 1456 tui
1048 1428 1164 1462 sancto,
1182 1427 1212 1455 et
1232 1425 1380 1455 convenit
1394 1425 1455 1455 Deo
1471 1425 1647 1455 secundum
1670 1424 1752 1464 quod

983 1481 1030 1509 est
1044 1488 1138 1508 causa
1153 1478 1266 1515 finalis,
1283 1478 1447 1507 ordinatur
1466 1486 1521 1516 per
1539 1477 1614 1507 illud
1635 1477 1643 1493 ⁶
1659 1488 1665 1507 :
1686 1477 1755 1509 Me-

983 1535 1086 1563 memo
1103 1535 1136 1563 zet
1153 1531 1238 1562 diem
1253 1531 1376 1562 sabbati
1390 1531 1581 1569 sanctifices.
1609 1530 1655 1561 Ita
1669 1532 1755 1570 quod

981 1594 1038 1624 per
1053 1585 1105 1614 illa
1120 1585 1180 1614 tria
1203 1585 1299 1614 homo
1321 1584 1513 1614 sufficienter
1534 1583 1700 1614 ordinatur
1715 1584 1755 1614 ad

982 1638 1092 1674 Deum,
1108 1640 1143 1667 ut
1158 1637 1319 1676 subiaceat
1334 1646 1470 1667 summae
1488 1636 1656 1675 majestati,
1686 1646 1755 1667 cre-

981 1690 1033 1721 dat
1057 1700 1193 1721 summae
1220 1690 1357 1726 veritati,
1381 1692 1411 1720 et
1435 1683 1594 1720 adhaereat
1618 1698 1753 1720 summae

981 1745 1123 1774 bonitati.
1149 1744 1187 1774 Et
1210 1744 1280 1774 haec
1300 1743 1488 1774 sufficientia
1503 1745 1630 1782 sumpta
1653 1744 1752 1773 estex

979 1800 1066 1836 parte
1081 1798 1205 1836 objecti.
1233 1797 1379 1827 Secundo
1395 1797 1489 1826 modo
1507 1796 1645 1825 sumitur
1661 1796 1753 1825 suffi-

978 1851 1091 1881 cientia
1113 1860 1151 1880 ex
1178 1853 1265 1890 parte
1287 1849 1419 1888 sthecti
1444 1848 1641 1885 ordinabilis,
1668 1848 1752 1888 quod

978 1904 1107 1943 quidem
1132 1905 1179 1933 est
1199 1903 1306 1933 anima
1329 1902 1537 1940 rationabilis,
1565 1902 1597 1931 in
1617 1911 1680 1941 qua
1705 1904 1752 1932 est

978 1957 1093 1996 triplex
1116 1956 1164 1987 vis
1186 1957 1314 1994 motiva,
1340 1956 1514 1986 secundum
1538 1964 1634 1994 quam
1656 1954 1751 1985 habet

978 2010 1011 2039 iu
1025 2010 1124 2040 Deum
1139 2010 1291 2047 ordinari,
1316 2009 1460 2040 videlicet
1474 2007 1648 2045 rationalis,
1674 2016 1750 2038 con-

977 2063 1168 2102 cupiscibilis
1183 2065 1212 2093 ct
1229 2062 1405 2092 irascibilis,
1426 2061 1608 2092 Mandatum
1624 2060 1662 2091 de
1678 2060 1750 2090 ado-

976 2116 1097 2145 ratione
1114 2116 1240 2153 respicit
1260 2115 1361 2154 ipsam
1385 2114 1589 2151 i1·ascihilem;
1616 2113 1747 2144 manda—

976 2171 1045 2199 tum
1060 2178 1136 2199 vero
1159 2168 1332 2198 secundum
1349 2168 1475 2207 respicit
1491 2168 1591 2207 ipsam
1606 2166 1747 2197 rationa-

975 2222 1053 2260 lem3
1077 2223 1130 2252 sed
1156 2222 1340 2252 mandatum
1365 2221 1494 2251 tertium
1516 2222 1553 2251 de
1569 2220 1745 2250 sanctifica-

975 2275 1059 2318 tione
1075 2275 1200 2314 respicit
1224 2275 1324 2314 ipsam
1347 2274 1638 2314 concupiscibilem,
1666 2273 1746 2302 sicut

976 2328 1108 2358 intuenti
1137 2328 1211 2358 satis
1234 2330 1373 2367 apparet.
1400 2327 1439 2357 Et
1462 2328 1530 2357 haec
1558 2326 1744 2357 sufficientia

975 2383 1101 2421 sumpta
1126 2384 1172 2411 est
1196 2390 1235 2410 ex
1259 2383 1346 2420 parte
1368 2381 1512 2420 subjecti.
1539 2379 1643 2409 Tertio
1669 2388 1744 2409 vero

975 2434 1068 2464 modo
1092 2434 1228 2464 sumitur
1255 2433 1441 2463 sufficientia
1469 2442 1509 2463 ex
1538 2434 1626 2472 parte
1656 2433 1744 2462 aetus

974 2487 1092 2517 medii:
1118 2487 1232 2526 triplex
1256 2487 1340 2516 euim
1367 2489 1413 2516 est
1438 2488 1545 2523 actus,
1569 2485 1743 2515 secundum

974 2549 1068 2579 quem
1087 2541 1182 2570 habet
1202 2540 1298 2570 homo
1314 2540 1346 2569 111
1362 2539 1459 2569 Deum
1474 2538 1626 2575 ordinari,
1654 2537 1743 2569 vide—

974 2593 1046 2623 licet
1060 2594 1147 2624 actus
1162 2593 1277 2632 operis,
1294 2592 1368 2629 0115,
1392 2593 1422 2622 et
1436 2590 1539 2622 cordis
1556 2601 1563 2621 ε
1580 2599 1676 2630 penes
1689 2599 1741 2621 ac-

1789 632 1874 658 triplex,

1780 1074 1873 1099 rraeeep-

1792 1107 1844 1123 tnui.
1855 1106 1874 1124 1.

1777 1277 1870 1303 Pin-ecep-

1784 1309 1826 1327 tum
1847 1309 1866 1327 2.

1781 1470 1882 1497 Prfflcep·

1783 1503 1826 1521 tum
1850 1503 1870 1522 3.

1790 1807 1851 1827 suffi-

1769 1837 1873 1858 clenti-312.

1777 2397 1838 2417 Susti-

1759 2428 1835 2447 vienna
1844 2429 1864 2448 3.
