2017 2948
688 189 786 221 DIST.
811 188 871 219 XL.
896 188 985 219 ART.
1009 189 1033 219 1.
1057 187 1204 225 QUAEST.
1229 187 1252 218 1.

183 260 213 290 et
229 260 489 290 comminationes
506 271 512 289 :
536 259 589 289 sed
610 257 834 297 promissiones
855 256 952 285 attra-

185 312 265 342 hunt
279 312 317 342 ad
328 321 486 349 amorem;
503 310 762 342 comminationes
774 318 849 339 vero
860 308 952 338 indu-

183 367 258 395 cunt
268 365 428 395 timorem:
443 364 544 402 igitur
556 363 650 393 timor
662 364 692 392 81
702 371 792 392 amor
804 361 951 391 convenit

183 417 323 457 utrique;
340 426 419 456 ergo
437 425 530 456 penes
545 416 604 446 hoc
620 424 683 446 non
707 414 949 452 distinguuntur

183 470 222 499 ab
237 469 383 499 invicem.

221 524 250 552 6.
265 521 352 559 Ι1881,
370 521 533 561 graviores
548 520 807 551 comminationes
822 520 902 549 siunt
916 519 949 549 in

180 574 251 612 lege
272 582 369 611 nova,
395 582 490 612 quam
516 574 548 603 in
572 574 644 611 lege
668 572 782 610 veteri,
809 572 884 611 quia
906 572 948 601 ibi

180 625 369 665 puniebatur
379 625 474 656 homo
486 634 578 665 pcena
588 625 764 664 temporali,
780 624 831 654 hic
841 626 948 654 autem

181 678 392 708 comminatur
406 677 487 708 Deus
503 687 628 717 poenam
642 680 803 707 aeternam.
823 676 855 708 Si
871 686 948 716 ergo

181 730 282 768 major
299 730 501 760 comminatio
521 733 567 760 est
586 730 747 760 inductiva
766 729 894 768 maioris
909 729 949 759 11-

180 783 294 819 810115,
319 783 445 813 videtur
466 783 550 822 quod
574 783 670 813 timor
696 782 800 821 magis
821 782 948 813 deberet

178 834 242 873 legi
259 843 368 871 novae,
390 844 485 874 quam
505 836 604 865 veteri
619 835 815 874 appropriari
833 846 839 864 :
860 834 949 865 vide-

179 889 231 917 tur
252 888 351 927 igitur
366 889 448 928 quod
470 898 565 928 penes
586 889 643 918 has
655 889 732 918 duas
746 888 866 918 radices
884 897 948 918 1108

179 942 261 970 recte
282 941 463 979 assignetur
485 941 661 971 differentia
682 941 763 979 legis
782 940 897 971 veteris
918 942 949 970 et

179 1001 288 1030 novae,
304 995 373 1023 tum
391 1003 446 1033 per
461 994 727 1033 comparationem
742 994 883 1032 ipsarum
895 1002 947 1023 ra-

178 1045 282 1075 dicum
298 1046 337 1076 ad
351 1046 506 1084 invicem,
524 1049 592 1077 tum
608 1056 663 1086 per
680 1046 947 1086 comparationem

178 1098 216 1127 ad
230 1098 312 1137 ipsas
328 1098 426 1137 leges.

430 1208 691 1239 CONCLUSIO.

177 1292 229 1318 Lea:
238 1294 310 1319 vetus
324 1294 476 1321 <licitur-Iex
485 1295 599 1328 timoris,
612 1297 636 1321 et
650 1295 692 1321 lese
704 1303 773 1321 nova
782 1296 824 1321 lez
835 1296 945 1326 amoris,

297 1337 435 1364 secundum
450 1337 521 1364 beati
536 1339 617 1365 Pauli
631 1340 816 1366 testimonium.

216 1414 307 1455 Resp.
321 1416 361 1446 ad
374 1425 442 1455 arg.
460 1416 508 1446 Ad
524 1417 747 1456 praedictorum
763 1418 943 1457 intelligen-

179 1467 255 1497 tiam
271 1471 317 1498 est
330 1469 520 1506 notandum,
538 1471 623 1510 quod
637 1481 709 1501 cum
724 1481 947 1511 comparamus

176 1520 233 1550 has
247 1521 331 1560 18385
342 1522 379 1551 ad
396 1522 530 1553 invicem
541 1546 549 1560 ,
566 1523 625 1553 hoc
640 1526 741 1563 potest
758 1533 825 1554 esse
840 1524 946 1564 dupli-

177 1573 269 1611 citer;
287 1574 337 1604 vel
352 1575 526 1605 secundum
541 1577 657 1606 statum
670 1586 883 1614 communem,
896 1577 947 1608 vel

176 1626 283 1656 habito
297 1629 441 1666 respectu
456 1628 495 1658 ad
510 1630 627 1659 statum
639 1630 779 1669 specialis
791 1640 943 1670 personae.

177 1679 208 1710 Si
224 1680 330 1710 habito
352 1683 492 1720 respectu
512 1682 551 1712 ad
567 1685 683 1713 statum
707 1684 850 1723 specialis
874 1693 946 1724 per-

176 1741 273 1770 sonae,
287 1733 330 1763 sic
343 1742 438 1772 penes
450 1733 517 1764 haec
530 1735 593 1765 duo
608 1745 671 1766 non
684 1739 730 1766 est
743 1737 921 1767 differentia
936 1747 944 1767 ;

175 1795 249 1816 nam
265 1786 357 1816 multi
372 1787 404 1816 in
417 1787 488 1825 lege
502 1789 684 1827 evangelica
700 1790 861 1820 ducuntur
876 1800 943 1830 spi-

175 1839 237 1868 ritu
252 1839 388 1876 timoris3
407 1840 496 1869 multi
509 1841 603 1870 etiam
616 1842 648 1871 in
658 1842 729 1881 lege
739 1843 837 1873 veteri
854 1844 944 1874 duce-

174 1891 290 1921 bantur
305 1891 417 1930 spiritu
437 1893 564 1923 amoris.
582 1893 614 1923 Si
631 1903 706 1925 vero
722 1904 944 1934 comparemus

172 1943 229 1973 has
250 1944 338 1982 leges
359 1944 397 1974 ad
423 1944 558 1975 invicem
571 1969 578 1982 ‚
605 1946 712 1977 habito
736 1950 880 1986 respectu
904 1948 942 1978 ad

172 1998 289 2026 statum
311 2005 530 2035 communem3
553 1999 613 2037 sic,
636 2000 711 2038 quia
733 2000 785 2030 lex
806 2001 943 2032 mosaica

171 2049 356 2088 respiciebat
369 2052 486 2080 statum
502 2051 747 2090 imperfectionis
757 2077 764 2090 ,
777 2054 852 2092 quia
866 2057 873 2072 ¹
886 2062 941 2085 ne-

171 2103 287 2133 minem
300 2102 343 2133 ad
350 2103 520 2141 perfectum
531 2104 672 2136 adduxit
686 2105 750 2143 leoe,
767 2107 940 2137 secundum

172 2155 254 2193 quod
265 2155 337 2185 dicit
344 2156 512 2195 Apostolus
518 2157 561 2188 ad
569 2157 719 2196 Hebreos‚·
728 2158 940 2198 Evangelium

173 2216 248 2237 vero
264 2208 388 2247 respicit
401 2211 517 2239 statum
533 2211 748 2249 perfectionis,
766 2213 942 2244 secundum

173 2260 257 2299 quod
276 2260 388 2291 dicitur
403 2265 412 2280 ²
430 2273 436 2292 ε
456 2263 561 2294 Estote
582 2264 726 2302 perfecti,
748 2265 831 2296 sicut
852 2268 945 2304 pater

174 2317 275 2346 vester
293 2315 425 2346 coelestis
444 2318 604 2355 perfectus
619 2321 683 2354 est‚·
699 2320 728 2348 et
743 2318 940 2358 imperfecto-

173 2376 245 2397 rum
267 2370 313 2398 est
337 2368 408 2398 duci
429 2369 541 2408 spiritu
564 2370 704 2408 timoris,
731 2372 940 2410 perfectorum

173 2429 248 2450 vero
271 2420 385 2460 spiritu
404 2421 543 2451 amoris:
560 2422 634 2452 hinc
649 2425 695 2453 est
720 2424 805 2463 quod
829 2434 942 2455 secun-

176 2472 254 2503 dum
269 2475 385 2503 statum
403 2483 605 2505 communem
621 2485 714 2515 penes
729 2477 796 2507 haec
814 2477 876 2508 duo
892 2478 944 2508 ha-

176 2525 227 2555 bet
241 2525 358 2556 harum
371 2527 506 2557 duarum
520 2527 630 2566 legum
649 2528 825 2560 differentia
839 2531 944 2570 assig-

204 2608 208 2620 ¹
226 2605 310 2635 Hebr.‚
326 2612 376 2636 vn,
391 2607 429 2630 19.
445 2607 491 2623 —2
506 2607 604 2635 Mamm,
621 2613 648 2637 ν,
666 2610 702 2632 ts.
715 2609 763 2625 —³
778 2609 866 2640 Erocl„
883 2616 941 2639 xix,

175 2644 218 2672 111,
233 2643 316 2673 quoad
330 2649 442 2667 sensum.
453 2644 501 2660 -δ
516 2644 617 2672 Mutila„
635 2650 658 2673 v,
673 2647 696 2669 8.

1707 191 1765 220 233

1007 254 1087 285 nari.
1102 254 1239 292 Signum
1250 254 1357 283 autem
1366 252 1464 292 hujus
1473 253 1658 284 differentiae
1668 263 1776 294 appre-

1007 306 1157 337 henditur
1170 306 1203 336 in
1219 306 1312 336 modo
1327 306 1446 336 ferendi
1461 305 1542 335 hanc
1557 306 1713 345 duplicem
1730 308 1776 338 le·-

1006 368 1081 397 gem
1098 370 1103 388 :
1121 358 1197 398 quia
1210 358 1262 388 lex
1276 360 1368 388 vetus
1384 357 1455 387 data
1472 358 1530 387 fuit
1549 367 1621 388 cum
1639 359 1776 390 clamore

1006 420 1136 450 magno,
1149 413 1179 441 et
1190 411 1312 448 timore,
1328 410 1500 440 secundum
1514 410 1596 448 quod
1608 410 1721 441 dicitur
1745 412 1771 443 ³.

1004 465 1046 494 ita
1072 464 1156 503 quod
1187 463 1323 502 populus
1350 471 1414 492 non
1443 462 1577 492 audebat
1603 463 1774 502 appropin-

1003 528 1101 559 quare
1118 528 1125 548 :
1141 518 1192 548 lex
1215 520 1320 548 autem
1346 517 1511 556 Evangelii
1537 518 1608 548 data
1633 521 1678 548 est
1701 528 1774 548 cum

1004 580 1123 609 magna
1141 570 1342 609 benignitate
1361 572 1392 600 et
1414 570 1596 607 dulcedine,
1622 572 1773 609 quoniam

1003 623 1067 663 ipse
1092 623 1158 653 Rex
1174 633 1288 662 regum
1304 624 1336 653 in
1353 623 1455 653 medio
1478 622 1706 662 discipulorum
1722 633 1774 654 se-

1003 677 1079 707 dens
1101 677 1230 707 docebat
1253 685 1305 706 eos
1330 676 1437 705 dicens
1451 675 1461 690 '⁴
1483 685 1490 704 :
1512 677 1603 707 Beati
1619 684 1775 715 pauperes

1002 730 1139 768 spiritu,
1157 732 1215 760 etc.
1242 729 1277 759 tit
1292 729 1344 758 1118
1361 729 1505 759 diversus
1520 729 1633 759 modus
1655 730 1775 760 ferendi

1002 782 1109 821 legem
1119 782 1258 812 insinuat
1273 782 1363 811 nobis
1377 781 1592 811 diversitatem
1607 782 1662 821 huj
1670 791 1705 811 us
1720 783 1776 812 du-

1003 835 1091 874 plicis
1105 835 1218 865 radicis
1232 835 1265 864 in
1279 834 1487 871 observando,
1500 843 1572 873 quae
1589 835 1637 864 his
1652 835 1776 866 duabus

1002 887 1129 925 legibus
1144 887 1340 925 competebat
1357 888 1483 924 propter
1499 886 1658 916 diversam
1673 887 1776 925 quaii-

1002 942 1098 969 tatem
1109 947 1328 979 personarum,
1341 941 1369 968 el
1383 940 1481 967 status
1492 946 1615 974 earum,
1628 939 1667 968 ob
1679 948 1776 977 quam

1002 993 1165 1031 oportebat
1174 990 1384 1022 diversimode
1394 990 1577 1020 manuduci.
1587 990 1685 1029 Unde,
1697 991 1778 1022 sicut

1002 1045 1149 1076 videmus
1161 1044 1193 1073 111
1209 1043 1471 1083 disciplinalibuS,
1483 1043 1567 1082 quod
1577 1043 1616 1073 ad
1632 1044 1777 1074 homines

1002 1097 1224 1136 persuasibiles
1244 1096 1399 1126 utendum
1414 1098 1460 1126 est
1475 1096 1660 1134 syllogismo
1676 1098 1777 1127 osten-

1002 1150 1080 1187 sivo,
1094 1150 1150 1189 qui
1160 1149 1246 1180 ducit
1256 1149 1372 1179 directe
1385 1149 1424 1178 ad
1434 1157 1547 1178 verum
1559 1159 1565 1185 ;
1581 1148 1620 1178 ad
1632 1149 1777 1179 homines

1002 1211 1079 1232 vero
1103 1202 1314 1232 contentiosos
1340 1201 1495 1231 utendum
1517 1203 1565 1230 est
1589 1201 1776 1240 syllogismo

1002 1264 1058 1295 per
1080 1255 1290 1294 impossibile,
1308 1255 1364 1293 qui
1380 1254 1465 1285 ducit
1484 1254 1523 1284 ad
1540 1254 1702 1284 manifeste
1717 1255 1774 1285 fal-

1005 1317 1087 1344 sum,
1100 1311 1134 1338 ut
1150 1317 1205 1347 per
1220 1307 1297 1337 illud
1307 1307 1435 1337 reducat
1444 1307 1483 1337 ad
1497 1316 1610 1337 verum
1624 1318 1629 1337 ;
1642 1307 1686 1337 518
1700 1308 1775 1347 quia

1006 1361 1037 1390 in
1048 1363 1188 1400 tempore
1198 1360 1279 1398 legis
1294 1359 1410 1391 veteris
1425 1362 1514 1390 erant
1525 1360 1670 1390 homines
1684 1361 1774 1391 (18118

1005 1414 1150 1451 cervicis,
1167 1415 1197 1443 et
1213 1413 1252 1443 ad
1267 1413 1388 1443 malum
1406 1413 1514 1452 proni,
1534 1413 1687 1443 Dominus
1702 1423 1776 1453 pro—
1818 1415 1843 1427 ¹¹⁰

1002 1467 1108 1506 posuit
1122 1466 1384 1495 comminationes
1394 1489 1401 1502 ‚
1419 1468 1450 1495 et
1462 1466 1583 1496 taxavit
1596 1466 1690 1496 etiam
1706 1476 1775 1505 gra-

1002 1528 1057 1550 ves
1074 1527 1200 1558 11888115,
1218 1520 1253 1548 81
1277 1527 1333 1557 per
1351 1518 1410 1548 1108
1435 1517 1589 1549 incuteret
1613 1519 1658 1549 eis
1681 1520 1773 1550 timo-

1002 1581 1087 1609 rem,
1110 1580 1166 1611 per
1183 1580 1277 1610 quem
1293 1580 1311 1600 a
1333 1571 1416 1600 malo
1431 1573 1669 1609 revocarentur,
1693 1574 1723 1602 et
1736 1574 1775 1602 atl

1001 1625 1121 1655 bonum
1133 1624 1376 1654 stimularentur
1387 1635 1393 1661 ;
1407 1624 1460 1654 sed
1470 1625 1673 1664 postmodum
1682 1635 1775 1665 appa-

1002 1680 1089 1708 rente
1113 1677 1310 1715 benignitate
1332 1679 1363 1707 et
1383 1677 1580 1708 humanitate
1603 1678 1774 1709 Saivatoris

1001 1731 1098 1761 nostri
1114 1731 1184 1768 Dei,
1205 1733 1371 1770 cceperunt
1392 1731 1538 1761 homines
1557 1740 1624 1762 esse
1639 1741 1773 1771 persua—

1001 1784 1106 1814 sibiles
1122 1795 1127 1813 :
1145 1787 1176 1814 et
1191 1784 1260 1813 ideo
1275 1784 1497 1823 111-0905811815
1513 1784 1664 1815 Dominus
1680 1794 1770 1824 mag-

1000 1846 1057 1867 nas
1080 1839 1111 1867 81
1135 1837 1250 1867 multas
1278 1837 1519 1876 promissiones,
1552 1846 1606 1876 per
1632 1847 1771 1877 quarum

1001 1899 1141 1920 amorem
1152 1893 1181 1920 et
1196 1890 1386 1920 desiderium
1397 1890 1535 1920 alliceret
1546 1899 1600 1921 eos
1611 1891 1649 1921 ad
1657 1891 1775 1931 ,facien-

1001 1943 1076 1973 dum
1092 1944 1223 1973 bonum.
1242 1943 1279 1973 Et
1303 1945 1467 1982 propterea
1482 1943 1534 1973 lex
1552 1946 1643 1974 vetus
1658 1944 1772 1974 dicitur

1001 1996 1051 2026 lex
1062 1996 1200 2032 timoris;
1214 1996 1264 2026 lex
1277 1996 1442 2035 Evangelii
1454 1996 1567 2026 dicitur
1577 1996 1629 2027 lex
1639 1997 1770 2035 amoris,

1001 2051 1174 2081 secundum
1205 2051 1423 2081 testimonium
1457 2051 1598 2091 Apostoli
1628 2054 1659 2082 et
1694 2052 1775 2082 beati

1000 2105 1184 2143 Augustini.

1041 2161 1068 2188 1.
1088 2158 1133 2188 Ad
1151 2157 1228 2188 illud
1248 2166 1323 2188 vero
1338 2157 1422 2197 quod
1438 2158 1585 2196 objicitur
1601 2158 1632 2188 in
1648 2160 1772 2188 contra-

999 2211 1105 2248 rium,
1130 2210 1214 2250 quod
1234 2211 1330 2240 timor
1356 2210 1512 2240 radicatur
1530 2211 1561 2240 in
1577 2220 1684 2241 amore
1696 2235 1704 2249 ‚
1724 2211 1772 2241 di-

999 2264 1133 2294 cendum
1155 2264 1240 2303 quod
1255 2263 1373 2302 duplex
1389 2265 1435 2293 est
1451 2273 1552 2300 amor,
1574 2263 1689 2293 scilicet
1708 2272 1772 2303 quo

999 2319 1124 2346 amatur
1135 2316 1215 2346 Deus
1228 2316 1260 2345 in
1273 2318 1430 2355 qnantum
1444 2317 1556 2352 bonus,
1570 2318 1600 2346 et
1613 2325 1676 2355 quo
1688 2325 1772 2346 ama-

999 2372 1052 2399 tur
1066 2369 1099 2399 in
1114 2370 1269 2408 quantum
1286 2369 1457 2399 beneficus.
1480 2369 1527 2399 Ex
1549 2369 1649 2399 mimo
1664 2377 1772 2399 amore

999 2425 1063 2455 exit
1086 2425 1181 2455 timor
1202 2424 1305 2454 tilialis
1318 2448 1325 2461 ⁷
1349 2425 1405 2463 qui
1427 2424 1514 2454 timet
1530 2426 1651 2463 patrem
1671 2424 1771 2454 offen-

998 2478 1088 2515 dere,
1111 2478 1238 2516 propter
1254 2477 1313 2506 hoc
1330 2477 1413 2516 quod
1434 2486 1508 2507 eum
1525 2476 1638 2515 diligit.
1662 2475 1708 2506 Ex
1723 2485 1772 2506 se-

998 2530 1101 2561 cundo
1122 2529 1223 2559 oritur
1244 2529 1339 2559 timor
1361 2538 1463 2568 poena>
1476 2552 1483 2565 ‚
1506 2538 1570 2568 quo
1592 2528 1662 2568 quis
1686 2528 1774 2559 timet

999 2583 1150 2613 beneficia
1166 2582 1295 2622 perdere
1305 2606 1314 2619 ‚
1336 2584 1366 2612 81
1381 2582 1464 2612 mala
1479 2590 1581 2620 poenae
1597 2582 1771 2612 incurrere.

1001 2638 1124 2668 Primus
1149 2646 1238 2668 amor
1253 2640 1283 2667 et
1299 2637 1393 2667 timor
1417 2637 1565 2667 convenit
1587 2636 1652 2676 legi
1677 2645 1775 2667 evau-

1790 1352 1853 1365 moris

1803 1314 1845 1334 Lex
1855 1315 1880 1334 ti-

1803 1377 1880 1396 amoris

1792 1440 1886 1458 dicatur.

1874 1348 1895 1366 et
