2017 2948
274 149 332 177 712

275 213 369 241 Quaest.
385 212 408 235 5.
426 211 514 235 Utrum
534 210 567 234 eit
585 216 680 242 ponere
696 209 866 242 aequalitatem
882 210 907 234 in
922 210 966 233 ha-

304 247 399 271 bitibus
413 246 539 278 gratuitis.

274 283 368 311 Quaest.
385 283 408 306 6.
424 282 514 306 Utrum
528 281 636 306 charitas
647 281 679 306 sit
690 281 773 306 forma
786 281 919 305 virtutum.

274 318 346 342 Disr.
364 322 464 341 xxxvn.

275 353 406 384 Expositio
424 354 519 377 textus.

275 390 337 413 Aur.
362 395 379 413 1.
406 389 499 417 Quaest.
521 391 543 413 1.
559 389 648 412 Utrum
663 388 731 412 Deus
743 386 859 410 debuerit
872 386 970 411 homini

306 424 438 455 imponere
454 424 573 448 mandata
588 423 747 453 obligatoria.

276 460 370 488 Quzest.
385 460 410 483 2.
427 460 516 483 Utrum
535 461 663 490 praecepta
677 457 791 488 decalogi
811 457 925 489 obligent
937 457 969 482 ad

307 500 385 525 opera
399 494 518 518 formata.

276 529 370 558 Quaest.
386 529 410 553 3,
425 529 514 553 Utrum
529 528 650 559 obligatio
661 528 839 552 mandatorum
855 527 971 558 decalogi

305 564 452 588 attendatur
471 564 611 587 secundum
634 563 716 594 legem
738 564 833 587 naturae
847 581 852 592 ‚
867 564 910 587 aut
930 570 970 587 se-

307 600 419 623 cundum
434 599 517 629 legem
532 599 673 628 scripturae.

275 636 337 659 Aur.
353 640 383 659 11.
401 635 494 663 Quaest.
514 636 537 658 1.
559 635 649 658 Utrum
664 634 784 658 mandata
799 633 913 665 decalogi
928 634 971 658 de-

307 670 386 694 beant
401 676 456 693 esse
471 669 575 700 decem,
589 676 621 693 an
636 669 719 700 plura,
735 676 767 693 an
778 669 906 700 pauciora.

275 706 370 733 Quaest.
385 706 408 729 2.
427 706 463 729 An
485 704 604 729 mandata
619 704 733 735 decalogi
751 705 800 728 sint
818 705 883 728 bene
903 705 971 729 ordi-

309 743 376 764 nata.

276 776 368 804 Quaest.
389 776 411 799 3.
434 776 523 799 Utrum
542 775 662 800 mandata
676 775 791 806 decalogi
811 775 974 799 attendantur

306 811 448 835 secuudum
464 810 598 834 litteralem
610 829 618 842 ‚
632 818 665 834 an
680 811 815 841 mysticum
830 817 943 834 sensum.

276 848 347 871 Disr.
363 851 474 870 xxxvm.

275 881 404 912 Expositio
418 883 512 905 textus.

275 919 337 941 ΑΜ.
354 923 374 940 1.

275 953 368 981 Quaest.
395 954 417 976 1.
440 952 529 976 Utrum
555 951 687 975 essentiale
708 951 740 976 sit
765 951 898 976 mendacio
916 957 971 974 esse

305 988 405 1012 salsum.

275 1024 370 1051 Quaest.
390 1023 414 1045 2.
439 1023 528 1046 Utrum
553 1022 686 1046 essentiale
706 1023 737 1047 sit
759 1021 894 1046 mendacio
916 1028 972 1045 esse

306 1059 448 1088 peccatum.

277 1093 372 1121 Quaest.
389 1094 412 1116 3.
427 1093 516 1117 Utrum
531 1093 694 1116 mendacium
709 1093 740 1117 sit
753 1095 886 1124 peccatum
901 1100 968 1117 mor—

307 1128 354 1151 tale
366 1127 464 1151 ratione
480 1128 519 1151 sui
534 1128 645 1159 generis.

279 1164 373 1191 Quaest.
389 1164 412 1187 4.
433 1163 523 1187 Utrum
542 1170 618 1187 omne
641 1163 801 1188 mendacium
820 1164 852 1188 sit
865 1162 971 1187 mortale

306 1198 367 1221 viris
382 1197 509 1228 perfectis.

278 1234 374 1262 Quaest.
390 1234 412 1257 5.
430 1234 465 1256 De
479 1233 557 1264 ipsius
571 1233 697 1257 mendacii
713 1233 846 1257 divisione.

275 1269 371 1297 Quaest.
388 1269 409 1292 6,
427 1269 463 1292 De
476 1269 597 1299 gradibus
609 1269 752 1300 specierum
767 1268 902 1293 mendacii.

276 1305 346 1327 Dssr.
363 1309 454 1327 xxxix.

276 1338 406 1369 Expositio
420 1340 511 1363 textus,

276 1376 338 1398 ART.
358 1380 377 1397 1.
399 1374 492 1402 Quaest.
515 1376 538 1397 1.
558 1375 647 1398 Utrum
663 1374 733 1398 omni
748 1374 859 1405 perjurio
875 1379 971 1397 conve-

305 1409 357 1433 niat
372 1409 461 1433 adesse
475 1409 648 1434 mendacium.

276 1446 369 1474 Quaest.
384 1447 407 1469 2.
426 1446 516 1470 Utrum
531 1453 608 1470 omne
623 1445 766 1477 perjurium
780 1445 812 1469 sit
828 1447 971 1476 peccatum.

276 1481 369 1509 Quaest.
388 1482 411 1504 3.
434 1481 524 1505 Utrum
548 1488 624 1505 omne
650 1481 789 1512 perjurium
811 1481 842 1504 sit
865 1480 971 1504 mortale

307 1517 449 1546 peccatum.

275 1552 339 1575 ART.
360 1557 388 1576 11.

276 1586 374 1614 Quaest-
388 1588 411 1610 1.
428 1586 517 1610 Utrum
542 1585 639 1609 licitum
659 1586 692 1610 sit
709 1586 795 1617 jurare
814 1592 860 1616 per
880 1587 971 1609 Deum.

276 1621 371 1649 Quaest.
388 1623 411 1645 2.
429 1621 519 1645 Utrum
535 1621 606 1644 liceat
618 1621 704 1651 jurare
722 1628 768 1651 per
782 1620 885 1651 aliquod
900 1627 971 1644 crea-

307 1659 369 1681 tum.

276 1692 370 1720 Quaest.
383 1692 406 1714 3.
424 1691 512 1714 Utrum
530 1691 605 1715 liceat
618 1691 734 1721 recipere
749 1691 923 1722 juramentum
940 1690 972 1713 ab

307 1726 446 1750 idololatris
463 1726 566 1750 factum.

276 1764 338 1786 ΑΜ.
354 1768 392 1786 111.
412 1762 505 1790 Quaest.
525 1764 547 1786 1.
564 1763 654 1786 Utrum
671 1761 793 1793 obligatio
809 1760 973 1785 contrabatur

307 1804 352 1828 per
361 1797 537 1828 juramentum
551 1797 679 1821 dolosum.

276 1833 371 1861 Quaest.
386 1834 409 1856 2.
426 1833 515 1856 Utrum
531 1839 607 1856 omne
617 1832 791 1863 juramentum
806 1831 883 1856 etiam
898 1838 971 1855 coac-

307 1870 361 1892 tum
376 1868 409 1892 sit
423 1868 612 1899 obligatorium.

276 1904 371 1932 Quaest.
386 1904 409 1927 3.
425 1903 513 1927 Utrum
522 1903 697 1935 juramentum
718 1903 847 1928 incautum
861 1904 892 1928 sit
907 1903 972 1927 obli-

307 1939 444 1969 gatorium.

277 1976 350 1998 D1sr.
370 1980 413 1998 XL.

277 2009 407 2040 Expositio
421 2010 516 2033 textus.

277 2046 338 2069 Anr.
354 2051 372 2068 1.
389 2046 482 2073 Quaest.
500 2047 521 2068 1.
538 2046 574 2068 De
590 2045 731 2069 differentia
754 2052 828 2069 novae
850 2045 929 2076 legis,
948 2046 972 2068 et

312 2080 401 2103 veteris
411 2098 419 2110 ,
434 2086 491 2110 quae
508 2080 650 2111 assignatur
665 2087 744 2111 penes
757 2080 879 2104 radicem.

279 2114 372 2142 Quaest.
396 2116 420 2138 2.
442 2115 478 2138 De
496 2114 638 2138 differentia
652 2116 817 2146 earumdem,
833 2121 889 2146 quae
908 2115 970 2138 assi-

308 2151 400 2180 gnatur
411 2156 490 2180 penes
500 2149 626 2180 effectum,
639 2150 757 2174 videlicet
767 2150 835 2181 quod
847 2150 889 2174 lex
899 2152 972 2174 vetus

309 2186 363 2208 erat
375 2184 415 2208 lex
429 2184 562 2214 occidens,
578 2185 619 2208 lex
634 2192 696 2209 vero
714 2192 782 2209 nova
801 2187 840 2209 est
853 2185 893 2209 lex
907 2185 971 2208 vivi-

308 2219 397 2243 ficans.

278 2255 370 2282 Quaest.
396 2256 419 2278 3.
448 2256 484 2279 De
510 2254 650 2278 differentia
674 2255 748 2286 Legis
758 2274 766 2286 ,
794 2257 818 2279 et
842 2254 971 2285 Evangelii

309 2291 431 2320 quantum
446 2290 477 2313 ad
490 2296 555 2314 onus
570 2296 708 2313 annexum.

278 2324 306 2347 ln
319 2324 410 2348 librum
425 2326 543 2355 quartum
557 2324 749 2349 sententiarum.
768 2325 932 2350 Proosmium.

278 2360 348 2385 Disr.
365 2366 381 2383 1.
398 2361 467 2384 PARS
484 2366 501 2384 1.

279 2395 411 2425 Expositio
427 2397 520 2419 textus.

279 2431 340 2454 Aur.
361 2437 379 2454 1.
395 2430 489 2458 Quaest.
513 2433 534 2455 1.
559 2431 596 2454 An
608 2431 767 2455 sacramenta
781 2431 917 2455 debuerint
931 2431 970 2454 in-

310 2465 388 2490 stitui-

279 2501 373 2528 Quaest.
389 2502 412 2524 2.
432 2502 470 2525 An
489 2500 636 2532 significatio
654 2501 685 2525 sit
706 2501 737 2526 de
760 2501 868 2526 essentia
888 2508 972 2525 sacra-

310 2535 400 2560 menti.

281 2572 375 2599 Quaest.
388 2572 412 2595 3.
429 2573 468 2595 An
481 2574 639 2596 sacramenta
652 2573 702 2597 sint
716 2573 802 2604 gratiae
815 2573 970 2598 contentiva.

282 2606 374 2634 Quaest.
390 2608 411 2630 4.
428 2608 465 2630 An
480 2610 638 2632 sacramenta
653 2608 702 2633 sint
716 2608 831 2633 effectiva
845 2608 942 2639 gratim.

1009 142 1138 175 lNDEX.

1002 246 1043 269 ¹41

1003 281 1044 303 144

1003 317 1045 340 147

1003 352 1046 374 150

1004 422 1046 446 158

1004 494 1047 517 160

1005 599 1048 622 163

1003 669 1048 692 160

1006 741 1048 763 170

1005 810 1048 833 173

1003 846 1046 868 176

1005 881 1048 904 178

1005 916 1046 938 181

1005 986 1049 1009 182

1006 1057 1048 1080 184

1003 1128 1048 1151 188

1005 1198 1048 1220 190

1006 1233 1048 1256 193

1005 1268 1048 1291 195

1004 1304 1048 1326 198

1004 1338 1048 1361 202

1003 1409 1048 1432 206

1004 1445 1048 1467 208

1004 1516 1049 1539 2¹0

1003 1552 1046 1574 211

1004 1586 1049 1608 212

1004 1656 1048 1678 214

1003 1726 1048 1749 217

1004 1797 1049 1820 219

1004 1868 1049 1891 222

1004 1939 1049 1962 223

1004 1974 1049 1997 226

1004 2010 1048 2032 227

1005 2080 1049 2102 232

1004 2220 1048 2243 235

1004 2290 1048 2312 237

1004 2325 1046 2348 241

1004 2360 1048 2383 244

1003 2395 1048 2418 245

1003 2466 1048 2490 249

1004 2537 1047 2560 251

1005 2572 1049 2596 253

1005 2609 1049 2632 255

1101 210 1195 238 0111851.
1215 210 1240 233 5.
1265 211 1303 234 An
1331 210 1362 234 sit
1383 209 1523 235 differentia
1547 210 1613 236 inter
1637 214 1795 238 sacramenta

1132 252 1207 269 novae
1221 247 1246 269 et
1259 245 1353 269 veteris
1364 245 1436 277 legis.

1101 280 1196 308 Quaest.
1212 282 1236 305 6.
1249 282 1287 304 An
1302 281 1382 312 gratia
1397 281 1587 306 sacramentalis
1601 282 1632 307 sit
1647 283 1735 307 eadem
1749 289 1795 314 per

1133 315 1270 340 essentiam
1282 323 1340 340 cum
1356 316 1436 347 gratia
1449 317 1580 341 virtutum.

1101 351 1168 376 Paris
1186 357 1212 375 11,

1103 387 1234 417 Expositio
1248 388 1340 411 textus.

1103 423 1165 446 ΛΒΤ.
1184 428 1201 446 1.
1224 423 1317 451 Quaest.
1344 424 1364 446 1.
1389 424 1424 446 An
1445 422 1475 446 ad
1501 423 1642 447 remedium
1670 423 1797 455 originalis

1134 457 1259 481 suffecerit
1273 458 1335 482 fides
1349 457 1472 482 informis.

1103 493 1198 522 Quzcst.
1215 494 1238 516 2.
1254 493 1292 516 An
1311 493 1336 516 in
1352 492 1462 523 parvulis
1480 493 1512 516 ad
1528 493 1705 518 remissionem
1719 493 1797 525 origi-

1135 527 1198 551 nalis
1210 527 1335 551 suffecerit
1353 528 1406 551 sola
1420 528 1491 552 fides.

1104 564 1198 592 Quzest.
1215 564 1238 586 3.
1254 564 1292 586 An
1307 563 1398 587 adultis
1420 566 1487 588 esset
1504 564 1646 588 necessaria
1660 564 1741 588 virtus
1755 570 1795 588 sa-

1136 597 1233 622 crificii.

1103 635 1164 658 Aar.
1185 639 1211 657 11.
1234 633 1330 661 Quaest.
1347 635 1369 657 1.
1388 635 1426 657 An
1444 633 1585 658 remedium
1599 633 1798 659 circumcisionis

1135 674 1248 699 congrue
1262 668 1293 692 sit
1308 668 1460 692 institutum.

1104 704 1197 732 Quzest.
1217 706 1240 727 2.
1255 704 1293 727 An
1311 710 1386 727 sexus
1396 703 1559 733 masculinus,
1572 704 1716 728 membrum
1728 711 1797 735 prae-

1134 739 1196 770 putii
1207 757 1215 770 ,
1237 741 1261 763 et
1280 739 1334 762 dics
1350 741 1455 769 octavus
1480 739 1530 762 sint
1544 739 1575 763 de
1590 739 1733 771 integritate
1747 739 1796 764 cir-

1135 774 1307 798 cumcisionis.

1104 812 1198 839 Quaest.
1222 811 1244 834 3.
1269 811 1307 834 An
1331 814 1519 834 sacramentum
1545 810 1743 835 circumcisionis
1766 810 1798 835 sit

1135 845 1221 877 gratiae
1236 846 1389 870 collativum.

1105 882 1177 906 Disr.
1194 886 1222 905 11.

1105 917 1234 948 Expositio
1249 918 1342 941 textus.

1105 954 1167 976 ΛΒΤ.
1183 958 1201 976 1.
1219 952 1313 980 Quaest.
1335 954 1357 976 1.
1376 953 1414 975 An
1435 959 1510 976 omne
1525 954 1624 983 tempus
1644 951 1720 976 tuerit
1739 951 1796 976 idc-

1134 994 1212 1012 neum
1226 987 1258 1011 ad
1271 987 1456 1011 institutionem
1467 990 1694 1012 sacramentorum.

1104 1023 1198 1051 Quaest.
1215 1024 1238 1046 2.
1258 1023 1296 1046 An
1310 1022 1336 1046 in
1358 1022 1464 1046 diversis
1485 1022 1642 1053 temporibus
1663 1022 1798 1047 debuerint

1135 1058 1236 1081 diversa
1250 1061 1410 1081 sacramenta
1427 1058 1533 1081 institui.

1104 1094 1197 1122 Quaest.
1219 1094 1241 1116 3.
1262 1094 1351 1117 Utrum
1379 1095 1538 1117 sacramenta
1562 1099 1636 1117 novae
1663 1092 1726 1122 legis
1748 1092 1797 1116 sint

1135 1136 1230 1160 unum,
1248 1136 1280 1153 an
1295 1129 1377 1159 plura.

1105 1166 1167 1188 Am.
1186 1170 1213 1188 11.
1232 1165 1328 1192 Ouaest.
1343 1166 1367 1188 1.
1383 1165 1421 1188 An
1436 1164 1576 1196 baptismus
1592 1164 1699 1188 Joannis
1715 1170 1729 1188 a
1743 1164 1796 1188 Deo

1134 1199 1210 1223 suerit
1224 1199 1362 1223 institutus.

1105 1236 1199 1263 Quaest.
1217 1236 1241 1258 2.
1259 1235 1349 1259 Utrum
1364 1235 1504 1265 baptismus
1518 1235 1624 1259 Joannis
1637 1234 1712 1258 fuerit
1725 1234 1796 1259 insti-

1133 1272 1203 1294 tutus
1217 1270 1249 1293 ad
1264 1270 1471 1301 significandum,
1487 1276 1520 1294 an
1535 1269 1566 1293 ad
1581 1269 1750 1294 efficiendum.

1105 1305 1199 1333 Quaesl..
1219 1306 1242 1328 3.
1269 1306 1306 1328 An
1325 1305 1466 1336 baptismus
1483 1304 1590 1329 ioannis
1613 1311 1671 1328 cum
1693 1303 1798 1335 imposi-

1135 1341 1204 1364 tione
1230 1347 1352 1364 manuum
1381 1343 1448 1365 esset
1477 1340 1644 1372 aequipollens
1671 1340 1798 1371 baptismo

1135 1376 1236 1400 Christi.

1104 1411 1176 1434 Disr.
1192 1417 1232 1435 111.
1249 1412 1317 1436 pins
1334 1417 1352 1435 1.

1105 1446 1234 1476 Expositio
1250 1448 1344 1470 textus.

1106 1482 1166 1505 ΛΒΤ.
1184 1487 1201 1505 1.
1220 1482 1314 1510 Quaest.
1333 1484 1353 1506 1.
1369 1483 1406 1505 Α11
1421 1482 1560 1512 baptismus
1572 1481 1712 1505 secundum
1725 1486 1799 1505 suam

1135 1517 1272 1540 essentiam
1286 1517 1318 1540 sit.
1332 1516 1447 1540 intinctio
1463 1516 1489 1540 in
1506 1524 1580 1547 aqua.

1105 1554 1198 1580 Quaest,
1218 1554 1241 1576 2.
1257 1553 1295 1576 An
1314 1552 1444 1582 expressio
1459 1552 1597 1576 verborum
1613 1550 1707 1576 vocalis
1721 1550 1753 1575 sit
1766 1549 1797 1574 de

1134 1587 1276 1618 integritate
1296 1586 1425 1617 baptismi.

1104 1622 1198 1650 Quaest.
1220 1623 1242 1645 3.
1267 1623 1305 1645 An
1326 1622 1356 1645 ad
1375 1621 1530 1652 completum
1551 1623 1576 1646 et
1598 1621 1726 1651 integrum
1743 1626 1798 1644 esse

1135 1656 1254 1687 baptismi
1268 1656 1299 1680 sit
1310 1657 1454 1680 necessaria
1466 1657 1528 1680 fides
1543 1656 1648 1686 alicujus
1662 1654 1770 1680 articuli.

1105 1692 1165 1715 ΑΜ.
1188 1698 1215 1715 11.
1237 1691 1332 1719 Quaest.
1358 1694 1378 1715 1.
1398 1693 1436 1715 An
1456 1692 1565 1715 verbum
1587 1691 1733 1722 exprimens
1755 1697 1797 1714 ac-

1135 1729 1189 1750 tum
1206 1727 1348 1757 baptizandi
1368 1727 1400 1750 sit
1415 1727 1445 1750 de
1462 1726 1613 1751 necessitate
1632 1726 1721 1750 formoe
1739 1725 1799 1756 bap-

1134 1761 1211 1786 tismi.

1104 1796 1199 1825 Quaest.
1215 1798 1238 1821 2.
1265 1799 1300 1821 An
1322 1797 1452 1828 expressio
1469 1797 1546 1821 totius
1567 1796 1694 1821 Trinitatis
1715 1795 1747 1819 sit
1765 1795 1797 1819 de

1134 1833 1285 1857 necessitate
1302 1832 1432 1863 baptismi.

1104 1867 1200 1896 Quzest..
1218 1869 1241 1892 3.
1257 1869 1294 1892 An
1317 1868 1399 1892 forma
1413 1867 1531 1898 baptismi
1554 1867 1634 1899 possit
1651 1867 1720 1891 varia
1734 1872 1798 1890 esse.

1106 1905 1174 1928 PARS
1192 1909 1220 1927 11.

1106 1938 1235 1969 Expositio
1255 1940 1347 1962 textus.

1104 1975 1167 1998 ΛΒΤ.
1189 1980 1207 1998 1.

1104 2010 1196 2038 Quaest.
1220 2011 1242 2033 1.
1266 2011 1304 2033 An
1330 2010 1518 2033 sacramentum
1541 2007 1660 2039 baptismi
1683 2006 1798 2032 debuerit

1134 2044 1230 2068 institui
1245 2044 1270 2067 in
1285 2051 1359 2075 aqua.

1105 2081 1198 2108 Quaest.
1216 2081 1240 2103 2.
1262 2080 1300 2103 An
1322 2087 1353 2104 ex
1370 2079 1528 2103 institutione
1543 2078 1661 2110 baptismi
1677 2077 1748 2110 aquis
1766 2077 1798 2101 sit

1135 2114 1219 2145 aliqua
1231 2114 1374 2145 proprietas
1387 2114 1487 2138 collata.

1104 2149 1167 2173 Α11τ.
1183 2155 1210 2174 11.
1226 2150 1319 2178 Quaest.
1340 2153 1360 2175 1.
1376 2151 1413 2173 An
1429 2150 1495 2173 trina
1506 2149 1635 2173 immersio
1646 2149 1676 2173 sit
1690 2149 1721 2172 de
1733 2148 1796 2172 inte-

1135 2184 1224 2215 gritate
1240 2185 1369 2216 baptismi.

1104 2220 1198 2248 Quaest.
1214 2222 1237 2244 2.
1250 2222 1289 2244 Au
1307 2219 1437 2244 immersio
1456 2220 1488 2244 sit
1501 2220 1582 2252 magis
1595 2226 1684 2244 secura
1697 2219 1724 2243 in
1735 2218 1796 2249 bap-

1134 2254 1234 2279 tizando
1244 2274 1251 2286 ,
1267 2262 1344 2286 quam
1359 2255 1482 2286 aspersio.

1105 2292 1165 2314 Am.
1183 2296 1222 2315 111.
1241 2290 1336 2319 Quaest.
1354 2292 1376 2314 1.
1392 2292 1430 2314 An
1445 2290 1604 2314 circumcisio
1617 2289 1733 2314 debuerit
1745 2295 1797 2313 ces-

1135 2332 1199 2350 sare.

1104 2360 1197 2387 Quaest.
1215 2362 1238 2384 2.
1260 2362 1299 2384 Α1]
1324 2361 1482 2385 circumcisio
1500 2360 1636 2385 cessaverit
1657 2362 1716 2384 ante
1737 2366 1796 2390 pro-

1136 2395 1318 2425 mulgationem
1334 2395 1472 2427 Evangelii.

1105 2432 1176 2455 DisT.
1195 2436 1229 2455 IV.
1249 2432 1317 2455 Pius
1333 2437 1351 2455 1.

1105 2466 1234 2496 Expositio
1249 2467 1342 2490 textus.

1104 2502 1166 2525 ΛΒΤ.
1179 2508 1195 2524 1.
1210 2501 1304 2529 Quaest.
1316 2503 1339 2525 1.
1355 2502 1392 2525 An
1411 2500 1553 2532 baptismus
1563 2500 1589 2524 in
1605 2500 1709 2531 indigne
1722 2498 1797 2523 susci-

1134 2536 1262 2566 pientibus
1276 2536 1358 2560 deleat
1371 2542 1472 2560 omnem
1489 2536 1598 2566 culpam.

1104 2571 1199 2599 Quaest.
1215 2573 1238 2595 2.
1252 2573 1291 2595 An
1306 2573 1492 2596 sacramentum
1508 2571 1626 2602 baptismi
1639 2570 1722 2595 deleat
1738 2576 1793 2594 om-

1135 2613 1194 2630 nem
1206 2612 1320 2637 pcenam.

1825 249 1869 273 261.

1824 319 1869 343 264

1827 354 1872 378 265

1827 389 1873 412 266

1828 459 1874 483 269

1828 530 1873 553 270

1828 600 1871 623 271

1827 670 1871 693 274

1826 776 1871 800 275

1829 847 1873 870 278

1828 881 1870 906 281

1827 917 1873 940 282

1827 987 1873 1010 285

1828 1058 1874 1081 286

1828 1128 1873 1152 288

1829 1198 1873 1222 290

1828 1269 1871 1292 291

1829 1374 1874 1398 293

1829 1409 1874 1433 295

1828 1444 1874 1468 297

1829 1513 1875 1538 299

1830 1584 1872 1608 301

1831 1654 1876 1678 302

1829 1759 1873 1782 304

1829 1831 1874 1854 306

1830 1866 1874 1889 307

1829 1901 1874 1924 309

1827 1936 1874 1959 311

1828 1970 1873 1994 312

1829 2040 1874 2064 313

1829 2112 1872 2135 31⁴

1828 2183 1873 2206 316

1829 2253 1872 2277 317

1829 2323 1873 2346 318

1827 2394 1870 2418 321

1827 2429 1872 2452 325

1827 2463 1872 2487 326

1826 2533 1871 2557 328

1827 2603 1871 2627 330
