2017 2948
754 154 941 186 DISTINCT.
966 153 1124 186 XXXVIII.

174 226 264 266 Resp.
283 224 455 255 Dicendum
471 224 555 263 quod
566 223 647 254 circa
657 223 717 253 hoc
730 224 775 252 est
789 221 905 261 duplex

134 279 247 309 modus
259 278 392 309 dicendi.
413 276 546 314 Quidam
561 276 674 307 volunt
688 275 805 311 dicere,
822 275 906 313 quod

134 332 336 363 mendacium
351 330 553 361 obstetricum
565 329 675 360 habuit
689 328 844 368 duplicem
860 336 907 358 re-

135 387 288 424 spectum,
305 383 449 414 videlicet
465 382 503 412 ad
516 381 615 412 vitam
633 389 818 420 puerorum,
828 382 858 410 et
869 379 907 409 ad

135 438 234 468 vitam
261 436 420 476 propriam
435 444 443 465 :
473 434 709 465 mentiebantur
738 433 822 463 enim
850 441 907 471 pro

137 492 271 529 utraque
283 488 447 519 servanda.
462 488 500 519 Et
511 486 686 517 secundum
699 486 783 525 quod
797 485 909 516 habuit

137 544 312 582 respectum
332 542 371 572 ad
390 541 489 571 vitam
512 548 704 579 puerorum,
730 539 774 569 sic
789 541 854 569 erat
868 547 909 568 ex

136 596 268 635 pietate;
297 593 471 624 secundum
491 595 598 623 autem
624 592 707 631 quod
727 592 838 622 habuit
857 600 908 621 re-

136 648 321 687 spectumad
327 647 515 678 servandam
524 646 620 676 vitam
629 645 801 684 propriam,
812 654 908 684 quam

138 703 243 742 magis
262 703 441 733 dilexerunt
459 711 555 741 quam
576 701 760 736 veritatem,
781 699 825 729 sic
843 701 910 730 erat

138 765 178 786 ex
197 755 336 786 libidine.
361 754 398 785 Et
419 755 523 794 primo
545 753 638 784 modo
661 755 728 783 erat
746 754 909 792 peccatum

139 807 278 845 veniale,
302 807 378 846 quia
399 809 466 837 erat
488 806 689 837 mendacium
713 805 907 841 officiosum3

139 859 278 890 secundo
293 859 384 889 modo
400 862 466 890 erat
487 861 651 898 peccatum
667 857 799 888 mortale
814 882 819 895 ‚
837 857 912 896 quia

138 912 326 952 procedebat
339 921 379 942 ex
393 911 477 942 mala
490 912 593 941 radice
608 935 615 947 ,
630 910 773 941 videlicet
787 919 827 940 ex
842 909 911 939 libi-

139 967 250 997 dinoso
265 975 372 997 amore
387 967 461 997 vitae
476 967 613 1006 propriae
623 991 631 1003 ,
652 968 682 996 et
699 974 735 996 eo
750 967 891 1004 tempore
901 988 909 1002 ,

140 1028 204 1059 quo
225 1019 343 1050 veritas
367 1019 543 1049 confitenda
566 1021 669 1049 esset:
696 1020 726 1048 et
749 1017 818 1048 ideo
842 1018 911 1048 haee

140 1073 233 1112 culpa
250 1072 378 1103 abstulit
397 1073 442 1102 eis
460 1072 654 1109 mercedem,
671 1080 768 1110 quam
784 1079 909 1101 merue-

141 1127 212 1155 rant
225 1134 265 1155 ex
281 1125 412 1164 pietate,
437 1133 533 1164 quam
553 1124 641 1163 prius
656 1123 833 1154 habuerant
847 1132 911 1153 ser-

143 1178 246 1209 vando
257 1178 407 1217 parvulos
420 1187 460 1207 cx
474 1177 588 1207 timore
604 1177 657 1207 Dei
672 1188 678 1207 :
695 1178 725 1206 et
740 1176 913 1207 secundum

141 1231 202 1261 hoc
226 1231 334 1261 dicunt
357 1239 485 1261 currere
511 1232 691 1260 sanctorum
714 1229 914 1259 auctoritates

143 1284 293 1314 diversas.
316 1284 375 1314 Sed
390 1284 447 1313 iste
464 1283 576 1313 modus
593 1282 666 1312 satis
681 1281 915 1312 calumniabilis

144 1339 208 1375 est,
230 1337 304 1376 quia
324 1337 442 1367 durum
461 1336 586 1367 videtur
605 1335 727 1372 dicere,
751 1334 834 1374 quod
856 1334 912 1364 ali-

145 1390 216 1429 quis
243 1399 300 1429 pro
325 1390 480 1425 servanda
507 1388 625 1428 proprii
651 1387 790 1428 corporis
816 1387 916 1417 salute

146 1442 318 1472 mortaliter
339 1444 462 1481 peccet,
485 1442 614 1472 dicendo
635 1440 762 1480 aliquod
784 1439 914 1470 menda-

145 1495 230 1525 cium
244 1494 325 1525 leve.
341 1495 430 1524 Alius
446 1494 559 1525 modus
574 1494 695 1524 dicendi
711 1495 768 1530 est,
785 1493 870 1532 quod
883 1493 916 1522 in

145 1548 221 1586 ipsis
236 1547 454 1578 obstetricibus
472 1548 535 1578 duo
550 1550 596 1577 est
611 1547 809 1577 considerare
824 1555 831 1576 :
849 1546 915 1585 pie-

144 1601 217 1630 tatis
238 1601 425 1631 beneficium
440 1601 640 1641 praecedens,
665 1602 695 1631 et
715 1599 916 1630 mendacium

145 1654 351 1693 subsequens.
376 1654 413 1684 Et
427 1655 567 1694 primum
582 1655 643 1685 fuit
657 1663 697 1685 ex
711 1654 847 1693 quadam
861 1663 917 1683 na-

146 1706 241 1736 turali
255 1706 367 1746 pietate
379 1731 388 1745 ,
404 1716 461 1737 nec
475 1710 543 1738 erat
557 1707 756 1738 meritorium
768 1730 777 1745 ,
794 1707 846 1737 sed
860 1707 920 1737 dis-

146 1759 282 1798 ponebat
296 1760 334 1789 ad
349 1760 498 1790 meritum
513 1772 519 1798 ;
537 1760 737 1791 mendacium
754 1769 831 1790 vero
847 1760 920 1790 sub-

147 1820 281 1851 sequens
298 1812 481 1852 disponebat
501 1814 539 1844 ad
559 1814 753 1844 contrarium
769 1824 774 1843 :
799 1815 829 1843 et
850 1813 919 1843 ideo

146 1863 246 1902 pietas
260 1865 440 1903 praecedens
460 1866 520 1896 fuit
536 1867 748 1906 temporaliter
770 1875 919 1896 remune-

148 1917 216 1946 rata
231 1919 358 1956 propter
373 1919 574 1949 mendacium
589 1928 597 1949 ι
621 1928 684 1949 non
700 1919 775 1958 quia
790 1918 920 1948 menda-

149 1969 233 1999 cium
248 1969 324 2001 illud
338 1972 474 2002 auferret
489 1972 588 2002 vitam
603 1972 714 2011 gratiae
730 1971 817 2010 prius
833 1970 921 2001 babi-

149 2024 208 2060 tae,
237 2023 290 2053 sed
313 2024 387 2062 quia
409 2024 448 2055 ad
472 2025 608 2064 gratiam
630 2025 809 2055 habendam
834 2024 920 2055 viam

148 2075 368 2114 praecluderet,
381 2077 465 2116 quod
476 2078 605 2117 quidem
617 2078 697 2108 bene
709 2079 810 2117 potest
821 2078 921 2108 facere

149 2130 313 2167 peccatum
327 2129 463 2160 veniale.
480 2131 516 2160 Et
530 2130 589 2161 hoc
604 2132 649 2160 est
664 2129 749 2169 quod
765 2130 833 2160 vult
848 2129 921 2160 Gre—

150 2180 260 2219 gorius
267 2181 379 2219 dicere,
391 2191 465 2213 cum
474 2183 547 2213 dicit
557 2192 564 2214 :
573 2195 587 2212 (ι
598 2183 802 2222 Benignitatis
810 2191 920 2212 earum

152 2241 272 2263 merces
285 2257 292 2271 ,
308 2243 379 2273 quae
395 2235 426 2265 in
442 2238 561 2267 aeterna
575 2237 641 2267 vita
655 2235 853 2267 remunerari
869 2244 922 2274 po-

151 2287 246 2316 terat:
258 2297 272 2313 1>
291 2289 421 2325 poterat,
431 2288 574 2328 inquam,
590 2299 654 2320 non
668 2289 807 2329 potentia
822 2288 922 2327 dispo-

151 2339 211 2368 sita
228 2341 258 2369 et
277 2340 471 2380 propinqua,
494 2343 548 2373 sed
568 2343 707 2382 potentia
730 2344 860 2373 remota.
885 2341 922 2371 Et

152 2401 193 2422 ex
204 2392 264 2423 hoc
274 2394 357 2431 patet
368 2394 451 2432 quod
463 2395 551 2426 nulla
563 2397 603 2426 sit
614 2395 828 2427 controversia
839 2395 922 2426 inter

153 2444 343 2484 Gregorium
356 2470 366 2484 ‚
392 2450 423 2478 et
444 2447 684 2487 Augustinum‚
710 2452 741 2481 et
766 2449 923 2488 Hierony-

154 2507 242 2529 mum
255 2523 264 2537 ,
289 2500 367 2540 quia
387 2509 452 2532 non
473 2502 541 2532 vult
562 2502 665 2533 dicere
688 2502 921 2542 Hieronymus,

154 2552 239 2591 quod
255 2552 435 2584 obstetrices
454 2554 635 2586 habuerunt
648 2555 758 2586 domos
771 2555 923 2595 spiritua-

188 2615 196 2631 ¹
210 2615 296 2645 Dion.,
309 2615 339 2639 de
355 2616 406 2640 dcv.
420 2617 505 2643 Nom„
518 2625 540 2642 c.
556 2623 593 2647 iv,
607 2618 622 2647 ἓ
637 2620 676 2642 20.
692 2618 761 2642 {dem
777 2618 839 2643 dicit
855 2618 923 2642 Aris-

1677 160 1733 187 175)

963 221 1008 251 les
1031 230 1086 260 per
1111 221 1338 252 assecutionem
1363 224 1497 261 gratiae,
1523 224 1578 255 sed
1597 224 1734 263 quodam

963 273 1056 304 modo
1073 274 1111 304 ad
1130 274 1268 313 gratiam
1283 278 1469 315 praeparatae
1484 277 1614 308 fuerunt
1627 286 1683 316 per
1697 276 1735 306 ti-

964 335 1085 357 morem
1101 329 1131 357 et
1146 327 1305 366 pietatem.

1283 442 1351 464 DUB.
1375 442 1408 463 11.

1142 520 1264 549 Quartum
1278 521 1332 544 sola
1346 521 1501 551 mentiendi,
1518 524 1566 545 etc.

1005 594 1118 624 Contra
1136 594 1196 624 hoc
1215 594 1363 633 objicitur
1385 605 1391 625 ε
1412 595 1538 626 videtur
1553 596 1638 626 enim
1653 597 1738 636 quod

965 647 1090 677 nullum
1104 647 1165 677 tale
1180 648 1220 677 sit
1233 647 1446 686 mendacium,
1460 648 1546 687 quia,
1565 649 1739 680 secundum

966 700 1050 739 quod
1073 700 1147 730 dicit
1171 700 1340 740 Dionysius
1351 701 1370 738 ¹,
1397 700 1506 731 nullus
1527 703 1677 741 operatur
1701 702 1740 732 ad

967 752 1088 783 malum
1103 753 1267 792 aspiciens.
1285 753 1318 784 Si
1334 763 1411 792 ergo
1427 755 1555 784 mentiri
1570 755 1608 785 de
1623 764 1656 785 se
1670 764 1738 785 ma-

966 804 1035 834 lum
1051 807 1114 843 est,
1129 806 1255 836 videtur
1270 807 1354 845 quod
1370 807 1477 837 nullus
1492 817 1635 847 unquam
1649 816 1741 838 men-

967 858 1063 887 tiatur
1081 858 1279 889 solummodo
1297 859 1451 898 aspiciens
1470 860 1509 889 ad
1530 860 1635 899 ipsum
1650 869 1739 891 men-

967 910 1105 940 dacium.
1121 910 1198 940 Item
1214 911 1310 941 libido
1323 914 1369 942 est
1381 912 1471 942 radix
1487 912 1631 942 omnium
1648 913 1743 943 malo-

968 972 1058 993 rum:
1072 972 1152 1002 ergo
1162 972 1226 993 non
1238 963 1340 994 solum
1351 964 1497 994 convenit
1507 966 1620 1004 quarto
1632 966 1742 1003 generi

969 1016 1145 1053 mendacii,
1169 1017 1222 1047 sed
1245 1017 1341 1047 etiam
1363 1017 1450 1047 omni
1475 1018 1637 1048 mendacio
1658 1018 1744 1058 quod

969 1069 1004 1099 fit
1018 1078 1058 1099 ex
1074 1069 1203 1099 libidine
1217 1080 1223 1099 z
1242 1079 1321 1108 ergo
1334 1078 1429 1109 penes
1444 1070 1504 1100 hoc
1516 1079 1580 1100 non
1593 1071 1684 1102 debet
1696 1080 1744 1101 as-

969 1122 1091 1161 signari
1105 1122 1232 1162 aliquod
1248 1132 1351 1162 genus
1366 1123 1532 1153 mendacii.
1558 1123 1636 1154 Item
1650 1133 1742 1155 men-

970 1175 1095 1205 dacium
1111 1175 1196 1215 quod
1209 1176 1244 1205 fit
1257 1175 1323 1206 sola
1337 1175 1465 1206 libidine
1481 1176 1663 1215 mentiendi,
1674 1178 1744 1208 nul-

970 1228 1038 1258 lum
1049 1228 1143 1258 habet
1151 1228 1400 1259 excusatorium:
1414 1231 1444 1259 et
1456 1231 1617 1268 peccatum
1626 1231 1743 1270 quanto

972 1281 1078 1311 minus
1091 1281 1185 1311 habet
1197 1281 1420 1319 excusationis,
1436 1283 1523 1313 tanto
1535 1285 1581 1313 est
1593 1283 1741 1321 gravius:

971 1344 1049 1373 ergo
1067 1335 1192 1365 videtur
1210 1335 1294 1374 quod
1309 1335 1385 1366 illud
1408 1336 1610 1367 mendacium
1624 1337 1664 1368 sit
1679 1337 1744 1377 pri-

973 1397 1061 1418 mum
1083 1391 1114 1418 et
1129 1388 1260 1427 capitale
1280 1388 1363 1419 inter
1384 1389 1492 1420 omnia
1510 1390 1694 1429 mendacia,
1714 1392 1746 1422 et

972 1450 1037 1472 non
1052 1441 1093 1471 sit
1107 1444 1257 1480 quartum
1272 1450 1385 1480 genus.

1014 1493 1106 1533 Resp.
1124 1494 1172 1524 Ad
1186 1494 1246 1524 hoc
1261 1494 1430 1525 dicendum
1446 1496 1503 1533 est,
1520 1496 1606 1535 quod
1620 1496 1747 1527 menda-

975 1547 1059 1578 cium
1075 1547 1151 1578 illud
1167 1547 1281 1578 dicitur
1294 1548 1364 1579 fieri
1377 1557 1417 1579 ex
1430 1548 1560 1580 libidine
1570 1573 1579 1588 ,
1595 1559 1659 1590 quo
1674 1550 1745 1590 qui-

975 1601 1046 1632 dem
1061 1601 1156 1631 homo
1172 1601 1324 1632 mentitur
1338 1602 1442 1633 solum
1457 1605 1492 1634 ut
1506 1603 1638 1643 placeat.
1654 1603 1748 1644 Prop-

975 1656 1022 1684 ter
1035 1654 1119 1694 quod
1132 1654 1309 1685 notandum
1321 1657 1367 1686 est
1377 1656 1462 1695 quod
1471 1656 1570 1687 libido
1582 1657 1748 1697 dupliciter

976 1707 1111 1737 dicitur:
1145 1717 1210 1738 uno
1234 1708 1327 1739 modo
1349 1708 1463 1739 dicitur
1484 1708 1580 1740 libido
1603 1710 1749 1750 improba

976 1760 1123 1790 voluntas
1134 1784 1143 1798 ,
1166 1763 1196 1791 et
1212 1761 1256 1791 sic
1270 1761 1361 1793 radix
1375 1764 1422 1792 est
1440 1763 1624 1794 mortalium
1637 1773 1746 1804 pecca-

976 1814 1093 1843 torum.
1111 1813 1180 1843 Alio
1196 1813 1289 1844 modo
1301 1814 1416 1845 dicitur
1428 1814 1524 1845 libido
1537 1824 1748 1856 quaecumque

976 1866 1184 1896 immoderata
1204 1866 1366 1897 delectatio
1382 1877 1389 1897 ε
1412 1869 1442 1897 et
1458 1867 1502 1897 sic
1516 1867 1617 1900 libido
1635 1869 1749 1900 dicitnr

977 1929 995 1949 a
1009 1919 1132 1951 libendo
1146 1931 1157 1951 .·
1172 1922 1202 1950 et
1217 1920 1278 1951 hoc
1293 1921 1386 1952 modo
1401 1930 1466 1952 non
1480 1922 1583 1953 solum
1598 1926 1645 1954 est
1659 1924 1750 1955 radix

977 1973 1171 2010 mortalium,
1188 1973 1242 2004 sed
1256 1973 1351 2003 etiam
1365 1974 1552 2006 venialium.
1568 1975 1634 2007 Hoc
1643 1979 1749 2007 autem

977 2026 1144 2065 dupliciter
1166 2028 1268 2066 potest
1293 2027 1391 2066 accipi
1407 2035 1415 2057 :
1444 2028 1500 2057 aut
1527 2030 1748 2068 communiter,

977 2081 1072 2118 prout
1086 2079 1202 2118 quaerit
1217 2079 1316 2110 finem
1330 2078 1364 2109 in
1380 2080 1454 2110 actu
1466 2081 1595 2120 proprio
1609 2084 1664 2112 aut
1679 2092 1751 2113 con-

978 2132 1142 2171 sequenti3
1161 2133 1217 2162 aut
1231 2131 1418 2171 specialiter,
1435 2134 1530 2171 prout
1543 2133 1576 2164 in
1591 2137 1663 2165 actu
1677 2144 1750 2174 pro-

978 2185 1047 2225 prio
1061 2185 1204 2224 quiescit.
1227 2184 1334 2216 Primo
1349 2184 1480 2225 quidem
1498 2186 1592 2217 modo
1607 2197 1750 2220 commu-

978 2237 1026 2268 nis
1048 2240 1095 2268 est
1119 2237 1205 2268 omni
1229 2240 1375 2277 peccato;
1402 2238 1539 2269 secundo
1564 2249 1639 2270 vero
1658 2242 1751 2273 modo

979 2299 1074 2329 penes
1089 2290 1190 2330 ipsam
1210 2291 1362 2331 accipitur
1383 2291 1559 2323 differentia
1575 2293 1749 2332 mendacii,

980 2343 1063 2382 quod
1077 2343 1112 2372 sit
1127 2352 1167 2373 ex
1181 2343 1331 2375 libidine:
1348 2344 1448 2384 quod,
1466 2344 1614 2384 inquam,
1631 2355 1695 2377 uon
1707 2347 1751 2377 di-

979 2396 1058 2427 citur
1079 2396 1149 2427 fieri
1167 2396 1241 2436 quia
1262 2397 1401 2437 procedit
1415 2406 1456 2429 ex
1469 2398 1553 2428 mala
1568 2399 1729 2431 voluntate
1740 2423 1750 2438 ,

980 2449 1033 2479 sed
1044 2449 1120 2488 quia
1129 2449 1227 2480 homo
1236 2449 1269 2480 in
1277 2450 1459 2481 mentiendo
1468 2459 1532 2481 non
1543 2452 1657 2490 quaerit
1666 2453 1752 2485 aliud

982 2510 1080 2541 quam
1099 2503 1239 2542 seipsum
1254 2503 1409 2534 oblectare
1430 2503 1462 2533 in
1482 2504 1549 2543 ipso
1568 2505 1749 2538 mendacio:

982 2582 1087 2610 toteles,
1101 2583 1185 2613 Mayn.
1199 2584 1302 2614 Moral„
1317 2584 1359 2607 lib.
1375 2584 1393 2607 ΙΙ
1404 2601 1410 2612 ‚
1428 2592 1450 2606 «ς.
1467 2589 1517 2613 vn,
1529 2584 1638 2609 recitans
1649 2586 1752 2616 opinio-

981 2623 1043 2640 nem
1060 2618 1182 2643 Socratis.
