2017 2948
782 225 970 258 DISTINCT.
994 225 1110 258 XXXV.
1687 228 1744 256 107

160 294 218 328 Dei
237 297 306 330 vult
322 298 472 341 intelligi.
490 299 526 331 In
541 298 602 331 hoc
617 308 693 340 ergo
708 294 892 329 differentia
905 298 963 336 est,
981 294 1058 338 quia
1072 292 1112 326 ad
1134 292 1439 336 contemplationem
1454 293 1623 336 sapientia,
1639 292 1678 325 ad
1695 303 1745 325 ac-

161 352 280 386 tionem
296 366 372 388 vero
385 356 518 388 scientia
536 355 686 400 pertinet.
706 366 721 383 n
741 355 818 386 Ecce
833 355 941 396 aperte
956 351 1213 383 demonstratum
1233 353 1299 390 cst,
1316 349 1349 381 in
1366 361 1431 393 quo
1446 349 1598 381 differant
1613 349 1746 394 spiritus

158 410 332 454 sapientiae,
350 417 381 445 et
394 413 528 456 spii-itus
542 413 695 453 scientiae,
713 411 833 443 scilicet
848 414 883 442 ut
899 409 1056 453 sapientia
1071 408 1202 447 divinis,
1218 407 1351 439 scientia
1366 407 1521 439 humanis
1535 407 1691 438 attributa
1706 407 1746 438 sit

158 468 266 500 rebus.
282 469 332 511 Et,
346 473 384 502 ut
397 470 488 503 docet
502 470 709 513 Augustinus
725 469 746 510 ¹,
764 471 943 511 utrumque
958 466 1163 509 agnoscimus
1187 465 1220 497 in
1235 465 1363 497 Christo
1378 490 1385 505 ,
1402 464 1522 496 scilicet
1536 468 1567 495 et
1582 475 1649 496 rem
1664 463 1746 495 divi-

158 535 246 566 nam,
270 529 301 558 et
315 537 383 559 rem
399 527 578 560 humanam
592 540 599 569 3
617 527 689 559 ideo
704 526 743 558 de
758 526 826 568 ipso
842 524 999 556 habemus
1013 523 1204 567 sapientiam
1221 527 1251 554 et
1271 522 1449 554 scientiam.
1467 521 1550 554 Cum
1566 522 1652 553 enim
1667 521 1746 563 legi-

160 586 218 614 tur
245 596 251 616 :
277 585 319 616 Ve
331 584 427 617 rhum
443 596 518 618 caro
530 586 662 628 factum
678 589 735 622 cst,
754 583 788 614 in
806 582 913 615 Verbo
929 581 1127 623 intelligitur
1143 591 1240 612 verus
1258 580 1315 612 Dei
1330 579 1453 620 Filius,
1471 579 1505 610 in
1521 590 1616 611 carne
1631 589 1747 620 agnos-

157 640 242 673 citur
255 652 352 674 verus
373 642 516 675 hominis
539 642 638 674 filius.
656 642 736 673 Item
751 651 826 672 cum
846 639 966 671 dicitur
986 652 992 670 :
1012 652 1027 669 «
1049 639 1198 672 Vidimus
1215 638 1349 682 plenum
1365 637 1476 680 gratiae
1491 641 1522 669 et
1544 636 1709 675 veritatis3
1727 648 1742 665 ³>

158 698 297 739 gratiam
317 699 495 732 referamus
510 699 549 732 ad
565 698 731 731 scientiam
745 723 752 738 ‚
770 701 801 729 et
817 697 986 729 veritatem
1002 696 1040 728 ad
1057 696 1249 740 sapientiam
1263 721 1271 736 ,
1284 695 1362 739 quia
1377 695 1410 727 in
1426 694 1551 727 Christo
1566 693 1724 737 sapientia
1737 718 1745 733 ‚

159 759 189 787 et
203 755 335 789 scientia
348 756 410 789 suit
424 757 568 800 plenarie
586 757 647 799 (a),
665 759 696 788 et
713 766 771 787 nos
786 754 953 787 scientiam
971 758 1002 786 et
1016 754 1208 798 sapientiam
1226 753 1265 785 de
1281 764 1317 785 eo
1333 752 1490 785 habemus
1502 777 1510 793 ,
1528 752 1585 795 qui
1601 755 1647 783 est
1662 751 1747 782 Deus

158 816 189 844 et
202 812 311 845 homo.

201 869 336 902 Ostensa
354 870 537 903 differentia
559 870 644 902 iuter
665 869 850 910 scientiam,
868 872 899 901 et
916 869 1123 912 sapientiam,
1142 868 1222 912 quid
1236 868 1332 900 distet
1347 868 1430 900 inter
1445 867 1636 911 sapientiam
1652 870 1683 898 ct
1697 866 1747 898 in—
1790 893 1866 919 inquo

157 927 320 959 tellectum
333 927 513 960 videamus.
528 928 565 959 In
579 927 639 959 hoc
655 926 813 959 differunt
827 926 885 958 illa
898 925 975 967 duo,
993 926 1069 969 quia
1086 925 1244 969 sapientia
1259 925 1388 969 proprie
1403 928 1450 957 est
1464 924 1503 956 de
1518 923 1657 964 aeternis,
1674 934 1746 967 quaa
1773 924 1857 944 ΜΕΝ

1763 956 1865 981 sapientia

157 984 285 1016 veritati
306 988 435 1017 aeternae
450 984 699 1028 contemplando
716 983 866 1016 intendit.
883 983 1104 1025 Intelligentia
1120 993 1196 1016 vero
1212 993 1278 1014 non
1301 982 1396 1014 modo
1411 981 1450 1014 de
1465 981 1593 1014 aeternis
1607 985 1653 1013 est
1667 1007 1674 1020 ,
1691 981 1743 1012 sed
1763 986 1788 1005 ἰὼ
1806 986 1866 1006 miei.

1760 1017 1765 1036 l
1782 1019 1823 1036 ctu.

157 1041 253 1074 etiam
269 1041 308 1074 de
323 1042 420 1074 rebus
434 1041 656 1074 invisibilibus
679 1045 710 1073 et
732 1040 959 1085 spiritualibus
974 1040 1195 1084 temporaliter
1211 1040 1341 1072 exortis.
1360 1039 1422 1072 Per
1445 1051 1515 1072 eam
1531 1039 1618 1071 euim
1634 1043 1665 1071 et
1682 1049 1745 1070 na—
1769 1023 1779 1037 c

158 1103 231 1131 tura
245 1110 370 1132 summa
384 1125 391 1140 ,
408 1110 480 1144 quae
495 1099 570 1131 fecit
591 1110 703 1131 omnes
718 1102 850 1130 naturas
863 1124 871 1140 ,
888 1098 920 1130 id
937 1101 983 1130 est
997 1124 1004 1139 ,
1025 1098 1138 1130 divina
1157 1098 1381 1130 consideratur
1395 1110 1401 1138 3
1420 1101 1451 1130 et
1465 1108 1539 1141 quae
1557 1100 1628 1140 post
1643 1096 1744 1140 ipsam

156 1160 232 1188 sunt
246 1156 431 1200 spirituales
446 1160 476 1189 et
495 1156 677 1189 invisibiles
691 1160 818 1188 naturae
833 1182 840 1197 ‚
858 1160 894 1188 ut
913 1155 1022 1198 angeli
1044 1160 1074 1188 et
1095 1167 1208 1188 omnes
1223 1155 1342 1187 animae
1356 1155 1449 1187 honre
1464 1155 1630 1187 affectione
1656 1165 1747 1186 cons-

156 1212 334 1257 piciuntur.
351 1214 388 1246 In
404 1213 463 1246 hoc
477 1225 554 1256 ergo
569 1213 753 1246 differentia
769 1218 827 1254 est,
843 1213 921 1257 qnia
949 1214 1107 1257 sapientia
1124 1214 1256 1245 Creator
1273 1217 1401 1245 tantum
1416 1212 1613 1256 conspicitur
1627 1224 1634 1252 ;
1653 1211 1747 1244 intel-

156 1269 240 1302 lectu
256 1282 332 1303 vero
348 1275 379 1303 et
393 1271 525 1304 Creator
540 1275 570 1303 et
584 1275 731 1304 creatura
746 1271 906 1315 quaedam.
926 1271 1004 1303 [tem
1015 1271 1183 1303 intellectu
1199 1270 1421 1313 intelligibilia
1434 1270 1580 1313 capimus
1595 1273 1722 1301 tantun]
1736 1283 1744 1311 ;

156 1328 314 1371 sapientia
328 1340 404 1361 vero
419 1340 485 1361 non
502 1329 597 1361 modo
613 1329 759 1372 capimus
777 1328 965 1372 superiora,
983 1328 1036 1360 sed
1063 1328 1159 1360 etiam
1175 1328 1208 1359 in
1225 1327 1362 1370 cognitis
1376 1327 1587 1359 delectamur.
1776 1346 1865 1369 ΘΗΜ,

201 1385 254 1417 Sic
268 1396 344 1428 ergo
359 1386 517 1427 distingui
530 1390 633 1430 potest
648 1387 732 1418 iuter
747 1386 804 1418 illa
820 1385 895 1425 tria,
915 1385 1035 1418 scilicet
1056 1385 1269 1427 intellectum,
1287 1385 1468 1425 scientiam,
1485 1389 1516 1417 et
1531 1384 1722 1428 sapientiam
1737 1396 1743 1416 :
1769 1378 1794 1397 ¹¹⁹
1809 1377 1866 1397 ‘me‘

1794 1411 1838 1427 rant

1762 1440 1849 1459 selentia
1860 1454 1866 1464 ,

155 1441 288 1475 scientia
304 1442 389 1475 valet
403 1443 441 1475 ad
457 1454 567 1476 rerum
584 1443 813 1487 temporalium
830 1447 949 1475 rectam
965 1442 1293 1483 administrationem,
1311 1447 1342 1474 et
1355 1442 1394 1474 ad
1410 1443 1529 1474 bonam
1545 1442 1630 1474 inter
1646 1442 1747 1474 malos
1775 1471 1852 1490 imm·

155 1500 451 1542 conversationem3
478 1501 695 1543 intelligentia
719 1512 795 1533 vero
821 1501 859 1532 ad
876 1500 1036 1533 Creatoris
1059 1504 1089 1532 et
1113 1504 1336 1532 creaturarum
1362 1500 1580 1531 invisibilium
1602 1499 1747 1543 specula·
1776 1501 1854 1550 wfjffffls

156 1557 276 1590 tionem
289 1570 297 1599 ;
315 1558 471 1602 sapientia
486 1570 563 1591 vero
572 1559 611 1591 ad
626 1559 727 1591 solius
742 1563 870 1591 aeternae
886 1558 1030 1590 veritatis
1044 1558 1351 1601 contemplationem
1368 1562 1398 1590 et
1413 1558 1669 1590 delectationem.
1762 1564 1865 1589 sapienia

202 1615 255 1647 Est
270 1615 450 1648 notandum
465 1642 473 1657 ,
491 1616 578 1660 quod
594 1616 778 1648 intellectus
795 1620 825 1648 et
842 1615 995 1656 scientia,
1014 1626 1088 1659 quae
1109 1615 1266 1647 dicuntur
1290 1616 1375 1647 dona
1392 1615 1535 1660 Spiritus
1551 1619 1665 1655 sancti,
1683 1615 1746 1647 alia
1762 1628 1790 1650 aa
1802 1626 1820 1645 a
1835 1632 1862 1645 :u-

155 1677 230 1705 sunt
246 1672 286 1705 ab
301 1673 467 1706 intellectu
482 1677 513 1706 et
528 1674 671 1714 scientia,
691 1685 763 1718 qnae
779 1673 973 1706 naturaliter
987 1677 1063 1705 sunt
1078 1673 1112 1705 in
1128 1673 1238 1705 anima
1253 1672 1396 1705 hominis
1416 1684 1422 1704 :
1441 1673 1489 1705 hae
1505 1672 1592 1704 enim
1609 1673 1746 1705 virtutes
1761 1658 1866 1708 {ingatii-

1775 1722 1801 1738 [ιιι
1825 1720 1850 1739 utc

151 1734 228 1762 sunt
241 1757 249 1772 ‚
267 1742 338 1774 quae
354 1742 410 1774 per
424 1731 562 1774 gratiam
587 1732 811 1764 infunduntur
825 1731 944 1763 animis
959 1731 1108 1763 fidelium
1121 1757 1128 1771 ,
1147 1735 1181 1763 ut
1200 1742 1256 1774 per
1279 1742 1316 1763 ea
1344 1735 1428 1762 recte
1442 1731 1576 1771 vivant3
1594 1730 1652 1762 illa
1667 1741 1745 1762 vero
1775 1750 1851 1775 qums

151 1788 345 1820 naturaliter
368 1788 465 1821 habet
487 1789 585 1822 homo
609 1800 648 1821 ex
663 1789 822 1822 beneficio
837 1788 1009 1821 creationis
1023 1814 1030 1829 ,
1047 1800 1065 1820 a
1088 1788 1153 1821 Deo
1170 1792 1290 1820 tamen.
1308 1788 1370 1820 Per
1386 1788 1443 1820 has
1458 1792 1567 1820 autem
1583 1788 1719 1820 virtutes
1735 1813 1742 1827 ,
1761 1816 1766 1831 ι

1771 1782 1802 1801 lm:
1814 1782 1857 1808 agi-

1770 1820 1801 1834 ur,
1824 1820 1865 1832 non

152 1855 225 1888 quae
239 1845 394 1878 dicuntur
418 1846 503 1879 dona
526 1846 668 1890 Spiritus
686 1847 786 1879 sancti
801 1873 809 1888 ‚
830 1846 887 1878 illa
911 1846 1074 1878 naturalia
1099 1846 1320 1878 reformantur
1342 1850 1440 1889 atque
1466 1845 1679 1888 adjuvantur,
1694 1849 1741 1887 ut,
1759 1847 1806 1893 J¹¹¹⁴1
1824 1845 1858 1864 ¹¹¹³

1767 1882 1805 1900 111:ss
1830 1882 1864 1895 lm-

152 1902 242 1934 verbi
255 1903 370 1945 gratia,
388 1904 571 1937 intellectus
585 1904 744 1937 naturalis
758 1908 886 1948 peccato
902 1904 1133 1936 obtenebratus
1147 1929 1154 1943 ,
1173 1914 1229 1946 per
1244 1903 1398 1935 virtutem
1415 1902 1592 1945 quamdam
1615 1906 1645 1934 et
1669 1913 1742 1945 gra·
1759 1907 1854 1926 ¹⁰¹³*stOE

152 1959 244 1998 tiam,
264 1971 335 2003 quai
351 1960 468 1992 dicitur
486 1961 619 2004 spiritus
634 1961 874 2004 intelligentiae,
893 1961 1090 1993 reformatur
1105 1965 1202 2004 atque
1218 1960 1395 2003 adjuvatur
1419 1960 1458 1992 ad
1474 1959 1738 2002 intelligendum.
1777 1938 1847 1988 iiiiiiot.

153 2017 200 2049 lta
214 2021 245 2049 et
259 2028 316 2061 per
331 2017 421 2049 illam
437 2019 610 2058 virtutem,
628 2029 702 2062 quae
718 2018 835 2050 dicitur
854 2017 988 2061 spiritus
1002 2017 1189 2061 sapientiae„
1203 2018 1341 2061 juvatur
1356 2020 1453 2060 atque
1471 2017 1609 2059 erigitur
1625 2017 1741 2049 mentis

151 2074 234 2106 ratio
245 2074 284 2106 ad
299 2075 605 2118 contemplationem
620 2079 651 2108 et
666 2075 912 2108 delectationem
930 2080 1055 2108 aeternae
1070 2075 1226 2108 veritatis.

194 2131 281 2164 lllud
296 2131 390 2164 etiam
406 2132 572 2165 sciendum
587 2136 645 2174 est,
662 2133 750 2177 quod
768 2133 927 2176 sapientia
942 2133 980 2165 de
995 2144 1061 2177 qua
1076 2144 1165 2166 nunc
1180 2133 1380 2174 disserimus,
1398 2145 1464 2166 non
1480 2138 1526 2166 est
1541 2133 1598 2166 illa
1612 2133 1739 2177 sapien·
1757 2152 1857 2175 «μω.

154 2188 197 2220 tia
219 2188 296 2230 Dei,
312 2193 349 2222 ut
372 2189 416 2222 ait
434 2190 641 2233 Augustinus
669 2201 765 2234 ,quae
783 2190 869 2222 Deus
892 2194 955 2231 est,
972 2190 1027 2223 sed
1051 2190 1196 2223 hominis
1219 2191 1398 2235 sapientia;
1416 2195 1641 2224 verumtamen
1666 2202 1740 2234 (1¹1ae
1767 2183 1852 2235 ffugi}

150 2246 329 2278 secundum
344 2246 449 2279 Deum
467 2252 525 2289 est,
543 2258 579 2280 ac
593 2258 690 2280 verns
704 2252 735 2280 et
750 2247 933 2292 praecipuus
947 2248 1054 2280 cultus
1069 2248 1139 2291 ejus
1154 2252 1211 2280 est.
1232 2248 1267 2281 Si
1283 2260 1359 2291 ergo
1383 2249 1467 2281 colat
1485 2260 1574 2281 mens
1598 2249 1742 2281 hominis
1766 2249 1804 2296 ‘js
1816 2253 1855 2296 ζζξξ

152 2302 269 2344 Deum,
284 2304 378 2347 cujus
392 2304 432 2336 ab
448 2315 485 2337 eo
499 2316 598 2349 capax
614 2305 697 2337 facta
711 2309 768 2345 est,
785 2309 821 2337 ut
833 2305 928 2349 cujus
943 2316 1009 2337 esse
1026 2305 1185 2350 particeps
1200 2310 1320 2350 potest,
1338 2306 1465 2350 sapiens
1480 2306 1548 2350 ipsa
1563 2306 1610 2345 fit,
1629 2311 1659 2338 et
1675 2317 1740 2337 non
1760 2315 1858 2359 Diffi-{St-

151 2371 210 2392 sua
224 2360 295 2393 luce
309 2387 316 2402 ,
334 2361 387 2394 sed
402 2373 540 2395 summae
562 2362 652 2394 illius
675 2363 757 2395 lucis
772 2363 1019 2406 participatione
1035 2363 1162 2406 sapiens
1178 2363 1225 2396 fit.
1243 2364 1308 2396 Ista
1333 2374 1410 2406 ergo
1426 2363 1569 2396 hominis
1584 2363 1741 2407 sapientia

151 2417 247 2450 etiam
264 2417 321 2450 Dei
333 2422 390 2450 est.
407 2418 530 2451 Verum
546 2431 612 2452 non
624 2420 669 2452 ita
681 2420 737 2452 Dei
753 2425 815 2461 est,
830 2424 867 2452 ut
882 2431 919 2453 ea
934 2420 1062 2464 sapiens
1075 2421 1114 2453 sit
1130 2421 1226 2454 Deus.
1245 2421 1317 2454 Non
1333 2422 1420 2454 enim
1436 2422 1680 2465 participatione
1689 2421 1741 2453 sni

150 2475 277 2519 sapiens
291 2479 338 2507 est
354 2475 458 2516 Deus,
475 2476 557 2509 sicut
568 2488 657 2509 mens
673 2477 918 2521 participatione
935 2477 1004 2510 Dei.
1023 2478 1076 2510 Sic
1091 2478 1189 2511 etiam
1205 2478 1464 2523 diciturjustitia
1479 2479 1535 2510 Dei
1551 2490 1617 2510 non
1632 2478 1739 2510 solum

151 2531 220 2574 illa,
237 2543 303 2576 qua
317 2533 385 2576 ipse
396 2533 505 2576 justus
519 2538 586 2574 est3
603 2534 658 2567 sed
673 2535 770 2567 etiam
784 2534 854 2577 illa,
872 2546 972 2579 quam
987 2535 1041 2568 dat
1057 2536 1195 2577 homini,
1213 2547 1288 2569 cum
1300 2536 1459 2580 justificat
1474 2536 1627 2580 impium.

186 2642 194 2658 ¹
211 2642 284 2672 Aug„
298 2642 327 2665 dc
344 2642 442 2673 Trinit„
459 2643 501 2667 lib.
518 2644 584 2674 Xlll,
598 2651 622 2668 c.
638 2650 692 2674 xix,
706 2652 732 2669 n.
747 2647 786 2670 24.
801 2659 831 2665 -
843 2646 853 2662 ²
866 2647 947 2676 Joan„
960 2652 979 2676 1,
996 2648 1032 2670 14.
1048 2660 1074 2664 -
1089 2646 1098 2662 ³
1110 2648 1183 2678 Aug„
1199 2646 1228 2670 de
1244 2647 1334 2670 Trtntt.
1350 2646 1394 2670 lib.
1408 2647 1474 2675 xlv,
1488 2653 1511 2670 c.
1523 2651 1541 2676 1,
1557 2653 1583 2671 n.
1602 2649 1622 2671 1.

187 2686 222 2717 (a)
239 2686 281 2711 Al.
296 2687 417 2718 plenaria.
