2017 2948
83 343 116 363 Ad
132 349 182 370 opp.

83 1568 150 1590 Error

69 1600 175 1626 pessimus

71 1631 175 1652 crudelis-

74 1663 147 1684 simus.

77 2045 162 2072 Baptis-

91 2082 139 2096 mus

83 2113 149 2133 quare

66 2143 107 2158 non
134 2138 172 2158 ite-

64 2170 131 2189 retur.

201 112 259 141 578

201 177 317 207 miliari
351 177 389 208 de
412 180 538 218 peccato
567 190 573 209 :
603 180 656 211 sed
679 180 794 211 dicitur
820 181 851 211 in
876 181 967 212 Psal-

200 238 252 259 mo
269 233 275 249 ¹
295 239 302 261 ε
321 229 524 270 Sacrificium
541 233 601 264 Deo
616 233 752 272 spiritus
773 234 970 266 contribula-

201 285 270 322 tus,·
284 291 336 315 cor
351 286 523 316 contritum
538 288 567 317 ec
583 285 798 324 Ιιιιηιῑίίαιιιηι,
816 290 874 317 ete.

240 337 394 368 eonii-3²:
414 341 442 368 1.
460 339 654 377 Impossibile
677 343 721 371 (sc
737 347 804 376 ιὀε,
823 341 879 379 qui
898 348 969 380 pro-

199 388 284 428 lapsi
298 392 383 427 sunt,
399 399 510 423 rursus
522 393 669 423 renovari
680 392 723 423 ud
736 393 964 431 paenitentiam.

237 443 266 472 9..
294 442 371 473 ltem
387 446 397 462 ³
415 455 422 474 :
442 446 506 483 Qui
529 445 688 483 per-versis
710 445 862 484 yrade'tui·
883 447 967 484 viis,

196 496 339 529 concidet
352 498 455 529 semel.

236 551 264 579 3.
283 549 360 580 Item
381 550 567 580 Ambrosius
584 550 659 581 dicit.
674 554 696 589 ³,
713 552 798 591 quod
814 552 906 582 unica
921 555 968 583 est

195 602 398 642 poenitentia,
415 603 495 633 sicut
510 604 642 634 unicum
658 604 823 644 baptisma.
843 605 880 635 Et
896 605 966 636 Ori-

196 665 294 695 genes
315 657 487 696 dicitquod
505 658 536 687 in
554 658 757 697 gravioribus
782 659 967 689 criminibus

193 709 290 740 semel
310 711 431 740 tantum
454 711 647 749 poenitentiae
664 711 845 741 conceditur
866 711 965 742 locus.

233 766 261 793 4.
275 762 351 793 Item
363 763 483 793 ratione
494 763 629 800 videtur,
642 764 716 803 quia
731 767 964 794 sacramentnm

192 816 383 856 poenitentiae
399 816 493 847 hahet
508 817 654 847 efflictum
671 827 689 847 a
709 817 820 847 Christi
846 818 965 857 passio-

191 878 250 907 ne,
277 871 312 899 ut
335 869 511 909 baptismus
537 881 543 901 :
572 870 627 900 sed
651 870 753 909 passio
780 870 892 901 Christi
920 873 965 901 est

191 922 301 960 unica,
320 924 351 953 et
360 922 496 962 amplius
511 932 575 954 non
592 925 693 963 potest
708 924 772 964 pati
790 935 796 954 z
815 934 892 963 ergo
907 934 964 955 nec

191 976 375 1015 poenitentia
386 976 504 1007 iterari.
521 976 558 1007 lit
573 977 633 1007 hoc
646 978 692 1007 est
703 977 785 1016 quod
797 977 872 1008 dicit
884 978 906 1007 A
913 988 964 1017 po-

190 1029 289 1060 stolus
301 1032 330 1060 ⁸:
346 1030 467 1061 Rursus
475 1031 668 1069 crucifz'yunc
682 1030 746 1061 sibi
760 1031 879 1062 Filium
896 1032 961 1062 Del.

231 1085 258 1113 5.
280 1082 356 1112 [tem
372 1083 548 1122 baptismus
558 1092 621 1113 non
632 1083 773 1122 iteratur,
788 1094 845 1114 nec
855 1085 962 1114 iterari

189 1137 307 1174 potest,
328 1144 367 1164 ne
392 1135 446 1166 fiat
470 1135 659 1166 contumelia
687 1139 905 1174 sacramento,
933 1140 963 1167 ot

189 1188 294 1218 veniat
308 1188 340 1218 in
357 1190 573 1228 contemptum
587 1199 592 1219 :
612 1198 688 1227 orgo
699 1189 766 1228 pari
777 1189 897 1219 ratione
906 1199 961 1219 net:

188 1241 381 1280 poenitentia.

461 1320 685 1352 CONCLUSH).

190 1399 361 1429 Poem'teutia,
380 1399 590 1432 quotiescumque
612 1398 686 1424 homo
708 1399 743 1424 est
763 1399 792 1424 in
817 1398 865 1425 hac
884 1400 958 1430 vitu,

220 1445 308 1479 potest
329 1445 441 1476 iterari,
469 1444 527 1470 licet
551 1446 613 1478 post
636 1443 703 1470 huuc
726 1445 811 1471 vitum
833 1446 962 1472 reiterari

223 1491 342 1523 nequeat.

229 1564 322 1605 Resp.
347 1565 386 1595 ad
407 1573 478 1604 arg.
502 1564 674 1594 Dicendum
698 1565 783 1604 quod
804 1565 959 1604 pessimus

189 1628 279 1650 error
289 1620 335 1648 est
345 1642 352 1655 ,
370 1620 400 1647 et
414 1616 666 1655 crudelissimus,
679 1618 762 1657 quod
776 1619 959 1657 poenitentia

189 1682 253 1703 non
276 1671 372 1711 possit
394 1671 515 1709 iterari,
543 1671 619 1710 quia
634 1670 750 1701 claudit
769 1671 891 1702 viscera
911 1672 959 1702 (li-

189 1725 272 1758 vinae
288 1724 528 1761 misericordias,
545 1726 576 1754 et
590 1726 665 1754 tunc
687 1733 797 1754 omnes
815 1727 956 1764 peccato-

187 1788 252 1816 res,
278 1778 328 1809 vel
352 1779 415 1808 sere
440 1787 550 1808 omnes
573 1779 703 1816 cogeret
725 1777 910 1816 desperare:
928 1780 958 1808 et

187 1833 256 1863 ideo
271 1832 440 1863 dicendum
459 1831 542 1871 quod
564 1831 669 1862 iterari
686 1833 800 1870 potest,
818 1832 956 1871 quoties-

187 1895 324 1926 cumque
340 1885 437 1915 bomo
450 1886 495 1915 est
510 1885 542 1914 in
555 1885 614 1914 hac
629 1884 711 1922 vita3
724 1884 776 1914 sed
792 1887 860 1923 post
876 1885 957 1914 hane

186 1940 285 1970 vitam
299 1948 363 1970 non
379 1941 491 1978 potest.
513 1937 551 1968 Et
566 1939 645 1969 ratio
661 1947 759 1977 quare
774 1938 957 1977 poenitentia

188 1994 284 2033 possit
298 1995 327 2024 et
343 1993 453 2023 debeat
464 1992 581 2030 iterari,
596 1994 624 2021 et
635 1991 810 2031 baptismus
823 2001 897 2028 non,
911 1994 957 2022 est

187 2046 321 2085 triplex:
339 2055 403 2076 una
416 2047 479 2081 est,
496 2045 571 2084 quia
582 2044 614 2074 in
628 2044 785 2083 baptismo
799 2044 954 2082 imprimi-

189 2101 239 2130 tur
258 2099 429 2136 character,
446 2098 501 2137 qui
524 2101 569 2128 est
591 2097 779 2134 indelebilis3
798 2097 830 2126 in
853 2098 956 2137 poeni-

187 2152 284 2184 tentia
297 2162 373 2183 non.
397 2151 541 2182 Secunda
562 2151 639 2181 ratio
655 2153 716 2189 est,
740 2151 815 2191 quia
835 2151 952 2190 baptis-

187 2215 259 2237 mus
288 2208 334 2236 est
364 2207 473 2235 contra
495 2204 643 2234 morbum
675 2214 737 2234 non
762 2204 952 2242 iterabilem,

186 2260 288 2300 qualis
303 2261 351 2290 est
365 2258 495 2289 morbus
505 2258 619 2297 peceati
637 2257 814 2296 originali53
827 2257 880 2288 sed
892 2267 955 2296 poe-

185 2312 318 2343 nitentia
340 2313 448 2342 eontra
472 2310 620 2341 morbum
644 2309 835 2347 iterabilem,
853 2310 955 2349 qualis

184 2368 230 2396 est
242 2365 374 2396 morbus
384 2364 501 2404 peccati
516 2363 645 2394 actualis
658 2374 664 2393 :
684 2363 782 2400 nndv,
801 2363 875 2402 quia
890 2372 953 2394 mc-

183 2418 287 2449 dicina
301 2418 392 2449 debet
406 2417 506 2457 aptari
522 2416 648 2453 morbo,
663 2418 762 2455 patet,
779 2418 837 2447 etc.
854 2417 953 2447 Tertia

182 2472 262 2502 ratio
273 2474 333 2508 est,
349 2471 425 2510 quia
439 2470 614 2510 baptismus
630 2469 725 2500 habet
742 2471 838 2499 totam
854 2471 953 2500 effica-

216 2554 219 2566 ¹
234 2551 299 2575 Psul.
320 2558 344 2579 1,,
362 2553 398 2574 tu.
415 2563 445 2568 -—
461 2550 470 2564 ²
491 2549 574 2579 Helm,
593 2555 628 2578 vi,
650 2550 672 2573 6.
689 2561 719 2567 -
736 2549 744 2562 ³
761 2549 842 2579 Proin,
858 2555 951 2580 xxviii,

187 2590 259 2611 l8.—
274 2588 283 2603 ³
293 2587 420 2617 Ambros¹>
431 2586 460 2609 tle
477 2585 675 2614 Pa·111·t.‚lit›.u,
689 2585 818 2615 n.xv1,al.
832 2593 857 2613 x,
870 2593 896 2609 u.
912 2587 950 2610 05.

757 113 1066 146 SEN'I'EN'I'IARUM
1088 115 1161 146 Llss.
1186 116 1235 146 lV.

1025 182 1105 212 ciam
1121 192 1139 212 a
1157 183 1317 222 passione3
1334 185 1386 216 sed
1409 187 1591 226 poenitentia
1612 197 1676 219 non
1700 190 1795 222 habet

1024 234 1196 265 efficaciam
1211 238 1334 268 tantum
1347 247 1365 268 a
1378 239 1523 278 passione
1539 240 1668 279 Christi,
1684 242 1737 273 sed
1755 242 1794 274 ab

1024 289 1096 318 actu
1112 290 1217 319 nostro
1234 299 1242 320 :
1259 292 1289 320 et
1302 290 1371 321 ideo
1386 291 1562 331 baptismus
1572 303 1635 325 non
1652 294 1793 333 iteratur,

1024 340 1106 370 sicut
1126 350 1183 372 nec
1204 343 1325 382 passim
1350 345 1535 383 poenitentia
1555 356 1631 377 vero
1652 347 1793 385 iteratur,

1023 393 1197 424 secuudum
1211 396 1295 435 quod
1311 397 1458 428 voluntas
1477 401 1583 429 nostra
1600 400 1796 430 convertitur

1022 447 1053 476 et
1076 448 1244 478 revertitur
1267 459 1273 479 :
1301 449 1372 480 iurle
1393 453 1440 481 est
1464 451 1547 491 quod
1580 452 1611 482 in
1637 452 1794 492 baptismo

1023 499 1127 529 omnis
1150 509 1243 539 poena
1263 503 1448 541 remittitur,
1466 504 1498 534 iu
1513 505 1696 544 poenitentia
1716 513 1792 536 non.

1023 551 1060 582 Et
1083 553 1108 582 si
1136 553 1311 593 baptismus
1338 556 1516 596 iteraretur,
1546 558 1675 589 daretur
1702 558 1795 589 nobis

1022 606 1141 636 occasio
1157 607 1319 647 peccandi;
1337 618 1401 640 non
1415 610 1459 641 sic
1479 612 1525 641 est
1541 611 1572 641 in
1588 611 1792 651 poenitentia,

1022 658 1098 697 quia
1112 660 1190 690 bene
1206 662 1307 700 punit.

1062 714 1073 741 l
1100 714 1130 742 et
1153 714 1181 742 2.
1208 713 1254 743 Ad
1280 714 1359 745 illud
1384 724 1464 754 ergo
1491 716 1575 755 quod
1597 717 1746 756 objicitur
1760 718 1794 748 in

1021 766 1215 796 contrarium
1235 767 1272 798 de
1289 768 1387 799 verbo
1410 768 1551 808 Apostoli
1570 780 1576 799 :
1596 770 1793 809 Impossibile

1020 822 1079 855 esc,
1097 821 1172 856 etc.;
1191 822 1291 859 potest
1317 821 1385 851 fieri
1407 822 1505 852 visin
1527 822 1586 853 hoc
1610 823 1693 863 quod
1718 823 1793 854 dicit

1020 871 1228 910 impossibile,
1245 874 1321 913 quia
1343 883 1408 904 non
1424 884 1464 905 ex
1483 875 1608 906 viribus
1626 876 1790 914 humanis;

1019 924 1070 955 vel
1081 926 1281 964 impossibile,
1294 927 1325 957 id
1336 930 1383 958 est
1393 928 1519 959 difficile
1534 937 1541 959 :
1554 929 1696 969 loquitur
1706 930 1792 961 enim

1019 977 1056 1008 de
1087 979 1289 1018 imperfectis,
1320 981 1376 1020 qui
1407 981 1574 1013 difficulter
1602 985 1788 1022 resurgunt.

1019 1030 1072 1061 Vel
1094 1034 1129 1061 ut
1150 1033 1204 1063 fiat
1225 1034 1272 1064 vis
1288 1035 1318 1064 in
1333 1035 1535 1073 peonitentia,
1553 1036 1627 1075 quia
1651 1035 1792 1076 loquitur

1018 1083 1055 1114 (le
1068 1086 1270 1116 renovatione
1280 1110 1287 1123 ,
1305 1096 1377 1126 quae
1389 1089 1434 1117 ost
1449 1087 1481 1117 in
1497 1088 1681 1127 poenitentia
1694 1097 1791 1128 quam

1017 1139 1161 1178 sequitur
1186 1140 1362 1180 baptismus
1391 1151 1397 1171 :
1422 1141 1491 1171 haic
1523 1142 1609 1172 enim
1639 1142 1790 1173 virtutem

1018 1193 1115 1221 totam
1135 1192 1229 1222 habet
1252 1193 1292 1223 ab
1312 1194 1415 1224 hostia
1434 1194 1604 1233 passionis,
1621 1197 1651 1225 et
1674 1194 1712 1226 de
1733 1194 1791 1225 hac

1017 1243 1090 1273 (licit
1110 1244 1279 1283 Apostolus
1295 1249 1304 1263 ἀ
1326 1256 1332 1275 :
1356 1245 1427 1278 Non
1452 1247 1658 1286 relinquitur,
1685 1247 1788 1280 hostia

1014 1304 1072 1335 pro
1088 1301 1225 1335 peccato.

1058 1351 1076 1380 3
1091 1352 1121 1379 et
1134 1352 1164 1379 4.
1184 1350 1232 1380 Ad
1244 1350 1322 1381 illud
1337 1351 1496 1382 Ambrosii
1512 1353 1542 1381 et
1565 1351 1725 1391 OrIgenis‚
1740 1352 1787 1384 di-

1017 1404 1153 1434 cendum
1176 1405 1260 1444 quod
1286 1405 1421 1444 intelligi
1436 1405 1529 1436 debet
1552 1406 1590 1436 de
1604 1406 1789 1445 poenitentia

1015 1457 1164 1496 solemni;
1183 1460 1213 1488 et
1234 1458 1294 1488 hoc
1318 1459 1493 1489 secundum
1518 1468 1640 1489 morem
1664 1459 1786 1500 aliqua-

1015 1519 1087 1541 rum
1102 1511 1304 1542 ecclesiarum
1315 1536 1322 1549 ‚
1339 1512 1420 1542 sicut
1435 1514 1518 1551 patet
1533 1513 1567 1542 in
1582 1512 1696 1543 littera.

1055 1566 1083 1594 5.
1107 1564 1154 1594 Ad
1176 1564 1254 1595 illud
1277 1565 1361 1604 quod
1383 1565 1531 1603 objicitur
1555 1565 1592 1595 de
1613 1565 1786 1605 baptismo,

1014 1620 1045 1646 et
1068 1618 1261 1647 contumelia
1288 1617 1492 1655 sacramenti,
1518 1620 1603 1657 patet
1625 1619 1787 1658 responsio

1014 1678 1054 1699 cx
1075 1669 1247 1708 praedictis,
1264 1670 1348 1709 quod
1365 1679 1427 1699 non
1444 1672 1491 1700 est
1513 1670 1628 1701 simile.
1645 1670 1702 1701 Hic
1722 1679 1786 1702 non

1014 1722 1049 1752 fit
1064 1722 1255 1753 contumelia
1271 1725 1481 1759 sacramento,
1504 1723 1580 1762 quia
1599 1723 1643 1753 sic
1658 1723 1785 1755 institu-

1014 1778 1083 1805 tum
1096 1777 1159 1813 est,
1181 1778 1211 1805 et
1226 1775 1398 1806 efficaciam
1423 1775 1536 1813 habet;
1553 1776 1607 1807 sed
1626 1777 1786 1808 secundus

1014 1829 1062 1859 vel
1079 1829 1208 1860 iteratus
1225 1829 1401 1868 baptismus
1415 1828 1536 1859 nullius
1557 1831 1604 1859 est
1626 1829 1783 1861 efficaciae.

1013 1882 1081 1913 Non
1096 1884 1131 1913 tit
1145 1883 1240 1913 etiam
1255 1881 1446 1913 contumelia
1461 1882 1612 1921 passioni,
1632 1883 1707 1923 quia
1721 1892 1786 1914 non

1013 1936 1057 1966 sic
1083 1938 1181 1966 totam
1202 1938 1234 1966 et
1254 1935 1380 1975 plenam
1404 1936 1576 1966 efficaciam
1600 1945 1618 1967 a
1641 1937 1785 1976 passione

1013 1988 1141 2028 recipit,
1163 1991 1197 2019 ut
1219 1989 1411 2028 baptismus,
1429 1988 1509 2018 sicut
1531 1989 1563 2018 in
1580 1989 1784 2028 praecedenti-

1013 2042 1073 2071 bus
1085 2042 1094 2058 ⁰
1112 2041 1216 2072 visum
1239 2044 1303 2079 est,
1321 2044 1351 2071 et
1376 2041 1457 2072 infra
1474 2041 1512 2071 de
1536 2042 1719 2081 poeuitentia
1735 2043 1782 2072 vi-

1012 2094 1146 2125 debitur.

1271 2159 1448 2196 QUAESTlO
1472 2160 1524 2191 lll.

1048 2239 1092 2264 Λη
1107 2245 1186 2271 naeus
1198 2239 1382 2272 poeniteutz'um
1394 2246 1472 2272 super
1486 2238 1605 2272 culpam,
1624 2238 1745 2265 iuveniat

1327 2284 1435 2308 ‘rem'am
1445 2286 1465 2309 ⁷.

1053 2358 1164 2389 Utrum
1193 2359 1296 2388 omnis
1320 2367 1421 2397 agens
1444 2358 1661 2398 poenitentiam
1684 2368 1778 2399 super

1011 2412 1153 2451 culpam,
1177 2411 1317 2442 inveniat
1332 2412 1475 2449 veniam,
1498 2411 1593 2441 etiam
1608 2414 1780 2451 quantum-

1009 2491 1040 2496 -—
1053 2479 1062 2495 '⁴
1076 2478 1160 2508 Helua,
1172 2485 1207 2509 vi,
1220 2479 1243 2502 6.
1254 2491 1284 2496 —
1298 2479 1308 2495 ⁵
1317 2479 1403 2509 Heba,
1415 2486 1437 2507 x,
1456 2481 1493 2502 iti.
1506 2492 1537 2496 —
1549 2479 1558 2492 ὖ
1569 2478 1632 2502 Dist.
1647 2483 1682 2508 vl,
1693 2479 1740 2502 art.
1757 2480 1778 2507 t,

1009 2521 1034 2545 q.
1048 2520 1083 2538 v1.
1095 2527 1124 2532 —
1139 2514 1148 2530 ⁷
1165 2514 1205 2544 Cf.
1224 2514 1292 2538 Alex.
1310 2515 1405 2543 AleuS.,
1421 2521 1448 2545 p.
1465 2514 1506 2543 lv,
1523 2521 1547 2545 q.
1564 2519 1618 2542 xrv,
1633 2512 1740 2537 membr.
1754 2513 1778 2543 5,

1009 2551 1056 2573 nrt.
1087 2550 1114 2579 3;
1140 2550 1166 2575 S.
1193 2549 1295 2580 Thom.,
1317 2557 1342 2580 p.
1369 2550 1415 2580 lll,
1441 2557 1466 2580 q.
1491 2554 1602 2577 Luxu,
1625 2549 1671 2572 art.
1700 2549 1730 2578 l;
1754 2550 1778 2572 et

1010 2585 1040 2609 lV
1058 2585 1134 2613 Sem„
1156 2584 1213 2608 dist.
1230 2591 1290 2614 x1v,
1309 2592 1333 2615 q.
1353 2591 1385 2615 11,
1405 2587 1450 2609 art.
1470 2587 1496 2615 t,
1513 2591 1538 2613 q.
1559 2590 1583 2614 ¹;
1598 2585 1621 2607 et
1641 2582 1672 2606 lv
1691 2584 1778 2607 contra
