2017 2948
115 835 182 848 nmnm

116 952 150 971 11111

154 958 184 971 tus

219 196 256 225 28
771 187 1079 219 SENTENTIARUM
1103 186 1175 218 LlB.
1199 187 1252 217 lll.

221 271 297 303 ergo
311 260 408 302 digne
418 260 520 302 potest
535 257 644 300 eloqui
660 260 820 300 quantum
836 255 951 297 diligat
965 254 1111 286 membra
1125 253 1294 296 [nigeniti
1309 254 1373 295 sui,
1388 258 1418 286 et
1432 259 1556 298 quanto
1571 255 1713 298 amplius
1727 254 1808 290 Uni-

221 318 368 360 genitum
383 316 513 359 ipsum‘?
529 314 574 346 De
588 314 657 358 ipso
679 314 775 346 etiam
791 313 915 345 dictum
935 316 980 344 est
996 312 1002 327 ¹
1021 324 1028 343 :
1055 311 1150 345 Nihil
1162 311 1263 344 odisti
1283 323 1406 351 eorum,
1427 323 1498 356 quae
1513 313 1666 357 fecisti.»
1685 312 1735 346 Ex
1758 313 1810 346 his

221 373 408 418 percipitur,
426 372 512 416 quod
528 371 615 403 Deus
639 382 750 403 omues
773 374 938 402 creaturas
963 380 1037 401 suus
1055 368 1182 411 diligat,
1208 369 1286 412 quia
1311 369 1466 413 scriptum
1489 373 1537 402 est
1561 382 1568 402 :
1591 370 1688 404 Nihil
1709 369 1810 404 odisti

222 442 344 470 eorum,
364 442 435 475 quoe
446 429 568 473 fecisti.
586 429 625 461 Et
642 429 717 461 item
732 429 742 444 ²
758 441 767 460 :
793 427 880 460 Vidit
895 429 980 459 Deus
995 432 1113 458 cuncta
1129 437 1200 470 quoe
1216 427 1356 470 fecerat,
1374 433 1403 459 et
1419 433 1514 459 erant
1535 426 1630 460 valde
1653 428 1747 461 bona.
1773 427 1811 461 Si

221 489 343 529 omnia,
364 498 438 532 quae
454 487 539 527 fecit,
555 487 639 519 bona
654 490 741 525 suut,
760 490 791 518 et
805 496 901 517 omne
916 485 1040 517 bonum
1055 484 1176 527 diligit,
1194 484 1305 516 omnia
1327 495 1404 525 ergo
1428 484 1549 527 diligit,
1565 495 1639 529 quae
1662 485 1737 518 fecit
1754 497 1760 517 :
1779 489 1811 518 et

220 546 355 578 interea
371 545 474 587 magis
489 544 595 585 diligit
613 543 786 576 rationales
801 546 976 580 creaturas,
1002 544 1032 573 et
1056 540 1096 573 de
1119 540 1184 573 illis
1207 552 1260 573 eas
1285 541 1437 586 amplius,
1463 553 1538 586 quae
1562 546 1640 575 sunt
1665 542 1811 575 membra

218 603 385 646 Unigeniti
402 603 466 642 sui,
481 607 512 634 et
529 602 631 634 multo
646 601 748 643 magis
763 601 869 644 ipsum
885 599 1117 641 Unigenitum.

261 661 344 693 Cum
359 664 468 692 autem
481 659 609 691 dilectio
624 658 682 690 Dei
697 657 914 690 immutabilis
923 657 975 697 sit,
994 660 1025 688 ot
1039 655 1111 689 ideo
1127 667 1193 688 non
1208 655 1389 689 intenditur
1405 657 1454 689 vel
1471 657 1664 701 remittitur;
1682 659 1709 691 si
1724 669 1812 703 quae-

167 717 188 755 »ζ
218 718 301 750 ritur
313 728 385 762 quae
400 717 440 749 sit
455 717 538 749 ratio
554 716 644 756 dieti,
661 726 735 747 cun]
752 714 872 747 dicitur
888 714 990 756 magis
1005 713 1056 746 vel
1073 713 1182 745 minus
1206 713 1343 755 diligere
1364 713 1425 745 hoc
1448 725 1549 758 quam
1571 714 1668 756 illud,
1684 719 1811 748 etcum

218 775 337 807 dicitur
353 775 439 807 Deus
450 774 559 807 omnia
576 774 724 815 diligere,
741 772 879 804 dicimus
894 771 1101 804 dilectionem
1121 770 1180 802 Dei
1195 796 1203 811 ,
1225 771 1306 802 sicut
1332 781 1455 814 pacem,
1478 782 1657 815 exuperare
1678 783 1810 806 omnem

157 865 192 878 w
216 843 347 864 sensum
377 832 574 872 humanum,
594 836 630 863 ut
651 830 691 863 ad
709 834 803 862 tantae
827 829 1010 862 altitudinis
1030 828 1282 871 intelligentiam
1298 829 1353 860 vix
1375 828 1583 873 aliquatenus
1607 831 1728 875 aspiret
1750 830 1813 864 hu-

217 900 334 921 manus
349 900 473 921 sensus.
492 888 603 921 Potest
619 892 727 920 tamen
742 887 895 929 intelligi,
915 898 951 919 ea
965 887 1089 919 ratione
1104 886 1167 919 dici
1182 886 1293 918 omnia
1307 886 1400 929 diligi
1416 898 1434 918 a
1449 886 1516 920 Deo
1530 898 1606 932 quae
1624 888 1711 930 fecit,
1729 888 1810 933 quia

217 947 328 979 omnia
343 947 473 990 placent
489 946 517 978 ei
534 952 564 978 et
578 946 687 978 onmia
707 945 876 989 approbat,
893 945 927 977 111
943 948 1104 988 quantum
1121 955 1218 988 opera
1233 944 1304 987 ejus
1326 947 1414 984 sunt,
1436 955 1494 976 nec
1519 948 1612 986 tunc,
1629 945 1681 978 vel
1706 946 1811 990 prius,

170 990 193 1031 νῘ
219 1004 271 1037 vel
300 1004 441 1048 amplius
471 1004 665 1047 placuerunt
690 1003 718 1034 ei
741 1014 815 1034 cum
840 1003 921 1034 sacta
944 1006 1033 1043 sunt,
1058 1013 1157 1046 quam
1182 1005 1358 1045 antequam
1382 1000 1510 1043 fierent,
1534 1003 1600 1035 imo
1625 1003 1666 1036 ab
1691 1007 1813 1037 aeterno

217 1062 331 1094 omnia
346 1062 540 1106 placuerunt
555 1062 581 1093 ei
600 1072 663 1093 uon
680 1061 801 1101 minus,
822 1072 920 1103 quam
936 1064 1106 1104 postquam
1128 1070 1194 1092 esse
1217 1063 1398 1103 cceperunt.
1424 1059 1519 1099 Quod
1538 1071 1616 1093 vero
1639 1061 1814 1094 rationales

215 1123 392 1160 creaturas,
411 1119 443 1152 id
460 1122 519 1160 est,
531 1118 680 1151 homines
694 1118 746 1151 vel
762 1117 906 1160 angelos,
917 1117 997 1150 alios
1013 1117 1128 1160 magis,
1145 1117 1226 1149 alios
1241 1117 1350 1149 minus
1365 1117 1500 1159 diligere
1516 1117 1647 1161 dicitur,
1661 1129 1728 1152 non
1741 1129 1814 1152 mu-

217 1177 412 1209 tabilitatem
429 1176 593 1209 charitalis
608 1176 677 1219 ejus
692 1175 866 1218 signifieat,
884 1175 937 1207 sed
953 1175 1040 1218 quod
1057 1175 1136 1207 alios
1152 1175 1190 1206 ad
1208 1174 1332 1218 majora
1347 1174 1444 1216 bona,
1462 1174 1542 1207 alios
1557 1175 1597 1208 ad
1621 1175 1751 1209 minora
1763 1175 1814 1208 di-

216 1234 306 1275 lexit,
326 1234 409 1267 alios
423 1234 461 1267 ad
479 1234 629 1266 meliores
644 1245 734 1273 usus,
751 1233 832 1265 alios
847 1232 885 1264 ad
903 1233 1012 1264 minus
1025 1232 1138 1264 bonos.
1158 1231 1277 1264 Omnia
1294 1232 1382 1264 enim
1398 1232 1484 1264 bona
1499 1236 1610 1266 nostra
1624 1243 1665 1266 ex
1679 1233 1750 1277 ejus
1763 1232 1814 1265 di-

216 1291 354 1324 lectione
366 1291 460 1323 nobis
476 1291 673 1335 proveniunt
688 1294 709 1322 ³.
728 1290 915 1323 Electorum
931 1301 1008 1332 ergo
1031 1289 1111 1322 alios
1128 1290 1243 1332 magis,
1261 1289 1341 1321 alios
1356 1289 1465 1322 minus
1479 1289 1592 1323 dilexit
1613 1290 1654 1324 ab
1677 1294 1812 1332 aeterno,

216 1353 247 1381 et
262 1349 371 1391 diligit
386 1349 482 1381 etiam
499 1359 599 1389 nuuc,
616 1348 693 1392 quia
708 1348 780 1379 aliis
797 1347 1010 1391 1naj0ra‚aliis
1026 1348 1165 1388 minora,
1182 1359 1220 1379 ex
1235 1346 1407 1380 dilectione
1423 1358 1482 1380 sua
1498 1348 1694 1392 praeparavit
1708 1348 1806 1389 bona,

215 1406 354 1450 aliisque
373 1406 507 1450 majora,
527 1410 558 1438 et
571 1405 643 1438 aliis
658 1405 785 1437 minora
800 1405 885 1437 bona
899 1405 1023 1437 confert
1041 1416 1080 1437 ex
1093 1409 1249 1448 tempore.
1266 1404 1361 1437 Unde
1377 1404 1481 1448 magis
1495 1405 1547 1438 vel
1564 1405 1674 1438 minus
1689 1404 1812 1439 dicitur

215 1463 273 1496 hos
288 1464 340 1495 vel
353 1463 427 1495 illos
440 1463 585 1506 diligere.

269 1520 500 1553 Consideratur
515 1520 601 1552 enim
617 1519 746 1553 duobus
760 1519 864 1552 modis
879 1520 1007 1552 dilectio
1023 1520 1081 1552 Dei
1099 1532 1105 1552 :
1123 1519 1302 1553 secundum
1317 1520 1500 1560 essentiam,
1516 1524 1548 1553 et
1566 1520 1748 1554 secundum
1768 1519 1816 1553 ef-

217 1579 409 1611 ficientiam.
427 1578 499 1611 Non
514 1578 627 1622 recipit
643 1578 745 1620 magis
760 1578 811 1610 vel
826 1578 936 1611 minus
953 1578 1133 1610 secundum
1149 1577 1333 1620 essentiam,
1355 1577 1409 1610 sed
1426 1582 1555 1610 tantum
1570 1577 1753 1611 secundum
1768 1577 1814 1611 ef-

183 1652 187 1664 =
219 1636 411 1677 ficientiam,
429 1640 465 1668 ut
480 1635 582 1678 magis
597 1635 705 1667 dilecti
721 1635 882 1676 dicantur,
900 1636 1020 1680 quibus
1036 1647 1075 1668 ex
1089 1635 1261 1667 dilectione
1275 1634 1315 1667 ab
1331 1638 1451 1668 aeterno
1466 1635 1572 1679 majus
1587 1635 1712 1668 bonum
1730 1645 1815 1679 prae·

165 1688 202 1726 ,ψ’
218 1694 356 1738 paravit,
373 1697 403 1725 et
419 1694 453 1725 in
471 1697 611 1736 tempore
635 1692 769 1733 tribuit3
794 1698 824 1725 et
850 1694 959 1726 minus
983 1693 1104 1733 dilecti,
1128 1692 1250 1737 quihus
1269 1703 1336 1724 non
1363 1696 1504 1725 tantum.
1530 1692 1609 1725 Inde
1633 1692 1731 1725 etiam
1753 1696 1812 1733 est,

218 1752 307 1796 quod
324 1751 440 1795 aliqui,
458 1750 590 1794 quando
608 1754 846 1783 convertuntur
860 1755 890 1783 et
902 1751 1139 1795 justificantur,
1156 1750 1312 1783 dicuntur
1335 1754 1414 1782 tunc
1428 1750 1569 1794 incipere
1584 1749 1679 1793 diligi
1699 1761 1718 1782 a
1732 1749 1812 1792 Deo,

217 1820 283 1841 non
298 1808 384 1852 quod
404 1808 489 1840 Deus
505 1819 590 1840 nova
614 1808 785 1840 dilectione
810 1820 1009 1852 quemquam
1035 1808 1134 1852 possit
1156 1808 1304 1849 diligere,
1338 1807 1404 1839 imo
1429 1807 1624 1852 sempiterna
1641 1807 1814 1840 dilectione

216 1866 330 1899 dilexit
348 1872 426 1898 ante
442 1865 559 1897 mwnle'
575 1866 838 1898 constitutionem
855 1866 865 1881 ‘⁸
880 1877 1105 1910 quoscumque
1119 1866 1239 1908 diligit.
1259 1864 1323 1898 Sed
1339 1868 1417 1897 tunc
1433 1865 1589 1897 dicuntur
1603 1864 1747 1909 incipere
1762 1863 1812 1897 di-

216 1924 275 1966 ligi
292 1924 331 1956 ab
348 1934 398 1964 eo,
416 1934 489 1955 cum
506 1927 633 1956 oeternee
652 1924 707 1955 Dei
722 1924 903 1956 dilectionis
915 1924 1099 1956 sortiuntur
1114 1923 1279 1964 effectum,
1292 1922 1411 1955 scilicet
1427 1922 1579 1965 gratiam,
1592 1921 1645 1955 vel
1660 1921 1811 1965 gloriam.

220 1981 314 2014 Unde
330 1981 536 2023 Augustinus
554 1986 564 2002 ⁸
583 1992 589 2011 τ
609 1995 625 2012 «
643 1982 736 2014 Absit
753 1987 789 2014 ut
804 1982 891 2014 Deus
907 1981 1127 2026 temporaliter
1143 1981 1286 2025 aliquem
1295 1979 1411 2023 diligat
1424 1979 1517 2024 quasi
1532 1990 1618 2012 nova
1631 1978 1815 2021 dilectione,

218 2049 289 2082 qua}
305 2038 339 2070 in
352 2038 420 2081 ipso
436 2042 510 2070 ante
527 2049 592 2071 non
604 2043 684 2079 erat,
694 2039 780 2082 apud
797 2050 895 2083 quem
907 2051 966 2071 nec
981 2039 1144 2083 praeterita
1155 2038 1368 2079 transierunt,
1381 2041 1412 2070 et
1425 2037 1538 2070 futura
1549 2037 1618 2081 jam
1630 2036 1713 2069 facta
1725 2040 1812 2069 sunt.

216 2095 329 2139 Itaque
344 2106 455 2127 omnes
470 2100 594 2128 sanctos
609 2107 684 2128 suos
701 2100 774 2128 ante
790 2097 904 2129 mundi
926 2096 1190 2129 constitutionem
1212 2095 1338 2134 dilexit,
1364 2094 1447 2127 sicut
1471 2093 1725 2138 praedestinavit.
1751 2093 1813 2127 Sed

221 2164 295 2185 cum
311 2157 548 2185 convertuntur
564 2157 593 2184 et
609 2153 783 2185 inveniunt
802 2154 909 2194 illum,
935 2158 1012 2186 tunc
1028 2153 1167 2197 incipere
1191 2152 1232 2185 ab
1253 2163 1290 2184 eo
1305 2151 1399 2194 diligi
1418 2151 1585 2192 dicuntur,
1602 2155 1639 2183 ut
1661 2161 1699 2183 eo
1719 2151 1815 2184 modo

219 2210 359 2251 dicatur,
375 2221 440 2253 quo
456 2214 560 2253 potest
575 2210 719 2243 humano
734 2211 851 2243 affectu
867 2211 936 2255 capi
952 2211 1039 2255 quod
1055 2211 1185 2243 dicitur.
1201 2209 1253 2242 Sic
1265 2209 1362 2241 etiam
1376 2219 1449 2240 cum
1463 2208 1565 2240 iratus
1576 2208 1671 2240 malis
1680 2207 1812 2250 dicitur,

220 2271 251 2299 et
265 2266 411 2311 placidus
425 2267 532 2307 bonis,
552 2267 598 2299 illi
616 2272 797 2309 mutantur,
814 2273 844 2301 et
860 2280 925 2301 uon
948 2269 1014 2313 ipse
1033 2281 1039 2300 :
1057 2272 1093 2301 ut
1107 2268 1166 2300 lux
1184 2266 1325 2299 infirmis
1341 2266 1444 2298 oculis
1459 2276 1583 2309 aspera,
1600 2265 1705 2299 firmis
1730 2266 1815 2299 lenis

219 2330 277 2365 est,
294 2324 441 2368 ipsorum
457 2324 577 2356 scilicet
593 2326 784 2366 mutatione,
802 2337 867 2358 uon
883 2338 953 2358 sua.
972 2339 987 2356 »
1005 2326 1074 2359 Itass
1094 2339 1109 2356 a
1124 2336 1197 2358 cum
1214 2323 1333 2368 aliquis
1348 2334 1404 2367 per
1415 2322 1684 2367 justificationem
1700 2322 1815 2367 incipit

220 2392 286 2414 esse
303 2381 426 2413 amicus
439 2381 511 2422 Dei,
528 2381 596 2425 ipse
613 2386 771 2423 mutatur,
789 2394 855 2415 non
870 2383 967 2416 Deus.
985 2396 1002 2414 »

267 2438 302 2470 Si
317 2449 393 2470 vero
408 2438 570 2483 quaeritur
585 2438 624 2470 de
640 2439 762 2483 aliquo,
781 2445 893 2472 utrum
925 2441 1027 2483 magis
1041 2440 1198 2483 diligatur
1223 2450 1240 2471 a
1264 2439 1329 2471 Deo
1351 2449 1416 2471 uno
1439 2441 1595 2481 tempore,
1619 2447 1719 2482 quam
1733 2436 1811 2479 alio,

162 2511 187 2523 1111
224 2495 454 2538 distinguenda
468 2499 515 2528 est
529 2495 709 2528 dilectionis
725 2497 953 2539 intelligentia.
972 2498 1006 2530 Si
1024 2498 1112 2530 enim
1128 2497 1288 2529 referatur
1302 2495 1342 2528 ad
1359 2495 1540 2528 dilectionis
1555 2495 1720 2536 effectum,
1736 2505 1814 2527 con-

221 2553 367 2585 cessibile
382 2557 448 2592 est;
469 2552 496 2585 si
512 2564 589 2586 vero
604 2553 643 2585 ad
659 2553 840 2587 dilectionis
853 2556 1040 2597 essentiam,
1056 2554 1233 2588 inficiabile
1248 2558 1307 2587 est.

254 2625 260 2639 ¹
277 2626 346 2655 sap,
357 2630 392 2654 111,
408 2626 445 2648 25.
459 2638 484 2641 —
495 2626 506 2642 ¹
517 2625 587 2655 Gen„
604 2631 621 2655 1,
634 2626 704 2649 31.—
715 2625 724 2640 ³
737 2626 800 2657 lata,
817 2632 833 2656 1,
847 2628 915 2650 l'l.—
925 2627 934 2643 ⁸
945 2627 1044 2657 Ephes„
1058 2633 1074 2656 1,
1087 2628 1142 2651 4.--
1152 2626 1161 2643 ⁶
1177 2626 1250 2655 Aug„
1265 2624 1294 2647 de
1311 2624 1409 2653 trinit„
1422 2623 1466 2646 lib.
1478 2623 1508 2652 Υ,
1524 2630 1545 2646 e.
1558 2627 1611 2652 Χνῐ,
1626 2629 1652 2646 11.
1670 2623 1703 2646 17.
1716 2622 1741 2646 in
1752 2622 1810 2648 flue.

222 2661 232 2678 ⁶
244 2661 318 2692 leid„
334 2662 408 2693 paulo
423 2662 547 2694 superius.
